{
    "summary": {
        "stock_name": "漢微科",
        "stock_id": "3658",
        "category": "半導體",
        "main_business": "機械設備及電子零組件製造業<BR>產品設計業<BR>研究開發設計及銷售電子束晶圓檢測設備",
        "website_url": "",
        "ceo": "潘中石",
        "pe_ratio": 64,
        "report_year_from": 2008,
        "report_year_to": 2017,
        "age": 16,
        "eps_negative_percentage": 0,
        "eps_growth_avg": {
            "last_all": 13.59,
            "last_2y": -20.44,
            "last_4y": 13.59,
            "last_8y": null,
            "last_12y": null,
            "last_16y": null,
            "last_20y": null,
            "at_2006_last_3y": null,
            "at_2007_last_3y": null,
            "at_2008_last_3y": null,
            "at_2009_last_3y": null,
            "at_2010_last_3y": null,
            "at_2011_last_3y": null,
            "at_2012_last_3y": null,
            "at_2013_last_3y": null,
            "at_2014_last_3y": null,
            "at_2015_last_3y": 33.04,
            "at_2016_last_3y": -3.17,
            "at_2017_last_3y": -3.17,
            "at_2018_last_3y": -3.17,
            "at_2019_last_3y": -3.17,
            "at_2020_last_3y": -3.17,
            "at_2021_last_3y": -3.17,
            "at_2022_last_3y": -3.17,
            "at_2023_last_3y": -3.17,
            "at_2024_last_3y": -3.17,
            "at_2006_last_all": null,
            "at_2007_last_all": null,
            "at_2008_last_all": null,
            "at_2009_last_all": null,
            "at_2010_last_all": null,
            "at_2011_last_all": null,
            "at_2012_last_all": null,
            "at_2013_last_all": 64.64,
            "at_2014_last_all": 53.48,
            "at_2015_last_all": 33.04,
            "at_2016_last_all": 13.59,
            "at_2017_last_all": 13.59,
            "at_2018_last_all": 13.59,
            "at_2019_last_all": 13.59,
            "at_2020_last_all": 13.59,
            "at_2021_last_all": 13.59,
            "at_2022_last_all": 13.59,
            "at_2023_last_all": 13.59,
            "at_2024_last_all": 13.59
        },
        "latest_eps": 21.91,
        "latest_price": 1400,
        "latest_roe": 12.8,
        "latest_gross_margin": 70.23,
        "latest_equity": 12381259,
        "latest_revenue": 953120,
        "latest_gross_profit": 669353,
        "latest_net_income": 31714,
        "latest_debt_ratio": 22.84,
        "latest_current_ratio": 422.24,
        "latest_account_receivable_turnover_ratio": 0.43,
        "latest_inventory_turnover_ratio": 0.12,
        "latest_reinvestment_rate": 3.8,
        "latest_research_to_sale_ratio": 21.66
    },
    "eps_dividends": {
        "2001": {
            "cash": 0,
            "stock": 0,
            "eps": 0
        },
        "2002": {
            "cash": 0,
            "stock": 0,
            "eps": 0
        },
        "2003": {
            "cash": 0,
            "stock": 0,
            "eps": 0
        },
        "2004": {
            "cash": 0,
            "stock": 0,
            "eps": 0
        },
        "2005": {
            "cash": 0,
            "stock": 0,
            "eps": 0
        },
        "2006": {
            "cash": 0,
            "stock": 0,
            "eps": 0
        },
        "2007": {
            "cash": 0,
            "stock": 0,
            "eps": 0
        },
        "2008": {
            "cash": 0,
            "stock": 0,
            "eps": 0
        },
        "2009": {
            "cash": 0,
            "stock": 0,
            "eps": 0
        },
        "2010": {
            "cash": 0,
            "stock": 0,
            "eps": 0
        },
        "2011": {
            "cash": 0,
            "stock": 0,
            "eps": 12.95
        },
        "2012": {
            "cash": 0,
            "stock": 0,
            "eps": 23.39
        },
        "2013": {
            "cash": 0,
            "stock": 0,
            "eps": 34.77
        },
        "2014": {
            "cash": 0,
            "stock": 0,
            "eps": 45.61
        },
        "2015": {
            "cash": 0,
            "stock": 0,
            "eps": 32.7
        },
        "2016": {
            "cash": 0,
            "stock": 0,
            "eps": 11.71
        }
    },
    "dividends": [],
    "prices": {
        "200101": "無",
        "200102": "無",
        "200103": "無",
        "200104": "無",
        "200105": "無",
        "200106": "無",
        "200107": "無",
        "200108": "無",
        "200109": "無",
        "200110": "無",
        "200111": "無",
        "200112": "無",
        "200201": "無",
        "200202": "無",
        "200203": "無",
        "200204": "無",
        "200205": "無",
        "200206": "無",
        "200207": "無",
        "200208": "無",
        "200209": "無",
        "200210": "無",
        "200211": "無",
        "200212": "無",
        "200301": "無",
        "200302": "無",
        "200303": "無",
        "200304": "無",
        "200305": "無",
        "200306": "無",
        "200307": "無",
        "200308": "無",
        "200309": "無",
        "200310": "無",
        "200311": "無",
        "200312": "無",
        "200401": "無",
        "200402": "無",
        "200403": "無",
        "200404": "無",
        "200405": "無",
        "200406": "無",
        "200407": "無",
        "200408": "無",
        "200409": "無",
        "200410": "無",
        "200411": "無",
        "200412": "無",
        "200501": "無",
        "200502": "無",
        "200503": "無",
        "200504": "無",
        "200505": "無",
        "200506": "無",
        "200507": "無",
        "200508": "無",
        "200509": "無",
        "200510": "無",
        "200511": "無",
        "200512": "無",
        "200601": "無",
        "200602": "無",
        "200603": "無",
        "200604": "無",
        "200605": "無",
        "200606": "無",
        "200607": "無",
        "200608": "無",
        "200609": "無",
        "200610": "無",
        "200611": "無",
        "200612": "無",
        "200701": "無",
        "200702": "無",
        "200703": "無",
        "200704": "無",
        "200705": "無",
        "200706": "無",
        "200707": "無",
        "200708": "無",
        "200709": "無",
        "200710": "無",
        "200711": "無",
        "200712": "無",
        "200801": "無",
        "200802": "無",
        "200803": "無",
        "200804": "無",
        "200805": "無",
        "200806": "無",
        "200807": "無",
        "200808": "無",
        "200809": "無",
        "200810": "無",
        "200811": "無",
        "200812": "無",
        "200901": "無",
        "200902": "無",
        "200903": "無",
        "200904": "無",
        "200905": "無",
        "200906": "無",
        "200907": "無",
        "200908": "無",
        "200909": "無",
        "200910": "無",
        "200911": "無",
        "200912": "無",
        "201001": "無",
        "201002": "無",
        "201003": "無",
        "201004": "無",
        "201005": "無",
        "201006": "無",
        "201007": "無",
        "201008": "無",
        "201009": "無",
        "201010": "無",
        "201011": "無",
        "201012": "無",
        "201101": "無",
        "201102": "無",
        "201103": "無",
        "201104": "64.13",
        "201105": "69.65",
        "201106": "73.42",
        "201107": "79.17",
        "201108": "80.96",
        "201109": "81.60",
        "201110": "82.57",
        "201111": "120.87",
        "201112": "133.28",
        "201201": "145.84",
        "201202": "192.81",
        "201203": "272.52",
        "201204": "288.40",
        "201205": "354.61",
        "201206": "330.02",
        "201207": "344.20",
        "201208": "387.80",
        "201209": "416.02",
        "201210": "465.73",
        "201211": "557.23",
        "201212": "531.33",
        "201301": "546.27",
        "201302": "601.85",
        "201303": "706.19",
        "201304": "775.45",
        "201305": "913.27",
        "201306": "935.05",
        "201307": "901.96",
        "201308": "885.52",
        "201309": "826.60",
        "201310": "961.55",
        "201311": "915.76",
        "201312": "939.41",
        "201401": "928.06",
        "201402": "999.35",
        "201403": "1212.62",
        "201404": "1349.76",
        "201405": "1247.38",
        "201406": "1185.00",
        "201407": "1187.95",
        "201408": "1253.10",
        "201409": "1275.95",
        "201410": "1350.45",
        "201411": "1513.75",
        "201412": "1523.33",
        "201501": "1486.25",
        "201502": "1522.69",
        "201503": "1771.36",
        "201504": "1951.25",
        "201505": "2274.00",
        "201506": "2188.81",
        "201507": "1806.59",
        "201508": "1237.38",
        "201509": "1233.50",
        "201510": "1230.95",
        "201511": "1297.62",
        "201512": "1160.22",
        "201601": "901.48",
        "201602": "826.69",
        "201603": "919.78",
        "201604": "871.32",
        "201605": "1022.19",
        "201606": "1251.43",
        "201607": "1304.50",
        "201608": "1357.17",
        "201609": "1357.63",
        "201610": "1386.25",
        "201611": "1397.73",
        "201612": "無",
        "201701": "無",
        "201702": "無",
        "201703": "無",
        "201704": "無",
        "201705": "無",
        "201706": "無",
        "201707": "無",
        "201708": "無",
        "201709": "無",
        "201710": "無",
        "201711": "無",
        "201712": "無",
        "201801": "無",
        "201802": "無",
        "201803": "無",
        "201804": "無",
        "201805": "無",
        "201806": "無",
        "201807": "無",
        "201808": "無",
        "201809": "無",
        "201810": "無",
        "201811": "無",
        "201812": "無",
        "201901": "無",
        "201902": "無",
        "201903": "無",
        "201904": "無",
        "201905": "無",
        "201906": "無",
        "201907": "無",
        "201908": "無",
        "201909": "無",
        "201910": "無",
        "201911": "無",
        "201912": "無",
        "202001": "無",
        "202002": "無",
        "202003": "無",
        "202004": "無",
        "202005": "無",
        "202006": "無",
        "202007": "無",
        "202008": "無",
        "202009": "無",
        "202010": "無",
        "202011": "無",
        "202012": "無",
        "202101": "無",
        "202102": "無",
        "202103": "無",
        "202104": "無",
        "202105": "無",
        "202106": "無",
        "202107": "無",
        "202108": "無",
        "202109": "無",
        "202110": "無",
        "202111": "無",
        "202112": "無",
        "202201": "無",
        "202202": "無",
        "202203": "無",
        "202204": "無",
        "202205": "無",
        "202206": "無",
        "202207": "無",
        "202208": "無",
        "202209": "無",
        "202210": "無",
        "202211": "無",
        "202212": "無",
        "202301": "無",
        "202302": "無",
        "202303": "無",
        "202304": "無",
        "202305": "無",
        "202306": "無",
        "202307": "無",
        "202308": "無",
        "202309": "無",
        "202310": "無",
        "202311": "無",
        "202312": "無",
        "202401": "無",
        "202402": "無",
        "202403": "無",
        "202404": "無"
    },
    "quarters": {
        "20011": {
            "year_quarter": 20011,
            "year": 2001,
            "quarter": 1,
            "eps": null,
            "eps_growth_year": null,
            "eps_4q": null,
            "eps_4q_growth_year": null,
            "roe": null,
            "roe_4q": 0,
            "gross_profit": null,
            "gross_margin": null,
            "gross_margin_4q_avg": 0,
            "net_income": null,
            "net_income_4q": null,
            "revenue": null,
            "revenue_4q": null,
            "common_shares": null,
            "book_valuer_per_share": null,
            "book_valuer_per_share_4q_avg": 0,
            "equity": null,
            "current_ratio": null,
            "debt_ratio": null,
            "inventory_turnover_ratio": null,
            "account_receivable_turnover_ratio": null,
            "reinvestment_rate": null,
            "research_to_sale_ratio": null,
            "price_fair": 0,
            "eps_avg_yearly": 0,
            "eps_latest_yearly": 0,
            "eps_growth_yearly": 0
        },
        "20012": {
            "year_quarter": 20012,
            "year": 2001,
            "quarter": 2,
            "eps": null,
            "eps_growth_year": null,
            "eps_4q": null,
            "eps_4q_growth_year": null,
            "roe": null,
            "roe_4q": 0,
            "gross_profit": null,
            "gross_margin": null,
            "gross_margin_4q_avg": 0,
            "net_income": null,
            "net_income_4q": null,
            "revenue": null,
            "revenue_4q": null,
            "common_shares": null,
            "book_valuer_per_share": null,
            "book_valuer_per_share_4q_avg": 0,
            "equity": null,
            "current_ratio": null,
            "debt_ratio": null,
            "inventory_turnover_ratio": null,
            "account_receivable_turnover_ratio": null,
            "reinvestment_rate": null,
            "research_to_sale_ratio": null,
            "price_fair": 0,
            "eps_avg_yearly": 0,
            "eps_latest_yearly": 0,
            "eps_growth_yearly": 0
        },
        "20013": {
            "year_quarter": 20013,
            "year": 2001,
            "quarter": 3,
            "eps": null,
            "eps_growth_year": null,
            "eps_4q": null,
            "eps_4q_growth_year": null,
            "roe": null,
            "roe_4q": 0,
            "gross_profit": null,
            "gross_margin": null,
            "gross_margin_4q_avg": 0,
            "net_income": null,
            "net_income_4q": null,
            "revenue": null,
            "revenue_4q": null,
            "common_shares": null,
            "book_valuer_per_share": null,
            "book_valuer_per_share_4q_avg": 0,
            "equity": null,
            "current_ratio": null,
            "debt_ratio": null,
            "inventory_turnover_ratio": null,
            "account_receivable_turnover_ratio": null,
            "reinvestment_rate": null,
            "research_to_sale_ratio": null,
            "price_fair": 0,
            "eps_avg_yearly": 0,
            "eps_latest_yearly": 0,
            "eps_growth_yearly": 0
        },
        "20014": {
            "year_quarter": 20014,
            "year": 2001,
            "quarter": 4,
            "eps": null,
            "eps_growth_year": null,
            "eps_4q": null,
            "eps_4q_growth_year": null,
            "roe": null,
            "roe_4q": 0,
            "gross_profit": null,
            "gross_margin": null,
            "gross_margin_4q_avg": 0,
            "net_income": null,
            "net_income_4q": null,
            "revenue": null,
            "revenue_4q": null,
            "common_shares": null,
            "book_valuer_per_share": null,
            "book_valuer_per_share_4q_avg": 0,
            "equity": null,
            "current_ratio": null,
            "debt_ratio": null,
            "inventory_turnover_ratio": null,
            "account_receivable_turnover_ratio": null,
            "reinvestment_rate": null,
            "research_to_sale_ratio": null,
            "price_fair": 0,
            "eps_avg_yearly": 0,
            "eps_latest_yearly": 0,
            "eps_growth_yearly": 0
        },
        "20021": {
            "year_quarter": 20021,
            "year": 2002,
            "quarter": 1,
            "eps": null,
            "eps_growth_year": null,
            "eps_4q": null,
            "eps_4q_growth_year": null,
            "roe": null,
            "roe_4q": 0,
            "gross_profit": null,
            "gross_margin": null,
            "gross_margin_4q_avg": 0,
            "net_income": null,
            "net_income_4q": null,
            "revenue": null,
            "revenue_4q": null,
            "common_shares": null,
            "book_valuer_per_share": null,
            "book_valuer_per_share_4q_avg": 0,
            "equity": null,
            "current_ratio": null,
            "debt_ratio": null,
            "inventory_turnover_ratio": null,
            "account_receivable_turnover_ratio": null,
            "reinvestment_rate": null,
            "research_to_sale_ratio": null,
            "price_fair": 0,
            "eps_avg_yearly": 0,
            "eps_latest_yearly": 0,
            "eps_growth_yearly": 0
        },
        "20022": {
            "year_quarter": 20022,
            "year": 2002,
            "quarter": 2,
            "eps": null,
            "eps_growth_year": null,
            "eps_4q": null,
            "eps_4q_growth_year": null,
            "roe": null,
            "roe_4q": 0,
            "gross_profit": null,
            "gross_margin": null,
            "gross_margin_4q_avg": 0,
            "net_income": null,
            "net_income_4q": null,
            "revenue": null,
            "revenue_4q": null,
            "common_shares": null,
            "book_valuer_per_share": null,
            "book_valuer_per_share_4q_avg": 0,
            "equity": null,
            "current_ratio": null,
            "debt_ratio": null,
            "inventory_turnover_ratio": null,
            "account_receivable_turnover_ratio": null,
            "reinvestment_rate": null,
            "research_to_sale_ratio": null,
            "price_fair": 0,
            "eps_avg_yearly": 0,
            "eps_latest_yearly": 0,
            "eps_growth_yearly": 0
        },
        "20023": {
            "year_quarter": 20023,
            "year": 2002,
            "quarter": 3,
            "eps": null,
            "eps_growth_year": null,
            "eps_4q": null,
            "eps_4q_growth_year": null,
            "roe": null,
            "roe_4q": 0,
            "gross_profit": null,
            "gross_margin": null,
            "gross_margin_4q_avg": 0,
            "net_income": null,
            "net_income_4q": null,
            "revenue": null,
            "revenue_4q": null,
            "common_shares": null,
            "book_valuer_per_share": null,
            "book_valuer_per_share_4q_avg": 0,
            "equity": null,
            "current_ratio": null,
            "debt_ratio": null,
            "inventory_turnover_ratio": null,
            "account_receivable_turnover_ratio": null,
            "reinvestment_rate": null,
            "research_to_sale_ratio": null,
            "price_fair": 0,
            "eps_avg_yearly": 0,
            "eps_latest_yearly": 0,
            "eps_growth_yearly": 0
        },
        "20024": {
            "year_quarter": 20024,
            "year": 2002,
            "quarter": 4,
            "eps": null,
            "eps_growth_year": null,
            "eps_4q": null,
            "eps_4q_growth_year": null,
            "roe": null,
            "roe_4q": 0,
            "gross_profit": null,
            "gross_margin": null,
            "gross_margin_4q_avg": 0,
            "net_income": null,
            "net_income_4q": null,
            "revenue": null,
            "revenue_4q": null,
            "common_shares": null,
            "book_valuer_per_share": null,
            "book_valuer_per_share_4q_avg": 0,
            "equity": null,
            "current_ratio": null,
            "debt_ratio": null,
            "inventory_turnover_ratio": null,
            "account_receivable_turnover_ratio": null,
            "reinvestment_rate": null,
            "research_to_sale_ratio": null,
            "price_fair": 0,
            "eps_avg_yearly": 0,
            "eps_latest_yearly": 0,
            "eps_growth_yearly": 0
        },
        "20031": {
            "year_quarter": 20031,
            "year": 2003,
            "quarter": 1,
            "eps": null,
            "eps_growth_year": null,
            "eps_4q": null,
            "eps_4q_growth_year": null,
            "roe": null,
            "roe_4q": 0,
            "gross_profit": null,
            "gross_margin": null,
            "gross_margin_4q_avg": 0,
            "net_income": null,
            "net_income_4q": null,
            "revenue": null,
            "revenue_4q": null,
            "common_shares": null,
            "book_valuer_per_share": null,
            "book_valuer_per_share_4q_avg": 0,
            "equity": null,
            "current_ratio": null,
            "debt_ratio": null,
            "inventory_turnover_ratio": null,
            "account_receivable_turnover_ratio": null,
            "reinvestment_rate": null,
            "research_to_sale_ratio": null,
            "price_fair": 0,
            "eps_avg_yearly": 0,
            "eps_latest_yearly": 0,
            "eps_growth_yearly": 0
        },
        "20032": {
            "year_quarter": 20032,
            "year": 2003,
            "quarter": 2,
            "eps": null,
            "eps_growth_year": null,
            "eps_4q": null,
            "eps_4q_growth_year": null,
            "roe": null,
            "roe_4q": 0,
            "gross_profit": null,
            "gross_margin": null,
            "gross_margin_4q_avg": 0,
            "net_income": null,
            "net_income_4q": null,
            "revenue": null,
            "revenue_4q": null,
            "common_shares": null,
            "book_valuer_per_share": null,
            "book_valuer_per_share_4q_avg": 0,
            "equity": null,
            "current_ratio": null,
            "debt_ratio": null,
            "inventory_turnover_ratio": null,
            "account_receivable_turnover_ratio": null,
            "reinvestment_rate": null,
            "research_to_sale_ratio": null,
            "price_fair": 0,
            "eps_avg_yearly": 0,
            "eps_latest_yearly": 0,
            "eps_growth_yearly": 0
        },
        "20033": {
            "year_quarter": 20033,
            "year": 2003,
            "quarter": 3,
            "eps": null,
            "eps_growth_year": null,
            "eps_4q": null,
            "eps_4q_growth_year": null,
            "roe": null,
            "roe_4q": 0,
            "gross_profit": null,
            "gross_margin": null,
            "gross_margin_4q_avg": 0,
            "net_income": null,
            "net_income_4q": null,
            "revenue": null,
            "revenue_4q": null,
            "common_shares": null,
            "book_valuer_per_share": null,
            "book_valuer_per_share_4q_avg": 0,
            "equity": null,
            "current_ratio": null,
            "debt_ratio": null,
            "inventory_turnover_ratio": null,
            "account_receivable_turnover_ratio": null,
            "reinvestment_rate": null,
            "research_to_sale_ratio": null,
            "price_fair": 0,
            "eps_avg_yearly": 0,
            "eps_latest_yearly": 0,
            "eps_growth_yearly": 0
        },
        "20034": {
            "year_quarter": 20034,
            "year": 2003,
            "quarter": 4,
            "eps": null,
            "eps_growth_year": null,
            "eps_4q": null,
            "eps_4q_growth_year": null,
            "roe": null,
            "roe_4q": 0,
            "gross_profit": null,
            "gross_margin": null,
            "gross_margin_4q_avg": 0,
            "net_income": null,
            "net_income_4q": null,
            "revenue": null,
            "revenue_4q": null,
            "common_shares": 1000,
            "book_valuer_per_share": 9.24,
            "book_valuer_per_share_4q_avg": 2.31,
            "equity": 924,
            "current_ratio": 100.39,
            "debt_ratio": 99.61,
            "inventory_turnover_ratio": null,
            "account_receivable_turnover_ratio": null,
            "reinvestment_rate": null,
            "research_to_sale_ratio": null,
            "price_fair": 0,
            "eps_avg_yearly": 0,
            "eps_latest_yearly": 0,
            "eps_growth_yearly": 0
        },
        "20041": {
            "year_quarter": 20041,
            "year": 2004,
            "quarter": 1,
            "eps": null,
            "eps_growth_year": null,
            "eps_4q": null,
            "eps_4q_growth_year": null,
            "roe": null,
            "roe_4q": 0,
            "gross_profit": null,
            "gross_margin": null,
            "gross_margin_4q_avg": 0,
            "net_income": null,
            "net_income_4q": null,
            "revenue": null,
            "revenue_4q": null,
            "common_shares": null,
            "book_valuer_per_share": null,
            "book_valuer_per_share_4q_avg": 2.31,
            "equity": null,
            "current_ratio": null,
            "debt_ratio": null,
            "inventory_turnover_ratio": null,
            "account_receivable_turnover_ratio": null,
            "reinvestment_rate": null,
            "research_to_sale_ratio": null,
            "price_fair": 0,
            "eps_avg_yearly": 0,
            "eps_latest_yearly": 0,
            "eps_growth_yearly": 0
        },
        "20042": {
            "year_quarter": 20042,
            "year": 2004,
            "quarter": 2,
            "eps": null,
            "eps_growth_year": null,
            "eps_4q": null,
            "eps_4q_growth_year": null,
            "roe": null,
            "roe_4q": 0,
            "gross_profit": null,
            "gross_margin": null,
            "gross_margin_4q_avg": 0,
            "net_income": null,
            "net_income_4q": null,
            "revenue": null,
            "revenue_4q": null,
            "common_shares": null,
            "book_valuer_per_share": null,
            "book_valuer_per_share_4q_avg": 2.31,
            "equity": null,
            "current_ratio": null,
            "debt_ratio": null,
            "inventory_turnover_ratio": null,
            "account_receivable_turnover_ratio": null,
            "reinvestment_rate": null,
            "research_to_sale_ratio": null,
            "price_fair": 0,
            "eps_avg_yearly": 0,
            "eps_latest_yearly": 0,
            "eps_growth_yearly": 0
        },
        "20043": {
            "year_quarter": 20043,
            "year": 2004,
            "quarter": 3,
            "eps": null,
            "eps_growth_year": null,
            "eps_4q": null,
            "eps_4q_growth_year": null,
            "roe": null,
            "roe_4q": 0,
            "gross_profit": null,
            "gross_margin": null,
            "gross_margin_4q_avg": 0,
            "net_income": null,
            "net_income_4q": null,
            "revenue": null,
            "revenue_4q": null,
            "common_shares": null,
            "book_valuer_per_share": null,
            "book_valuer_per_share_4q_avg": 2.31,
            "equity": null,
            "current_ratio": null,
            "debt_ratio": null,
            "inventory_turnover_ratio": null,
            "account_receivable_turnover_ratio": null,
            "reinvestment_rate": null,
            "research_to_sale_ratio": null,
            "price_fair": 0,
            "eps_avg_yearly": 0,
            "eps_latest_yearly": 0,
            "eps_growth_yearly": 0
        },
        "20044": {
            "year_quarter": 20044,
            "year": 2004,
            "quarter": 4,
            "eps": null,
            "eps_growth_year": null,
            "eps_4q": null,
            "eps_4q_growth_year": null,
            "roe": null,
            "roe_4q": 0,
            "gross_profit": null,
            "gross_margin": null,
            "gross_margin_4q_avg": 0,
            "net_income": null,
            "net_income_4q": null,
            "revenue": null,
            "revenue_4q": null,
            "common_shares": 500000,
            "book_valuer_per_share": 4.31,
            "book_valuer_per_share_4q_avg": 1.08,
            "equity": 215305,
            "current_ratio": 100.87,
            "debt_ratio": 77.7,
            "inventory_turnover_ratio": null,
            "account_receivable_turnover_ratio": null,
            "reinvestment_rate": null,
            "research_to_sale_ratio": null,
            "price_fair": 0,
            "eps_avg_yearly": 0,
            "eps_latest_yearly": 0,
            "eps_growth_yearly": 0
        },
        "20051": {
            "year_quarter": 20051,
            "year": 2005,
            "quarter": 1,
            "eps": null,
            "eps_growth_year": null,
            "eps_4q": null,
            "eps_4q_growth_year": null,
            "roe": null,
            "roe_4q": 0,
            "gross_profit": null,
            "gross_margin": null,
            "gross_margin_4q_avg": 0,
            "net_income": null,
            "net_income_4q": null,
            "revenue": null,
            "revenue_4q": null,
            "common_shares": null,
            "book_valuer_per_share": null,
            "book_valuer_per_share_4q_avg": 1.08,
            "equity": null,
            "current_ratio": null,
            "debt_ratio": null,
            "inventory_turnover_ratio": null,
            "account_receivable_turnover_ratio": null,
            "reinvestment_rate": null,
            "research_to_sale_ratio": null,
            "price_fair": 0,
            "eps_avg_yearly": 0,
            "eps_latest_yearly": 0,
            "eps_growth_yearly": 0
        },
        "20052": {
            "year_quarter": 20052,
            "year": 2005,
            "quarter": 2,
            "eps": null,
            "eps_growth_year": null,
            "eps_4q": null,
            "eps_4q_growth_year": null,
            "roe": null,
            "roe_4q": 0,
            "gross_profit": null,
            "gross_margin": null,
            "gross_margin_4q_avg": 0,
            "net_income": null,
            "net_income_4q": null,
            "revenue": null,
            "revenue_4q": null,
            "common_shares": null,
            "book_valuer_per_share": null,
            "book_valuer_per_share_4q_avg": 1.08,
            "equity": null,
            "current_ratio": null,
            "debt_ratio": null,
            "inventory_turnover_ratio": null,
            "account_receivable_turnover_ratio": null,
            "reinvestment_rate": null,
            "research_to_sale_ratio": null,
            "price_fair": 0,
            "eps_avg_yearly": 0,
            "eps_latest_yearly": 0,
            "eps_growth_yearly": 0
        },
        "20053": {
            "year_quarter": 20053,
            "year": 2005,
            "quarter": 3,
            "eps": null,
            "eps_growth_year": null,
            "eps_4q": null,
            "eps_4q_growth_year": null,
            "roe": null,
            "roe_4q": 0,
            "gross_profit": null,
            "gross_margin": null,
            "gross_margin_4q_avg": 0,
            "net_income": null,
            "net_income_4q": null,
            "revenue": null,
            "revenue_4q": null,
            "common_shares": null,
            "book_valuer_per_share": null,
            "book_valuer_per_share_4q_avg": 1.08,
            "equity": null,
            "current_ratio": null,
            "debt_ratio": null,
            "inventory_turnover_ratio": null,
            "account_receivable_turnover_ratio": null,
            "reinvestment_rate": null,
            "research_to_sale_ratio": null,
            "price_fair": 0,
            "eps_avg_yearly": 0,
            "eps_latest_yearly": 0,
            "eps_growth_yearly": 0
        },
        "20054": {
            "year_quarter": 20054,
            "year": 2005,
            "quarter": 4,
            "eps": null,
            "eps_growth_year": null,
            "eps_4q": null,
            "eps_4q_growth_year": null,
            "roe": null,
            "roe_4q": 0,
            "gross_profit": null,
            "gross_margin": null,
            "gross_margin_4q_avg": 0,
            "net_income": null,
            "net_income_4q": null,
            "revenue": null,
            "revenue_4q": null,
            "common_shares": 500000,
            "book_valuer_per_share": 2.16,
            "book_valuer_per_share_4q_avg": 0.54,
            "equity": 107915,
            "current_ratio": 93.3,
            "debt_ratio": 86.51,
            "inventory_turnover_ratio": null,
            "account_receivable_turnover_ratio": null,
            "reinvestment_rate": null,
            "research_to_sale_ratio": null,
            "price_fair": 0,
            "eps_avg_yearly": 0,
            "eps_latest_yearly": 0,
            "eps_growth_yearly": 0
        },
        "20061": {
            "year_quarter": 20061,
            "year": 2006,
            "quarter": 1,
            "eps": null,
            "eps_growth_year": null,
            "eps_4q": null,
            "eps_4q_growth_year": null,
            "roe": null,
            "roe_4q": 0,
            "gross_profit": null,
            "gross_margin": null,
            "gross_margin_4q_avg": 0,
            "net_income": null,
            "net_income_4q": null,
            "revenue": null,
            "revenue_4q": null,
            "common_shares": null,
            "book_valuer_per_share": null,
            "book_valuer_per_share_4q_avg": 0.54,
            "equity": null,
            "current_ratio": null,
            "debt_ratio": null,
            "inventory_turnover_ratio": null,
            "account_receivable_turnover_ratio": null,
            "reinvestment_rate": null,
            "research_to_sale_ratio": null,
            "price_fair": 0,
            "eps_avg_yearly": 0,
            "eps_latest_yearly": 0,
            "eps_growth_yearly": 0
        },
        "20062": {
            "year_quarter": 20062,
            "year": 2006,
            "quarter": 2,
            "eps": null,
            "eps_growth_year": null,
            "eps_4q": null,
            "eps_4q_growth_year": null,
            "roe": null,
            "roe_4q": 0,
            "gross_profit": null,
            "gross_margin": null,
            "gross_margin_4q_avg": 0,
            "net_income": null,
            "net_income_4q": null,
            "revenue": null,
            "revenue_4q": null,
            "common_shares": null,
            "book_valuer_per_share": null,
            "book_valuer_per_share_4q_avg": 0.54,
            "equity": null,
            "current_ratio": null,
            "debt_ratio": null,
            "inventory_turnover_ratio": null,
            "account_receivable_turnover_ratio": null,
            "reinvestment_rate": null,
            "research_to_sale_ratio": null,
            "price_fair": 0,
            "eps_avg_yearly": 0,
            "eps_latest_yearly": 0,
            "eps_growth_yearly": 0
        },
        "20063": {
            "year_quarter": 20063,
            "year": 2006,
            "quarter": 3,
            "eps": null,
            "eps_growth_year": null,
            "eps_4q": null,
            "eps_4q_growth_year": null,
            "roe": null,
            "roe_4q": 0,
            "gross_profit": null,
            "gross_margin": null,
            "gross_margin_4q_avg": 0,
            "net_income": null,
            "net_income_4q": null,
            "revenue": null,
            "revenue_4q": null,
            "common_shares": null,
            "book_valuer_per_share": null,
            "book_valuer_per_share_4q_avg": 0.54,
            "equity": null,
            "current_ratio": null,
            "debt_ratio": null,
            "inventory_turnover_ratio": null,
            "account_receivable_turnover_ratio": null,
            "reinvestment_rate": null,
            "research_to_sale_ratio": null,
            "price_fair": 0,
            "eps_avg_yearly": 0,
            "eps_latest_yearly": 0,
            "eps_growth_yearly": 0
        },
        "20064": {
            "year_quarter": 20064,
            "year": 2006,
            "quarter": 4,
            "eps": null,
            "eps_growth_year": null,
            "eps_4q": null,
            "eps_4q_growth_year": null,
            "roe": null,
            "roe_4q": 0,
            "gross_profit": null,
            "gross_margin": null,
            "gross_margin_4q_avg": 0,
            "net_income": null,
            "net_income_4q": null,
            "revenue": null,
            "revenue_4q": null,
            "common_shares": 500000,
            "book_valuer_per_share": -2.8,
            "book_valuer_per_share_4q_avg": -0.7,
            "equity": -140003,
            "current_ratio": 84.99,
            "debt_ratio": 111.8,
            "inventory_turnover_ratio": null,
            "account_receivable_turnover_ratio": null,
            "reinvestment_rate": null,
            "research_to_sale_ratio": null,
            "price_fair": 0,
            "eps_avg_yearly": 0,
            "eps_latest_yearly": 0,
            "eps_growth_yearly": 0
        },
        "20071": {
            "year_quarter": 20071,
            "year": 2007,
            "quarter": 1,
            "eps": null,
            "eps_growth_year": null,
            "eps_4q": null,
            "eps_4q_growth_year": null,
            "roe": null,
            "roe_4q": 0,
            "gross_profit": null,
            "gross_margin": null,
            "gross_margin_4q_avg": 0,
            "net_income": null,
            "net_income_4q": null,
            "revenue": null,
            "revenue_4q": null,
            "common_shares": null,
            "book_valuer_per_share": null,
            "book_valuer_per_share_4q_avg": -0.7,
            "equity": null,
            "current_ratio": null,
            "debt_ratio": null,
            "inventory_turnover_ratio": null,
            "account_receivable_turnover_ratio": null,
            "reinvestment_rate": null,
            "research_to_sale_ratio": null,
            "price_fair": 0,
            "eps_avg_yearly": 0,
            "eps_latest_yearly": 0,
            "eps_growth_yearly": 0
        },
        "20072": {
            "year_quarter": 20072,
            "year": 2007,
            "quarter": 2,
            "eps": null,
            "eps_growth_year": null,
            "eps_4q": null,
            "eps_4q_growth_year": null,
            "roe": null,
            "roe_4q": 0,
            "gross_profit": null,
            "gross_margin": null,
            "gross_margin_4q_avg": 0,
            "net_income": null,
            "net_income_4q": null,
            "revenue": null,
            "revenue_4q": null,
            "common_shares": null,
            "book_valuer_per_share": null,
            "book_valuer_per_share_4q_avg": -0.7,
            "equity": null,
            "current_ratio": null,
            "debt_ratio": null,
            "inventory_turnover_ratio": null,
            "account_receivable_turnover_ratio": null,
            "reinvestment_rate": null,
            "research_to_sale_ratio": null,
            "price_fair": 0,
            "eps_avg_yearly": 0,
            "eps_latest_yearly": 0,
            "eps_growth_yearly": 0
        },
        "20073": {
            "year_quarter": 20073,
            "year": 2007,
            "quarter": 3,
            "eps": null,
            "eps_growth_year": null,
            "eps_4q": null,
            "eps_4q_growth_year": null,
            "roe": null,
            "roe_4q": 0,
            "gross_profit": null,
            "gross_margin": null,
            "gross_margin_4q_avg": 0,
            "net_income": null,
            "net_income_4q": null,
            "revenue": null,
            "revenue_4q": null,
            "common_shares": null,
            "book_valuer_per_share": null,
            "book_valuer_per_share_4q_avg": -0.7,
            "equity": null,
            "current_ratio": null,
            "debt_ratio": null,
            "inventory_turnover_ratio": null,
            "account_receivable_turnover_ratio": null,
            "reinvestment_rate": null,
            "research_to_sale_ratio": null,
            "price_fair": 0,
            "eps_avg_yearly": 0,
            "eps_latest_yearly": 0,
            "eps_growth_yearly": 0
        },
        "20074": {
            "year_quarter": 20074,
            "year": 2007,
            "quarter": 4,
            "eps": null,
            "eps_growth_year": null,
            "eps_4q": null,
            "eps_4q_growth_year": null,
            "roe": null,
            "roe_4q": 0,
            "gross_profit": null,
            "gross_margin": null,
            "gross_margin_4q_avg": 0,
            "net_income": null,
            "net_income_4q": null,
            "revenue": null,
            "revenue_4q": null,
            "common_shares": 780000,
            "book_valuer_per_share": -0.79,
            "book_valuer_per_share_4q_avg": -0.2,
            "equity": -61507,
            "current_ratio": 191.94,
            "debt_ratio": 103.81,
            "inventory_turnover_ratio": null,
            "account_receivable_turnover_ratio": null,
            "reinvestment_rate": null,
            "research_to_sale_ratio": null,
            "price_fair": 0,
            "eps_avg_yearly": 0,
            "eps_latest_yearly": 0,
            "eps_growth_yearly": 0
        },
        "20081": {
            "year_quarter": 20081,
            "year": 2008,
            "quarter": 1,
            "eps": null,
            "eps_growth_year": null,
            "eps_4q": null,
            "eps_4q_growth_year": null,
            "roe": null,
            "roe_4q": 0,
            "gross_profit": null,
            "gross_margin": null,
            "gross_margin_4q_avg": 0,
            "net_income": null,
            "net_income_4q": null,
            "revenue": null,
            "revenue_4q": null,
            "common_shares": null,
            "book_valuer_per_share": null,
            "book_valuer_per_share_4q_avg": -0.2,
            "equity": null,
            "current_ratio": null,
            "debt_ratio": null,
            "inventory_turnover_ratio": null,
            "account_receivable_turnover_ratio": null,
            "reinvestment_rate": null,
            "research_to_sale_ratio": null,
            "price_fair": 0,
            "eps_avg_yearly": 0,
            "eps_latest_yearly": 0,
            "eps_growth_yearly": 0
        },
        "20082": {
            "year_quarter": 20082,
            "year": 2008,
            "quarter": 2,
            "eps": null,
            "eps_growth_year": null,
            "eps_4q": null,
            "eps_4q_growth_year": null,
            "roe": null,
            "roe_4q": 0,
            "gross_profit": null,
            "gross_margin": null,
            "gross_margin_4q_avg": 0,
            "net_income": null,
            "net_income_4q": null,
            "revenue": null,
            "revenue_4q": null,
            "common_shares": null,
            "book_valuer_per_share": null,
            "book_valuer_per_share_4q_avg": -0.2,
            "equity": null,
            "current_ratio": null,
            "debt_ratio": null,
            "inventory_turnover_ratio": null,
            "account_receivable_turnover_ratio": null,
            "reinvestment_rate": null,
            "research_to_sale_ratio": null,
            "price_fair": 0,
            "eps_avg_yearly": 0,
            "eps_latest_yearly": 0,
            "eps_growth_yearly": 0
        },
        "20083": {
            "year_quarter": 20083,
            "year": 2008,
            "quarter": 3,
            "eps": null,
            "eps_growth_year": null,
            "eps_4q": null,
            "eps_4q_growth_year": null,
            "roe": null,
            "roe_4q": 0,
            "gross_profit": null,
            "gross_margin": null,
            "gross_margin_4q_avg": 0,
            "net_income": null,
            "net_income_4q": null,
            "revenue": null,
            "revenue_4q": null,
            "common_shares": null,
            "book_valuer_per_share": null,
            "book_valuer_per_share_4q_avg": -0.2,
            "equity": null,
            "current_ratio": null,
            "debt_ratio": null,
            "inventory_turnover_ratio": null,
            "account_receivable_turnover_ratio": null,
            "reinvestment_rate": null,
            "research_to_sale_ratio": null,
            "price_fair": 0,
            "eps_avg_yearly": 0,
            "eps_latest_yearly": 0,
            "eps_growth_yearly": 0
        },
        "20084": {
            "year_quarter": 20084,
            "year": 2008,
            "quarter": 4,
            "eps": null,
            "eps_growth_year": null,
            "eps_4q": null,
            "eps_4q_growth_year": null,
            "roe": null,
            "roe_4q": 0,
            "gross_profit": null,
            "gross_margin": null,
            "gross_margin_4q_avg": 0,
            "net_income": null,
            "net_income_4q": null,
            "revenue": null,
            "revenue_4q": null,
            "common_shares": 410000,
            "book_valuer_per_share": -3.06,
            "book_valuer_per_share_4q_avg": -0.77,
            "equity": -125260,
            "current_ratio": 381.03,
            "debt_ratio": 107.06,
            "inventory_turnover_ratio": null,
            "account_receivable_turnover_ratio": null,
            "reinvestment_rate": null,
            "research_to_sale_ratio": null,
            "price_fair": 0,
            "eps_avg_yearly": 0,
            "eps_latest_yearly": 0,
            "eps_growth_yearly": 0
        },
        "20091": {
            "year_quarter": 20091,
            "year": 2009,
            "quarter": 1,
            "eps": null,
            "eps_growth_year": null,
            "eps_4q": null,
            "eps_4q_growth_year": null,
            "roe": null,
            "roe_4q": 0,
            "gross_profit": null,
            "gross_margin": null,
            "gross_margin_4q_avg": 0,
            "net_income": null,
            "net_income_4q": null,
            "revenue": null,
            "revenue_4q": null,
            "common_shares": null,
            "book_valuer_per_share": null,
            "book_valuer_per_share_4q_avg": -0.77,
            "equity": null,
            "current_ratio": null,
            "debt_ratio": null,
            "inventory_turnover_ratio": null,
            "account_receivable_turnover_ratio": null,
            "reinvestment_rate": null,
            "research_to_sale_ratio": null,
            "price_fair": 0,
            "eps_avg_yearly": 0,
            "eps_latest_yearly": 0,
            "eps_growth_yearly": 0
        },
        "20092": {
            "year_quarter": 20092,
            "year": 2009,
            "quarter": 2,
            "eps": null,
            "eps_growth_year": null,
            "eps_4q": null,
            "eps_4q_growth_year": null,
            "roe": null,
            "roe_4q": 0,
            "gross_profit": null,
            "gross_margin": null,
            "gross_margin_4q_avg": 0,
            "net_income": null,
            "net_income_4q": null,
            "revenue": null,
            "revenue_4q": null,
            "common_shares": null,
            "book_valuer_per_share": null,
            "book_valuer_per_share_4q_avg": -0.77,
            "equity": null,
            "current_ratio": null,
            "debt_ratio": null,
            "inventory_turnover_ratio": null,
            "account_receivable_turnover_ratio": null,
            "reinvestment_rate": null,
            "research_to_sale_ratio": null,
            "price_fair": 0,
            "eps_avg_yearly": 0,
            "eps_latest_yearly": 0,
            "eps_growth_yearly": 0
        },
        "20093": {
            "year_quarter": 20093,
            "year": 2009,
            "quarter": 3,
            "eps": null,
            "eps_growth_year": null,
            "eps_4q": null,
            "eps_4q_growth_year": null,
            "roe": null,
            "roe_4q": 0,
            "gross_profit": null,
            "gross_margin": null,
            "gross_margin_4q_avg": 0,
            "net_income": null,
            "net_income_4q": null,
            "revenue": null,
            "revenue_4q": null,
            "common_shares": null,
            "book_valuer_per_share": null,
            "book_valuer_per_share_4q_avg": -0.77,
            "equity": null,
            "current_ratio": null,
            "debt_ratio": null,
            "inventory_turnover_ratio": null,
            "account_receivable_turnover_ratio": null,
            "reinvestment_rate": null,
            "research_to_sale_ratio": null,
            "price_fair": 0,
            "eps_avg_yearly": 0,
            "eps_latest_yearly": 0,
            "eps_growth_yearly": 0
        },
        "20094": {
            "year_quarter": 20094,
            "year": 2009,
            "quarter": 4,
            "eps": null,
            "eps_growth_year": null,
            "eps_4q": null,
            "eps_4q_growth_year": null,
            "roe": null,
            "roe_4q": 0,
            "gross_profit": null,
            "gross_margin": null,
            "gross_margin_4q_avg": 0,
            "net_income": null,
            "net_income_4q": null,
            "revenue": null,
            "revenue_4q": null,
            "common_shares": 410000,
            "book_valuer_per_share": -5.93,
            "book_valuer_per_share_4q_avg": -1.48,
            "equity": -243016,
            "current_ratio": 253.99,
            "debt_ratio": 110.84,
            "inventory_turnover_ratio": null,
            "account_receivable_turnover_ratio": null,
            "reinvestment_rate": null,
            "research_to_sale_ratio": null,
            "price_fair": 0,
            "eps_avg_yearly": 0,
            "eps_latest_yearly": 0,
            "eps_growth_yearly": 0
        },
        "20101": {
            "year_quarter": 20101,
            "year": 2010,
            "quarter": 1,
            "eps": null,
            "eps_growth_year": null,
            "eps_4q": null,
            "eps_4q_growth_year": null,
            "roe": null,
            "roe_4q": 0,
            "gross_profit": null,
            "gross_margin": null,
            "gross_margin_4q_avg": 0,
            "net_income": null,
            "net_income_4q": null,
            "revenue": null,
            "revenue_4q": null,
            "common_shares": null,
            "book_valuer_per_share": null,
            "book_valuer_per_share_4q_avg": -1.48,
            "equity": null,
            "current_ratio": null,
            "debt_ratio": null,
            "inventory_turnover_ratio": null,
            "account_receivable_turnover_ratio": null,
            "reinvestment_rate": null,
            "research_to_sale_ratio": null,
            "price_fair": 0,
            "eps_avg_yearly": 0,
            "eps_latest_yearly": 0,
            "eps_growth_yearly": 0
        },
        "20102": {
            "year_quarter": 20102,
            "year": 2010,
            "quarter": 2,
            "eps": null,
            "eps_growth_year": null,
            "eps_4q": null,
            "eps_4q_growth_year": null,
            "roe": null,
            "roe_4q": 0,
            "gross_profit": null,
            "gross_margin": null,
            "gross_margin_4q_avg": 0,
            "net_income": null,
            "net_income_4q": null,
            "revenue": null,
            "revenue_4q": null,
            "common_shares": 410000,
            "book_valuer_per_share": null,
            "book_valuer_per_share_4q_avg": -1.48,
            "equity": -645407,
            "current_ratio": null,
            "debt_ratio": null,
            "inventory_turnover_ratio": null,
            "account_receivable_turnover_ratio": null,
            "reinvestment_rate": null,
            "research_to_sale_ratio": null,
            "price_fair": 0,
            "eps_avg_yearly": 0,
            "eps_latest_yearly": 0,
            "eps_growth_yearly": 0
        },
        "20103": {
            "year_quarter": 20103,
            "year": 2010,
            "quarter": 3,
            "eps": null,
            "eps_growth_year": null,
            "eps_4q": null,
            "eps_4q_growth_year": null,
            "roe": null,
            "roe_4q": 0,
            "gross_profit": 295015,
            "gross_margin": null,
            "gross_margin_4q_avg": 0,
            "net_income": 251668,
            "net_income_4q": null,
            "revenue": 389473,
            "revenue_4q": null,
            "common_shares": 410000,
            "book_valuer_per_share": -9.62,
            "book_valuer_per_share_4q_avg": -3.89,
            "equity": -394365,
            "current_ratio": 93.07,
            "debt_ratio": 120.92,
            "inventory_turnover_ratio": null,
            "account_receivable_turnover_ratio": null,
            "reinvestment_rate": null,
            "research_to_sale_ratio": null,
            "price_fair": 0,
            "eps_avg_yearly": 0,
            "eps_latest_yearly": 0,
            "eps_growth_yearly": 0
        },
        "20104": {
            "year_quarter": 20104,
            "year": 2010,
            "quarter": 4,
            "eps": null,
            "eps_growth_year": null,
            "eps_4q": null,
            "eps_4q_growth_year": null,
            "roe": null,
            "roe_4q": 0,
            "gross_profit": 745241,
            "gross_margin": null,
            "gross_margin_4q_avg": 0,
            "net_income": 402489,
            "net_income_4q": null,
            "revenue": 1092006,
            "revenue_4q": null,
            "common_shares": 600000,
            "book_valuer_per_share": 12.15,
            "book_valuer_per_share_4q_avg": 0.63,
            "equity": 742152,
            "current_ratio": 128.8,
            "debt_ratio": 73.28,
            "inventory_turnover_ratio": null,
            "account_receivable_turnover_ratio": null,
            "reinvestment_rate": null,
            "research_to_sale_ratio": null,
            "price_fair": 0,
            "eps_avg_yearly": 0,
            "eps_latest_yearly": 0,
            "eps_growth_yearly": 0
        },
        "20111": {
            "year_quarter": 20111,
            "year": 2011,
            "quarter": 1,
            "eps": null,
            "eps_growth_year": null,
            "eps_4q": null,
            "eps_4q_growth_year": null,
            "roe": null,
            "roe_4q": 0,
            "gross_profit": 55875,
            "gross_margin": null,
            "gross_margin_4q_avg": 0,
            "net_income": -122697,
            "net_income_4q": null,
            "revenue": 130350,
            "revenue_4q": null,
            "common_shares": 600000,
            "book_valuer_per_share": 10.18,
            "book_valuer_per_share_4q_avg": 3.18,
            "equity": 624551,
            "current_ratio": 125.28,
            "debt_ratio": 75.46,
            "inventory_turnover_ratio": null,
            "account_receivable_turnover_ratio": null,
            "reinvestment_rate": null,
            "research_to_sale_ratio": null,
            "price_fair": 0,
            "eps_avg_yearly": 0,
            "eps_latest_yearly": 0,
            "eps_growth_yearly": 0
        },
        "20112": {
            "year_quarter": 20112,
            "year": 2011,
            "quarter": 2,
            "eps": 6.43,
            "eps_growth_year": null,
            "eps_4q": 6.43,
            "eps_4q_growth_year": null,
            "roe": 47.4,
            "roe_4q": 47.4,
            "gross_profit": 680875,
            "gross_margin": 69.88,
            "gross_margin_4q_avg": 17.47,
            "net_income": 385584,
            "net_income_4q": null,
            "revenue": 974291,
            "revenue_4q": null,
            "common_shares": 600000,
            "book_valuer_per_share": 16.43,
            "book_valuer_per_share_4q_avg": 7.29,
            "equity": 1002265,
            "current_ratio": 143.14,
            "debt_ratio": 66.68,
            "inventory_turnover_ratio": 0.25,
            "account_receivable_turnover_ratio": 2.2,
            "reinvestment_rate": null,
            "research_to_sale_ratio": null,
            "price_fair": 0,
            "eps_avg_yearly": 0,
            "eps_latest_yearly": 0,
            "eps_growth_yearly": 0
        },
        "20113": {
            "year_quarter": 20113,
            "year": 2011,
            "quarter": 3,
            "eps": 3.77,
            "eps_growth_year": null,
            "eps_4q": 10.2,
            "eps_4q_growth_year": null,
            "roe": 19.92,
            "roe_4q": 67.32,
            "gross_profit": 423079,
            "gross_margin": 60.18,
            "gross_margin_4q_avg": 32.52,
            "net_income": 226485,
            "net_income_4q": null,
            "revenue": 703011,
            "revenue_4q": null,
            "common_shares": 600000,
            "book_valuer_per_share": 20.9,
            "book_valuer_per_share_4q_avg": 14.92,
            "equity": 1272232,
            "current_ratio": 155.71,
            "debt_ratio": 61.68,
            "inventory_turnover_ratio": 0.23,
            "account_receivable_turnover_ratio": 0.89,
            "reinvestment_rate": null,
            "research_to_sale_ratio": 13.01,
            "price_fair": 45.24,
            "eps_avg_yearly": 15.08,
            "eps_latest_yearly": 15.08,
            "eps_growth_yearly": -165.47
        },
        "20114": {
            "year_quarter": 20114,
            "year": 2011,
            "quarter": 4,
            "eps": 2.75,
            "eps_growth_year": null,
            "eps_4q": 12.94,
            "eps_4q_growth_year": null,
            "roe": 12.21,
            "roe_4q": 79.53,
            "gross_profit": 648300,
            "gross_margin": 74.49,
            "gross_margin_4q_avg": 51.14,
            "net_income": 164860,
            "net_income_4q": null,
            "revenue": 870303,
            "revenue_4q": null,
            "common_shares": 600000,
            "book_valuer_per_share": 23.45,
            "book_valuer_per_share_4q_avg": 17.74,
            "equity": 1427918,
            "current_ratio": 195.37,
            "debt_ratio": 48.2,
            "inventory_turnover_ratio": 0.18,
            "account_receivable_turnover_ratio": 1.29,
            "reinvestment_rate": null,
            "research_to_sale_ratio": 15.31,
            "price_fair": 39.12,
            "eps_avg_yearly": 13.04,
            "eps_latest_yearly": 11,
            "eps_growth_yearly": -136.85
        },
        "20121": {
            "year_quarter": 20121,
            "year": 2012,
            "quarter": 1,
            "eps": 4.57,
            "eps_growth_year": null,
            "eps_4q": 17.51,
            "eps_4q_growth_year": null,
            "roe": 17.34,
            "roe_4q": 96.87,
            "gross_profit": 639201,
            "gross_margin": 70.09,
            "gross_margin_4q_avg": 68.66,
            "net_income": 274832,
            "net_income_4q": null,
            "revenue": 911934,
            "revenue_4q": null,
            "common_shares": 600000,
            "book_valuer_per_share": 28.62,
            "book_valuer_per_share_4q_avg": 22.35,
            "equity": 1741892,
            "current_ratio": 182.41,
            "debt_ratio": 52.29,
            "inventory_turnover_ratio": 0.22,
            "account_receivable_turnover_ratio": 1.18,
            "reinvestment_rate": null,
            "research_to_sale_ratio": 16.64,
            "price_fair": 44.36,
            "eps_avg_yearly": 14.79,
            "eps_latest_yearly": 18.28,
            "eps_growth_yearly": -2.99
        },
        "20122": {
            "year_quarter": 20122,
            "year": 2012,
            "quarter": 2,
            "eps": 6.15,
            "eps_growth_year": -4.23,
            "eps_4q": 16.23,
            "eps_4q_growth_year": 152.62,
            "roe": 16.67,
            "roe_4q": 66.14000000000001,
            "gross_profit": 766478,
            "gross_margin": 70.83,
            "gross_margin_4q_avg": 68.9,
            "net_income": 407209,
            "net_income_4q": null,
            "revenue": 1082084,
            "revenue_4q": null,
            "common_shares": 660000,
            "book_valuer_per_share": 47.16,
            "book_valuer_per_share_4q_avg": 30.03,
            "equity": 3143399,
            "current_ratio": 305.79,
            "debt_ratio": 31.83,
            "inventory_turnover_ratio": 0.25,
            "account_receivable_turnover_ratio": 1.21,
            "reinvestment_rate": null,
            "research_to_sale_ratio": 12.44,
            "price_fair": 603.4,
            "eps_avg_yearly": 17.24,
            "eps_latest_yearly": 24.6,
            "eps_growth_yearly": 32.33
        },
        "20123": {
            "year_quarter": 20123,
            "year": 2012,
            "quarter": 3,
            "eps": 5.27,
            "eps_growth_year": 39.66,
            "eps_4q": 18.07,
            "eps_4q_growth_year": 77.25,
            "roe": 10.52,
            "roe_4q": 56.74,
            "gross_profit": 736586,
            "gross_margin": 70.98,
            "gross_margin_4q_avg": 71.6,
            "net_income": 348480,
            "net_income_4q": null,
            "revenue": 1037668,
            "revenue_4q": null,
            "common_shares": 660000,
            "book_valuer_per_share": 52.27,
            "book_valuer_per_share_4q_avg": 37.88,
            "equity": 3481406,
            "current_ratio": 431.19,
            "debt_ratio": 22.84,
            "inventory_turnover_ratio": 0.24,
            "account_receivable_turnover_ratio": 1.19,
            "reinvestment_rate": null,
            "research_to_sale_ratio": 23.68,
            "price_fair": 439.71,
            "eps_avg_yearly": 18.01,
            "eps_latest_yearly": 21.08,
            "eps_growth_yearly": 14.42
        },
        "20124": {
            "year_quarter": 20124,
            "year": 2012,
            "quarter": 4,
            "eps": 7.4,
            "eps_growth_year": 169.58,
            "eps_4q": 22.98,
            "eps_4q_growth_year": 77.55,
            "roe": 13.13,
            "roe_4q": 57.66,
            "gross_profit": 838583,
            "gross_margin": 73.03,
            "gross_margin_4q_avg": 71.23,
            "net_income": 489342,
            "net_income_4q": null,
            "revenue": 1148218,
            "revenue_4q": null,
            "common_shares": 660000,
            "book_valuer_per_share": 59.7,
            "book_valuer_per_share_4q_avg": 46.94,
            "equity": 3972952,
            "current_ratio": 419.51,
            "debt_ratio": 23.65,
            "inventory_turnover_ratio": 0.25,
            "account_receivable_turnover_ratio": 1.36,
            "reinvestment_rate": null,
            "research_to_sale_ratio": 16.22,
            "price_fair": 697.9,
            "eps_avg_yearly": 19.94,
            "eps_latest_yearly": 29.6,
            "eps_growth_yearly": 38.96
        },
        "20131": {
            "year_quarter": 20131,
            "year": 2013,
            "quarter": 1,
            "eps": 8.04,
            "eps_growth_year": 75.93,
            "eps_4q": 26.86,
            "eps_4q_growth_year": 53.36,
            "roe": 12.61,
            "roe_4q": 52.93000000000001,
            "gross_profit": 853373,
            "gross_margin": 70.42,
            "gross_margin_4q_avg": 71.32,
            "net_income": 531539,
            "net_income_4q": null,
            "revenue": 1211870,
            "revenue_4q": null,
            "common_shares": 660000,
            "book_valuer_per_share": 67,
            "book_valuer_per_share_4q_avg": 56.53,
            "equity": 4456845,
            "current_ratio": 437.22,
            "debt_ratio": 23.7,
            "inventory_turnover_ratio": 0.27,
            "account_receivable_turnover_ratio": 1.15,
            "reinvestment_rate": null,
            "research_to_sale_ratio": 14.5,
            "price_fair": 759,
            "eps_avg_yearly": 21.69,
            "eps_latest_yearly": 32.16,
            "eps_growth_yearly": 38.34
        },
        "20132": {
            "year_quarter": 20132,
            "year": 2013,
            "quarter": 2,
            "eps": 8.44,
            "eps_growth_year": 37.13,
            "eps_4q": 29.14,
            "eps_4q_growth_year": 79.5,
            "roe": 12.84,
            "roe_4q": 49.099999999999994,
            "gross_profit": 906098,
            "gross_margin": 70.35,
            "gross_margin_4q_avg": 71.2,
            "net_income": 557617,
            "net_income_4q": null,
            "revenue": 1287964,
            "revenue_4q": null,
            "common_shares": 660000,
            "book_valuer_per_share": 63.54,
            "book_valuer_per_share_4q_avg": 60.63,
            "equity": 4230098,
            "current_ratio": 280.97,
            "debt_ratio": 35.79,
            "inventory_turnover_ratio": 0.28,
            "account_receivable_turnover_ratio": 1.21,
            "reinvestment_rate": null,
            "research_to_sale_ratio": 14.26,
            "price_fair": 811.83,
            "eps_avg_yearly": 23.2,
            "eps_latest_yearly": 33.76,
            "eps_growth_yearly": 36.03
        },
        "20133": {
            "year_quarter": 20133,
            "year": 2013,
            "quarter": 3,
            "eps": 8.41,
            "eps_growth_year": 59.73,
            "eps_4q": 32.29,
            "eps_4q_growth_year": 78.65,
            "roe": 12.34,
            "roe_4q": 50.92,
            "gross_profit": 984922,
            "gross_margin": 70.26,
            "gross_margin_4q_avg": 71.02,
            "net_income": 555729,
            "net_income_4q": null,
            "revenue": 1401908,
            "revenue_4q": null,
            "common_shares": 660000,
            "book_valuer_per_share": 71.83,
            "book_valuer_per_share_4q_avg": 65.52,
            "equity": 4777800,
            "current_ratio": 384.89,
            "debt_ratio": 26.44,
            "inventory_turnover_ratio": 0.3,
            "account_receivable_turnover_ratio": 1.4,
            "reinvestment_rate": null,
            "research_to_sale_ratio": 14.32,
            "price_fair": 852.44,
            "eps_avg_yearly": 24.36,
            "eps_latest_yearly": 33.64,
            "eps_growth_yearly": 31.87
        },
        "20134": {
            "year_quarter": 20134,
            "year": 2013,
            "quarter": 4,
            "eps": 9.88,
            "eps_growth_year": 33.43,
            "eps_4q": 33.01,
            "eps_4q_growth_year": 43.65,
            "roe": 9.68,
            "roe_4q": 47.47,
            "gross_profit": 1014066,
            "gross_margin": 70.5,
            "gross_margin_4q_avg": 70.38,
            "net_income": 702390,
            "net_income_4q": null,
            "revenue": 1438301,
            "revenue_4q": null,
            "common_shares": 710000,
            "book_valuer_per_share": 136.54,
            "book_valuer_per_share_4q_avg": 84.73,
            "equity": 9733032,
            "current_ratio": 562.55,
            "debt_ratio": 17.88,
            "inventory_turnover_ratio": 0.29,
            "account_receivable_turnover_ratio": 1.07,
            "reinvestment_rate": null,
            "research_to_sale_ratio": 12.78,
            "price_fair": 905.52,
            "eps_avg_yearly": 25.87,
            "eps_latest_yearly": 39.52,
            "eps_growth_yearly": 35.67
        },
        "20141": {
            "year_quarter": 20141,
            "year": 2014,
            "quarter": 1,
            "eps": 8.23,
            "eps_growth_year": 2.36,
            "eps_4q": 33.77,
            "eps_4q_growth_year": 25.71,
            "roe": 5.84,
            "roe_4q": 40.7,
            "gross_profit": 821829,
            "gross_margin": 70.38,
            "gross_margin_4q_avg": 70.37,
            "net_income": 585649,
            "net_income_4q": null,
            "revenue": 1167655,
            "revenue_4q": null,
            "common_shares": 710000,
            "book_valuer_per_share": 144.99,
            "book_valuer_per_share_4q_avg": 104.23,
            "equity": 10335973,
            "current_ratio": 538.21,
            "debt_ratio": 18.65,
            "inventory_turnover_ratio": 0.21,
            "account_receivable_turnover_ratio": 0.79,
            "reinvestment_rate": null,
            "research_to_sale_ratio": 16.48,
            "price_fair": 927.95,
            "eps_avg_yearly": 26.51,
            "eps_latest_yearly": 32.92,
            "eps_growth_yearly": 26.36
        },
        "20142": {
            "year_quarter": 20142,
            "year": 2014,
            "quarter": 2,
            "eps": 8.47,
            "eps_growth_year": 0.36,
            "eps_4q": 34.39,
            "eps_4q_growth_year": 18.02,
            "roe": 5.99,
            "roe_4q": 33.849999999999994,
            "gross_profit": 1321752,
            "gross_margin": 70.28,
            "gross_margin_4q_avg": 70.36,
            "net_income": 602508,
            "net_income_4q": null,
            "revenue": 1880590,
            "revenue_4q": null,
            "common_shares": 710000,
            "book_valuer_per_share": 137.27,
            "book_valuer_per_share_4q_avg": 122.66,
            "equity": 9787997,
            "current_ratio": 368.63,
            "debt_ratio": 26.68,
            "inventory_turnover_ratio": 0.31,
            "account_receivable_turnover_ratio": 1.29,
            "reinvestment_rate": 4.89,
            "research_to_sale_ratio": 12.85,
            "price_fair": 949.43,
            "eps_avg_yearly": 27.13,
            "eps_latest_yearly": 33.88,
            "eps_growth_yearly": 25.13
        },
        "20143": {
            "year_quarter": 20143,
            "year": 2014,
            "quarter": 3,
            "eps": 8.43,
            "eps_growth_year": 0.24,
            "eps_4q": 35.01,
            "eps_4q_growth_year": 8.42,
            "roe": 5.93,
            "roe_4q": 27.439999999999998,
            "gross_profit": 1027197,
            "gross_margin": 70.07,
            "gross_margin_4q_avg": 70.31,
            "net_income": 598221,
            "net_income_4q": null,
            "revenue": 1465993,
            "revenue_4q": null,
            "common_shares": 710000,
            "book_valuer_per_share": 145.88,
            "book_valuer_per_share_4q_avg": 141.17,
            "equity": 10400047,
            "current_ratio": 506.27,
            "debt_ratio": 19.31,
            "inventory_turnover_ratio": 0.25,
            "account_receivable_turnover_ratio": 0.97,
            "reinvestment_rate": 6.7,
            "research_to_sale_ratio": 16.4,
            "price_fair": 913.45,
            "eps_avg_yearly": 27.63,
            "eps_latest_yearly": 33.72,
            "eps_growth_yearly": 23.06
        },
        "20144": {
            "year_quarter": 20144,
            "year": 2014,
            "quarter": 4,
            "eps": 20.48,
            "eps_growth_year": 107.31,
            "eps_4q": 45.6,
            "eps_4q_growth_year": 38.16,
            "roe": 13.07,
            "roe_4q": 30.830000000000002,
            "gross_profit": 1894987,
            "gross_margin": 70.3,
            "gross_margin_4q_avg": 70.26,
            "net_income": 1455558,
            "net_income_4q": null,
            "revenue": 2695412,
            "revenue_4q": null,
            "common_shares": 710000,
            "book_valuer_per_share": 166.59,
            "book_valuer_per_share_4q_avg": 148.68,
            "equity": 11874964,
            "current_ratio": 452.11,
            "debt_ratio": 21.5,
            "inventory_turnover_ratio": 0.45,
            "account_receivable_turnover_ratio": 1.3,
            "reinvestment_rate": 1.67,
            "research_to_sale_ratio": 10.63,
            "price_fair": 1102.9,
            "eps_avg_yearly": 31.51,
            "eps_latest_yearly": 81.92,
            "eps_growth_yearly": 62.25
        },
        "20151": {
            "year_quarter": 20151,
            "year": 2015,
            "quarter": 1,
            "eps": 6.17,
            "eps_growth_year": -25.03,
            "eps_4q": 43.54,
            "eps_4q_growth_year": 28.95,
            "roe": 3.64,
            "roe_4q": 28.630000000000003,
            "gross_profit": 1108977,
            "gross_margin": 70.51,
            "gross_margin_4q_avg": 70.29,
            "net_income": 440219,
            "net_income_4q": null,
            "revenue": 1572758,
            "revenue_4q": null,
            "common_shares": 710000,
            "book_valuer_per_share": 172.64,
            "book_valuer_per_share_4q_avg": 155.6,
            "equity": 12306364,
            "current_ratio": 429.01,
            "debt_ratio": 22.36,
            "inventory_turnover_ratio": 0.24,
            "account_receivable_turnover_ratio": 0.62,
            "reinvestment_rate": 9.9,
            "research_to_sale_ratio": 20.49,
            "price_fair": 1086.96,
            "eps_avg_yearly": 31.06,
            "eps_latest_yearly": 24.68,
            "eps_growth_yearly": 39.47
        },
        "20152": {
            "year_quarter": 20152,
            "year": 2015,
            "quarter": 2,
            "eps": 9.69,
            "eps_growth_year": 14.4,
            "eps_4q": 44.76,
            "eps_4q_growth_year": 30.15,
            "roe": 5.81,
            "roe_4q": 28.45,
            "gross_profit": 1621522,
            "gross_margin": 70.32,
            "gross_margin_4q_avg": 70.3,
            "net_income": 689663,
            "net_income_4q": null,
            "revenue": 2305840,
            "revenue_4q": null,
            "common_shares": 710000,
            "book_valuer_per_share": 160.16,
            "book_valuer_per_share_4q_avg": 161.32,
            "equity": 11422668,
            "current_ratio": 297.06,
            "debt_ratio": 32.06,
            "inventory_turnover_ratio": 0.31,
            "account_receivable_turnover_ratio": 0.84,
            "reinvestment_rate": 2.69,
            "research_to_sale_ratio": 16.53,
            "price_fair": 1103.81,
            "eps_avg_yearly": 31.54,
            "eps_latest_yearly": 38.76,
            "eps_growth_yearly": 51.26
        },
        "20153": {
            "year_quarter": 20153,
            "year": 2015,
            "quarter": 3,
            "eps": 6.64,
            "eps_growth_year": -21.23,
            "eps_4q": 42.97,
            "eps_4q_growth_year": 22.75,
            "roe": 3.99,
            "roe_4q": 26.51,
            "gross_profit": 737508,
            "gross_margin": 70.35,
            "gross_margin_4q_avg": 70.37,
            "net_income": 465959,
            "net_income_4q": null,
            "revenue": 1048275,
            "revenue_4q": null,
            "common_shares": 710000,
            "book_valuer_per_share": 167.49,
            "book_valuer_per_share_4q_avg": 166.72,
            "equity": 11943853,
            "current_ratio": 393.55,
            "debt_ratio": 24.28,
            "inventory_turnover_ratio": 0.12,
            "account_receivable_turnover_ratio": 0.46,
            "reinvestment_rate": 2.01,
            "research_to_sale_ratio": 25.83,
            "price_fair": 1128.93,
            "eps_avg_yearly": 32.26,
            "eps_latest_yearly": 26.56,
            "eps_growth_yearly": 53.74
        },
        "20154": {
            "year_quarter": 20154,
            "year": 2015,
            "quarter": 4,
            "eps": 10.2,
            "eps_growth_year": -50.17,
            "eps_4q": 32.7,
            "eps_4q_growth_year": -28.3,
            "roe": 5.91,
            "roe_4q": 19.35,
            "gross_profit": 1208362,
            "gross_margin": 70.05,
            "gross_margin_4q_avg": 70.31,
            "net_income": 725907,
            "net_income_4q": null,
            "revenue": 1724932,
            "revenue_4q": null,
            "common_shares": 710000,
            "book_valuer_per_share": 177.22,
            "book_valuer_per_share_4q_avg": 169.38,
            "equity": 12636267,
            "current_ratio": 396.47,
            "debt_ratio": 24.36,
            "inventory_turnover_ratio": 0.19,
            "account_receivable_turnover_ratio": 1.24,
            "reinvestment_rate": 4.02,
            "research_to_sale_ratio": 12.76,
            "price_fair": 1194.11,
            "eps_avg_yearly": 34.12,
            "eps_latest_yearly": 40.8,
            "eps_growth_yearly": 73.9
        },
        "20161": {
            "year_quarter": 20161,
            "year": 2016,
            "quarter": 1,
            "eps": 3.55,
            "eps_growth_year": -42.46,
            "eps_4q": 30.08,
            "eps_4q_growth_year": -30.93,
            "roe": 1.98,
            "roe_4q": 17.69,
            "gross_profit": 695654,
            "gross_margin": 70.54,
            "gross_margin_4q_avg": 70.32,
            "net_income": 253135,
            "net_income_4q": null,
            "revenue": 986221,
            "revenue_4q": null,
            "common_shares": 710000,
            "book_valuer_per_share": 181.01,
            "book_valuer_per_share_4q_avg": 171.47,
            "equity": 12906414,
            "current_ratio": 428.58,
            "debt_ratio": 22.55,
            "inventory_turnover_ratio": 0.11,
            "account_receivable_turnover_ratio": 0.66,
            "reinvestment_rate": 4.23,
            "research_to_sale_ratio": 21.26,
            "price_fair": 1185.19,
            "eps_avg_yearly": 33.86,
            "eps_latest_yearly": 14.2,
            "eps_growth_yearly": 41.06
        },
        "20162": {
            "year_quarter": 20162,
            "year": 2016,
            "quarter": 2,
            "eps": 7.68,
            "eps_growth_year": -20.74,
            "eps_4q": 28.06,
            "eps_4q_growth_year": -37.3,
            "roe": 4.32,
            "roe_4q": 16.200000000000003,
            "gross_profit": 1047294,
            "gross_margin": 70.14,
            "gross_margin_4q_avg": 70.27,
            "net_income": 545677,
            "net_income_4q": null,
            "revenue": 1493238,
            "revenue_4q": null,
            "common_shares": 710000,
            "book_valuer_per_share": 173.12,
            "book_valuer_per_share_4q_avg": 174.71,
            "equity": 12348528,
            "current_ratio": 334.23,
            "debt_ratio": 28.68,
            "inventory_turnover_ratio": 0.18,
            "account_receivable_turnover_ratio": 0.74,
            "reinvestment_rate": 4.07,
            "research_to_sale_ratio": 13.99,
            "price_fair": 1198.58,
            "eps_avg_yearly": 34.25,
            "eps_latest_yearly": 30.72,
            "eps_growth_yearly": 61.5
        },
        "20163": {
            "year_quarter": 20163,
            "year": 2016,
            "quarter": 3,
            "eps": 0.48,
            "eps_growth_year": -92.77,
            "eps_4q": 21.91,
            "eps_4q_growth_year": -49.01,
            "roe": 0.26,
            "roe_4q": 12.47,
            "gross_profit": 669353,
            "gross_margin": 70.23,
            "gross_margin_4q_avg": 70.24,
            "net_income": 31714,
            "net_income_4q": null,
            "revenue": 953120,
            "revenue_4q": null,
            "common_shares": 710000,
            "book_valuer_per_share": 173.65,
            "book_valuer_per_share_4q_avg": 176.25,
            "equity": 12381259,
            "current_ratio": 422.24,
            "debt_ratio": 22.84,
            "inventory_turnover_ratio": 0.12,
            "account_receivable_turnover_ratio": 0.43,
            "reinvestment_rate": 3.8,
            "research_to_sale_ratio": 21.66,
            "price_fair": 1156.66,
            "eps_avg_yearly": 33.05,
            "eps_latest_yearly": 1.92,
            "eps_growth_yearly": 41.64
        }
    },
    "months": {
        "2011-04": {
            "month": "2011-04",
            "price": "64.13",
            "revenue": 159156
        },
        "2011-05": {
            "month": "2011-05",
            "price": "69.65",
            "revenue": 376065
        },
        "2011-06": {
            "month": "2011-06",
            "price": "73.42",
            "revenue": 430719
        },
        "2011-07": {
            "month": "2011-07",
            "price": "79.17",
            "revenue": 17413
        },
        "2011-08": {
            "month": "2011-08",
            "price": "80.96",
            "revenue": 387673
        },
        "2011-09": {
            "month": "2011-09",
            "price": "81.60",
            "revenue": 276012
        },
        "2011-10": {
            "month": "2011-10",
            "price": "82.57",
            "revenue": 251633
        },
        "2011-11": {
            "month": "2011-11",
            "price": "120.87",
            "revenue": 307866
        },
        "2011-12": {
            "month": "2011-12",
            "price": "133.28",
            "revenue": 307964
        },
        "2012-01": {
            "month": "2012-01",
            "price": "145.84",
            "revenue": 121026
        },
        "2012-02": {
            "month": "2012-02",
            "price": "192.81",
            "revenue": 328387
        },
        "2012-03": {
            "month": "2012-03",
            "price": "272.52",
            "revenue": 465451
        },
        "2012-04": {
            "month": "2012-04",
            "price": "288.40",
            "revenue": 478365
        },
        "2012-05": {
            "month": "2012-05",
            "price": "354.61",
            "revenue": 291573
        },
        "2012-06": {
            "month": "2012-06",
            "price": "330.02",
            "revenue": 299377
        },
        "2012-07": {
            "month": "2012-07",
            "price": "344.20",
            "revenue": 362954
        },
        "2012-08": {
            "month": "2012-08",
            "price": "387.80",
            "revenue": 351167
        },
        "2012-09": {
            "month": "2012-09",
            "price": "416.02",
            "revenue": 312834
        },
        "2012-10": {
            "month": "2012-10",
            "price": "465.73",
            "revenue": 295381
        },
        "2012-11": {
            "month": "2012-11",
            "price": "557.23",
            "revenue": 367082
        },
        "2012-12": {
            "month": "2012-12",
            "price": "531.33",
            "revenue": 500432
        },
        "2013-01": {
            "month": "2013-01",
            "price": "546.27",
            "revenue": 147639
        },
        "2013-02": {
            "month": "2013-02",
            "price": "601.85",
            "revenue": 530120
        },
        "2013-03": {
            "month": "2013-03",
            "price": "706.19",
            "revenue": 527151
        },
        "2013-04": {
            "month": "2013-04",
            "price": "775.45",
            "revenue": 456767
        },
        "2013-05": {
            "month": "2013-05",
            "price": "913.27",
            "revenue": 435634
        },
        "2013-06": {
            "month": "2013-06",
            "price": "935.05",
            "revenue": 401716
        },
        "2013-07": {
            "month": "2013-07",
            "price": "901.96",
            "revenue": 461968
        },
        "2013-08": {
            "month": "2013-08",
            "price": "885.52",
            "revenue": 399874
        },
        "2013-09": {
            "month": "2013-09",
            "price": "826.60",
            "revenue": 543326
        },
        "2013-10": {
            "month": "2013-10",
            "price": "961.55",
            "revenue": 452208
        },
        "2013-11": {
            "month": "2013-11",
            "price": "915.76",
            "revenue": 313473
        },
        "2013-12": {
            "month": "2013-12",
            "price": "939.41",
            "revenue": 670300
        },
        "2014-01": {
            "month": "2014-01",
            "price": "928.06",
            "revenue": 152978
        },
        "2014-02": {
            "month": "2014-02",
            "price": "999.35",
            "revenue": 145590
        },
        "2014-03": {
            "month": "2014-03",
            "price": "1212.62",
            "revenue": 869087
        },
        "2014-04": {
            "month": "2014-04",
            "price": "1349.76",
            "revenue": 765973
        },
        "2014-05": {
            "month": "2014-05",
            "price": "1247.38",
            "revenue": 496522
        },
        "2014-06": {
            "month": "2014-06",
            "price": "1185.00",
            "revenue": 618091
        },
        "2014-07": {
            "month": "2014-07",
            "price": "1187.95",
            "revenue": 325639
        },
        "2014-08": {
            "month": "2014-08",
            "price": "1253.10",
            "revenue": 688402
        },
        "2014-09": {
            "month": "2014-09",
            "price": "1275.95",
            "revenue": 451956
        },
        "2014-10": {
            "month": "2014-10",
            "price": "1350.45",
            "revenue": 331013
        },
        "2014-11": {
            "month": "2014-11",
            "price": "1513.75",
            "revenue": 776794
        },
        "2014-12": {
            "month": "2014-12",
            "price": "1523.33",
            "revenue": 1587605
        },
        "2015-01": {
            "month": "2015-01",
            "price": "1486.25",
            "revenue": 535974
        },
        "2015-02": {
            "month": "2015-02",
            "price": "1522.69",
            "revenue": 46625
        },
        "2015-03": {
            "month": "2015-03",
            "price": "1771.36",
            "revenue": 990159
        },
        "2015-04": {
            "month": "2015-04",
            "price": "1951.25",
            "revenue": 171004
        },
        "2015-05": {
            "month": "2015-05",
            "price": "2274.00",
            "revenue": 189355
        },
        "2015-06": {
            "month": "2015-06",
            "price": "2188.81",
            "revenue": 1945481
        },
        "2015-07": {
            "month": "2015-07",
            "price": "1806.59",
            "revenue": 175607
        },
        "2015-08": {
            "month": "2015-08",
            "price": "1237.38",
            "revenue": 474156
        },
        "2015-09": {
            "month": "2015-09",
            "price": "1233.50",
            "revenue": 398512
        },
        "2015-10": {
            "month": "2015-10",
            "price": "1230.95",
            "revenue": 214876
        }
    }
}
