{
    "summary": {
        "stock_name": "全宇生技-KY",
        "stock_id": "4148",
        "category": "生技醫療",
        "main_business": "微生物研發及量產<br>微生物有機複合肥<br>生化有機複合肥",
        "website_url": "http://www.allcosmos.com",
        "ceo": "彭士豪",
        "pe_ratio": 11,
        "report_year_from": 2016,
        "report_year_to": 2023,
        "age": 7,
        "eps_negative_percentage": 0,
        "eps_growth_avg": {
            "last_all": 37.43,
            "last_2y": 95.36,
            "last_4y": 37.43,
            "last_8y": null,
            "last_12y": null,
            "last_16y": null,
            "last_20y": null,
            "at_2006_last_3y": null,
            "at_2007_last_3y": null,
            "at_2008_last_3y": null,
            "at_2009_last_3y": null,
            "at_2010_last_3y": null,
            "at_2011_last_3y": null,
            "at_2012_last_3y": null,
            "at_2013_last_3y": null,
            "at_2014_last_3y": null,
            "at_2015_last_3y": null,
            "at_2016_last_3y": null,
            "at_2017_last_3y": null,
            "at_2018_last_3y": null,
            "at_2019_last_3y": null,
            "at_2020_last_3y": null,
            "at_2021_last_3y": 25.27,
            "at_2022_last_3y": 49.46,
            "at_2023_last_3y": 49.46,
            "at_2006_last_all": null,
            "at_2007_last_all": null,
            "at_2008_last_all": null,
            "at_2009_last_all": null,
            "at_2010_last_all": null,
            "at_2011_last_all": null,
            "at_2012_last_all": null,
            "at_2013_last_all": null,
            "at_2014_last_all": null,
            "at_2015_last_all": null,
            "at_2016_last_all": null,
            "at_2017_last_all": null,
            "at_2018_last_all": null,
            "at_2019_last_all": -49.47,
            "at_2020_last_all": 0.36,
            "at_2021_last_all": 25.27,
            "at_2022_last_all": 37.43,
            "at_2023_last_all": 37.43
        },
        "latest_eps": 4.44,
        "latest_price": 47.5,
        "latest_roe": 13.16,
        "latest_gross_margin": 11.92,
        "latest_equity": 2673813,
        "latest_revenue": 786478,
        "latest_gross_profit": 93753,
        "latest_net_income": 28893,
        "latest_debt_ratio": 26.43,
        "latest_current_ratio": 726.97,
        "latest_account_receivable_turnover_ratio": 1.03,
        "latest_inventory_turnover_ratio": 0.87,
        "latest_reinvestment_rate": 12.47,
        "latest_research_to_sale_ratio": 0.09
    },
    "eps_dividends": {
        "2001": {
            "cash": 0,
            "stock": 0,
            "eps": 0
        },
        "2002": {
            "cash": 0,
            "stock": 0,
            "eps": 0
        },
        "2003": {
            "cash": 0,
            "stock": 0,
            "eps": 0
        },
        "2004": {
            "cash": 0,
            "stock": 0,
            "eps": 0
        },
        "2005": {
            "cash": 0,
            "stock": 0,
            "eps": 0
        },
        "2006": {
            "cash": 0,
            "stock": 0,
            "eps": 0
        },
        "2007": {
            "cash": 0,
            "stock": 0,
            "eps": 0
        },
        "2008": {
            "cash": 0,
            "stock": 0,
            "eps": 0
        },
        "2009": {
            "cash": 0,
            "stock": 0,
            "eps": 0
        },
        "2010": {
            "cash": 0,
            "stock": 0,
            "eps": 0
        },
        "2011": {
            "cash": 0,
            "stock": 0,
            "eps": 0
        },
        "2012": {
            "cash": 0,
            "stock": 0,
            "eps": 0
        },
        "2013": {
            "cash": 0,
            "stock": 0,
            "eps": 0
        },
        "2014": {
            "cash": 0,
            "stock": 0,
            "eps": 0
        },
        "2015": {
            "cash": 0,
            "stock": 0,
            "eps": 0
        },
        "2016": {
            "cash": 0,
            "stock": 0,
            "eps": 0
        },
        "2017": {
            "cash": 2.15,
            "stock": 0,
            "eps": 5.34
        },
        "2018": {
            "cash": 2.65,
            "stock": 0,
            "eps": 4.77
        },
        "2019": {
            "cash": 2.4,
            "stock": 0,
            "eps": 0.56
        },
        "2020": {
            "cash": 1,
            "stock": 0,
            "eps": 1.28
        },
        "2021": {
            "cash": 1,
            "stock": 0,
            "eps": 3.09
        },
        "2022": {
            "cash": 1.5,
            "stock": 0,
            "eps": 5.75
        },
        "2023": {
            "cash": 2.5,
            "stock": 0,
            "eps": 1.24
        }
    },
    "dividends": {
        "2017-03-20": {
            "cash": 2.15,
            "stock": 0
        },
        "2018-07-27": {
            "cash": 2.65,
            "stock": 0
        },
        "2019-07-31": {
            "cash": 2.4,
            "stock": 0
        },
        "2020-07-30": {
            "cash": 1,
            "stock": 0
        },
        "2021-07-30": {
            "cash": 1,
            "stock": 0
        },
        "2022-07-20": {
            "cash": 1.5,
            "stock": 0
        },
        "2023-08-01": {
            "cash": 2.5,
            "stock": 0
        }
    },
    "prices": {
        "200101": "無",
        "200102": "無",
        "200103": "無",
        "200104": "無",
        "200105": "無",
        "200106": "無",
        "200107": "無",
        "200108": "無",
        "200109": "無",
        "200110": "無",
        "200111": "無",
        "200112": "無",
        "200201": "無",
        "200202": "無",
        "200203": "無",
        "200204": "無",
        "200205": "無",
        "200206": "無",
        "200207": "無",
        "200208": "無",
        "200209": "無",
        "200210": "無",
        "200211": "無",
        "200212": "無",
        "200301": "無",
        "200302": "無",
        "200303": "無",
        "200304": "無",
        "200305": "無",
        "200306": "無",
        "200307": "無",
        "200308": "無",
        "200309": "無",
        "200310": "無",
        "200311": "無",
        "200312": "無",
        "200401": "無",
        "200402": "無",
        "200403": "無",
        "200404": "無",
        "200405": "無",
        "200406": "無",
        "200407": "無",
        "200408": "無",
        "200409": "無",
        "200410": "無",
        "200411": "無",
        "200412": "無",
        "200501": "無",
        "200502": "無",
        "200503": "無",
        "200504": "無",
        "200505": "無",
        "200506": "無",
        "200507": "無",
        "200508": "無",
        "200509": "無",
        "200510": "無",
        "200511": "無",
        "200512": "無",
        "200601": "無",
        "200602": "無",
        "200603": "無",
        "200604": "無",
        "200605": "無",
        "200606": "無",
        "200607": "無",
        "200608": "無",
        "200609": "無",
        "200610": "無",
        "200611": "無",
        "200612": "無",
        "200701": "無",
        "200702": "無",
        "200703": "無",
        "200704": "無",
        "200705": "無",
        "200706": "無",
        "200707": "無",
        "200708": "無",
        "200709": "無",
        "200710": "無",
        "200711": "無",
        "200712": "無",
        "200801": "無",
        "200802": "無",
        "200803": "無",
        "200804": "無",
        "200805": "無",
        "200806": "無",
        "200807": "無",
        "200808": "無",
        "200809": "無",
        "200810": "無",
        "200811": "無",
        "200812": "無",
        "200901": "無",
        "200902": "無",
        "200903": "無",
        "200904": "無",
        "200905": "無",
        "200906": "無",
        "200907": "無",
        "200908": "無",
        "200909": "無",
        "200910": "無",
        "200911": "無",
        "200912": "無",
        "201001": "無",
        "201002": "無",
        "201003": "無",
        "201004": "無",
        "201005": "無",
        "201006": "無",
        "201007": "無",
        "201008": "無",
        "201009": "無",
        "201010": "無",
        "201011": "無",
        "201012": "無",
        "201101": "無",
        "201102": "無",
        "201103": "無",
        "201104": "無",
        "201105": "無",
        "201106": "無",
        "201107": "無",
        "201108": "無",
        "201109": "無",
        "201110": "無",
        "201111": "無",
        "201112": "無",
        "201201": "無",
        "201202": "無",
        "201203": "無",
        "201204": "無",
        "201205": "無",
        "201206": "無",
        "201207": "無",
        "201208": "無",
        "201209": "無",
        "201210": "無",
        "201211": "無",
        "201212": "無",
        "201301": "無",
        "201302": "無",
        "201303": "無",
        "201304": "無",
        "201305": "無",
        "201306": "無",
        "201307": "無",
        "201308": "無",
        "201309": "無",
        "201310": "無",
        "201311": "無",
        "201312": "無",
        "201401": "無",
        "201402": "無",
        "201403": "無",
        "201404": "無",
        "201405": "無",
        "201406": "無",
        "201407": "無",
        "201408": "無",
        "201409": "無",
        "201410": "無",
        "201411": "無",
        "201412": "無",
        "201501": "無",
        "201502": "無",
        "201503": "無",
        "201504": "無",
        "201505": "無",
        "201506": "無",
        "201507": "無",
        "201508": "無",
        "201509": "無",
        "201510": "無",
        "201511": "無",
        "201512": "無",
        "201601": "無",
        "201602": "無",
        "201603": "無",
        "201604": "無",
        "201605": "無",
        "201606": "無",
        "201607": "無",
        "201608": "無",
        "201609": "無",
        "201610": "無",
        "201611": "無",
        "201612": "無",
        "201701": "無",
        "201702": "無",
        "201703": "無",
        "201704": "無",
        "201705": "無",
        "201706": "67.78",
        "201707": "66.58",
        "201708": "81.22",
        "201709": "98.65",
        "201710": "120.13",
        "201711": "114.59",
        "201712": "108.04",
        "201801": "126.18",
        "201802": "110.08",
        "201803": "125.00",
        "201804": "130.72",
        "201805": "121.50",
        "201806": "117.35",
        "201807": "105.54",
        "201808": "103.76",
        "201809": "87.51",
        "201810": "72.64",
        "201811": "67.88",
        "201812": "58.79",
        "201901": "57.77",
        "201902": "62.17",
        "201903": "58.76",
        "201904": "56.68",
        "201905": "53.46",
        "201906": "53.23",
        "201907": "52.69",
        "201908": "50.73",
        "201909": "45.51",
        "201910": "42.03",
        "201911": "41.47",
        "201912": "40.86",
        "202001": "42.65",
        "202002": "37.23",
        "202003": "26.04",
        "202004": "26.07",
        "202005": "37.98",
        "202006": "40.70",
        "202007": "38.32",
        "202008": "37.20",
        "202009": "37.77",
        "202010": "34.83",
        "202011": "35.21",
        "202012": "37.68",
        "202101": "36.94",
        "202102": "34.35",
        "202103": "35.45",
        "202104": "39.17",
        "202105": "35.78",
        "202106": "34.34",
        "202107": "34.17",
        "202108": "33.33",
        "202109": "34.11",
        "202110": "37.83",
        "202111": "40.36",
        "202112": "40.64",
        "202201": "39.94",
        "202202": "43.18",
        "202203": "60.91",
        "202204": "81.55",
        "202205": "69.50",
        "202206": "55.13",
        "202207": "53.86",
        "202208": "63.55",
        "202209": "67.38",
        "202210": "54.54",
        "202211": "57.94",
        "202212": "57.51",
        "202301": "55.77",
        "202302": "66.62",
        "202303": "66.29",
        "202304": "65.34",
        "202305": "59.67",
        "202306": "59.54",
        "202307": "57.18",
        "202308": "50.06",
        "202309": "49.78"
    },
    "quarters": {
        "20011": {
            "year_quarter": 20011,
            "year": 2001,
            "quarter": 1,
            "eps": null,
            "eps_growth_year": null,
            "eps_4q": null,
            "eps_4q_growth_year": null,
            "roe": null,
            "roe_4q": 0,
            "gross_profit": null,
            "gross_margin": null,
            "gross_margin_4q_avg": 0,
            "net_income": null,
            "revenue": null,
            "common_shares": null,
            "book_valuer_per_share": null,
            "book_valuer_per_share_4q_avg": 0,
            "equity": null,
            "current_ratio": null,
            "debt_ratio": null,
            "inventory_turnover_ratio": null,
            "account_receivable_turnover_ratio": null,
            "reinvestment_rate": null,
            "research_to_sale_ratio": null,
            "price_fair": 0,
            "eps_avg_yearly": 0,
            "eps_latest_yearly": 0,
            "eps_growth_yearly": 0
        },
        "20012": {
            "year_quarter": 20012,
            "year": 2001,
            "quarter": 2,
            "eps": null,
            "eps_growth_year": null,
            "eps_4q": null,
            "eps_4q_growth_year": null,
            "roe": null,
            "roe_4q": 0,
            "gross_profit": null,
            "gross_margin": null,
            "gross_margin_4q_avg": 0,
            "net_income": null,
            "revenue": null,
            "common_shares": null,
            "book_valuer_per_share": null,
            "book_valuer_per_share_4q_avg": 0,
            "equity": null,
            "current_ratio": null,
            "debt_ratio": null,
            "inventory_turnover_ratio": null,
            "account_receivable_turnover_ratio": null,
            "reinvestment_rate": null,
            "research_to_sale_ratio": null,
            "price_fair": 0,
            "eps_avg_yearly": 0,
            "eps_latest_yearly": 0,
            "eps_growth_yearly": 0
        },
        "20013": {
            "year_quarter": 20013,
            "year": 2001,
            "quarter": 3,
            "eps": null,
            "eps_growth_year": null,
            "eps_4q": null,
            "eps_4q_growth_year": null,
            "roe": null,
            "roe_4q": 0,
            "gross_profit": null,
            "gross_margin": null,
            "gross_margin_4q_avg": 0,
            "net_income": null,
            "revenue": null,
            "common_shares": null,
            "book_valuer_per_share": null,
            "book_valuer_per_share_4q_avg": 0,
            "equity": null,
            "current_ratio": null,
            "debt_ratio": null,
            "inventory_turnover_ratio": null,
            "account_receivable_turnover_ratio": null,
            "reinvestment_rate": null,
            "research_to_sale_ratio": null,
            "price_fair": 0,
            "eps_avg_yearly": 0,
            "eps_latest_yearly": 0,
            "eps_growth_yearly": 0
        },
        "20014": {
            "year_quarter": 20014,
            "year": 2001,
            "quarter": 4,
            "eps": null,
            "eps_growth_year": null,
            "eps_4q": null,
            "eps_4q_growth_year": null,
            "roe": null,
            "roe_4q": 0,
            "gross_profit": null,
            "gross_margin": null,
            "gross_margin_4q_avg": 0,
            "net_income": null,
            "revenue": null,
            "common_shares": null,
            "book_valuer_per_share": null,
            "book_valuer_per_share_4q_avg": 0,
            "equity": null,
            "current_ratio": null,
            "debt_ratio": null,
            "inventory_turnover_ratio": null,
            "account_receivable_turnover_ratio": null,
            "reinvestment_rate": null,
            "research_to_sale_ratio": null,
            "price_fair": 0,
            "eps_avg_yearly": 0,
            "eps_latest_yearly": 0,
            "eps_growth_yearly": 0
        },
        "20021": {
            "year_quarter": 20021,
            "year": 2002,
            "quarter": 1,
            "eps": null,
            "eps_growth_year": null,
            "eps_4q": null,
            "eps_4q_growth_year": null,
            "roe": null,
            "roe_4q": 0,
            "gross_profit": null,
            "gross_margin": null,
            "gross_margin_4q_avg": 0,
            "net_income": null,
            "revenue": null,
            "common_shares": null,
            "book_valuer_per_share": null,
            "book_valuer_per_share_4q_avg": 0,
            "equity": null,
            "current_ratio": null,
            "debt_ratio": null,
            "inventory_turnover_ratio": null,
            "account_receivable_turnover_ratio": null,
            "reinvestment_rate": null,
            "research_to_sale_ratio": null,
            "price_fair": 0,
            "eps_avg_yearly": 0,
            "eps_latest_yearly": 0,
            "eps_growth_yearly": 0
        },
        "20022": {
            "year_quarter": 20022,
            "year": 2002,
            "quarter": 2,
            "eps": null,
            "eps_growth_year": null,
            "eps_4q": null,
            "eps_4q_growth_year": null,
            "roe": null,
            "roe_4q": 0,
            "gross_profit": null,
            "gross_margin": null,
            "gross_margin_4q_avg": 0,
            "net_income": null,
            "revenue": null,
            "common_shares": null,
            "book_valuer_per_share": null,
            "book_valuer_per_share_4q_avg": 0,
            "equity": null,
            "current_ratio": null,
            "debt_ratio": null,
            "inventory_turnover_ratio": null,
            "account_receivable_turnover_ratio": null,
            "reinvestment_rate": null,
            "research_to_sale_ratio": null,
            "price_fair": 0,
            "eps_avg_yearly": 0,
            "eps_latest_yearly": 0,
            "eps_growth_yearly": 0
        },
        "20023": {
            "year_quarter": 20023,
            "year": 2002,
            "quarter": 3,
            "eps": null,
            "eps_growth_year": null,
            "eps_4q": null,
            "eps_4q_growth_year": null,
            "roe": null,
            "roe_4q": 0,
            "gross_profit": null,
            "gross_margin": null,
            "gross_margin_4q_avg": 0,
            "net_income": null,
            "revenue": null,
            "common_shares": null,
            "book_valuer_per_share": null,
            "book_valuer_per_share_4q_avg": 0,
            "equity": null,
            "current_ratio": null,
            "debt_ratio": null,
            "inventory_turnover_ratio": null,
            "account_receivable_turnover_ratio": null,
            "reinvestment_rate": null,
            "research_to_sale_ratio": null,
            "price_fair": 0,
            "eps_avg_yearly": 0,
            "eps_latest_yearly": 0,
            "eps_growth_yearly": 0
        },
        "20024": {
            "year_quarter": 20024,
            "year": 2002,
            "quarter": 4,
            "eps": null,
            "eps_growth_year": null,
            "eps_4q": null,
            "eps_4q_growth_year": null,
            "roe": null,
            "roe_4q": 0,
            "gross_profit": null,
            "gross_margin": null,
            "gross_margin_4q_avg": 0,
            "net_income": null,
            "revenue": null,
            "common_shares": null,
            "book_valuer_per_share": null,
            "book_valuer_per_share_4q_avg": 0,
            "equity": null,
            "current_ratio": null,
            "debt_ratio": null,
            "inventory_turnover_ratio": null,
            "account_receivable_turnover_ratio": null,
            "reinvestment_rate": null,
            "research_to_sale_ratio": null,
            "price_fair": 0,
            "eps_avg_yearly": 0,
            "eps_latest_yearly": 0,
            "eps_growth_yearly": 0
        },
        "20031": {
            "year_quarter": 20031,
            "year": 2003,
            "quarter": 1,
            "eps": null,
            "eps_growth_year": null,
            "eps_4q": null,
            "eps_4q_growth_year": null,
            "roe": null,
            "roe_4q": 0,
            "gross_profit": null,
            "gross_margin": null,
            "gross_margin_4q_avg": 0,
            "net_income": null,
            "revenue": null,
            "common_shares": null,
            "book_valuer_per_share": null,
            "book_valuer_per_share_4q_avg": 0,
            "equity": null,
            "current_ratio": null,
            "debt_ratio": null,
            "inventory_turnover_ratio": null,
            "account_receivable_turnover_ratio": null,
            "reinvestment_rate": null,
            "research_to_sale_ratio": null,
            "price_fair": 0,
            "eps_avg_yearly": 0,
            "eps_latest_yearly": 0,
            "eps_growth_yearly": 0
        },
        "20032": {
            "year_quarter": 20032,
            "year": 2003,
            "quarter": 2,
            "eps": null,
            "eps_growth_year": null,
            "eps_4q": null,
            "eps_4q_growth_year": null,
            "roe": null,
            "roe_4q": 0,
            "gross_profit": null,
            "gross_margin": null,
            "gross_margin_4q_avg": 0,
            "net_income": null,
            "revenue": null,
            "common_shares": null,
            "book_valuer_per_share": null,
            "book_valuer_per_share_4q_avg": 0,
            "equity": null,
            "current_ratio": null,
            "debt_ratio": null,
            "inventory_turnover_ratio": null,
            "account_receivable_turnover_ratio": null,
            "reinvestment_rate": null,
            "research_to_sale_ratio": null,
            "price_fair": 0,
            "eps_avg_yearly": 0,
            "eps_latest_yearly": 0,
            "eps_growth_yearly": 0
        },
        "20033": {
            "year_quarter": 20033,
            "year": 2003,
            "quarter": 3,
            "eps": null,
            "eps_growth_year": null,
            "eps_4q": null,
            "eps_4q_growth_year": null,
            "roe": null,
            "roe_4q": 0,
            "gross_profit": null,
            "gross_margin": null,
            "gross_margin_4q_avg": 0,
            "net_income": null,
            "revenue": null,
            "common_shares": null,
            "book_valuer_per_share": null,
            "book_valuer_per_share_4q_avg": 0,
            "equity": null,
            "current_ratio": null,
            "debt_ratio": null,
            "inventory_turnover_ratio": null,
            "account_receivable_turnover_ratio": null,
            "reinvestment_rate": null,
            "research_to_sale_ratio": null,
            "price_fair": 0,
            "eps_avg_yearly": 0,
            "eps_latest_yearly": 0,
            "eps_growth_yearly": 0
        },
        "20034": {
            "year_quarter": 20034,
            "year": 2003,
            "quarter": 4,
            "eps": null,
            "eps_growth_year": null,
            "eps_4q": null,
            "eps_4q_growth_year": null,
            "roe": null,
            "roe_4q": 0,
            "gross_profit": null,
            "gross_margin": null,
            "gross_margin_4q_avg": 0,
            "net_income": null,
            "revenue": null,
            "common_shares": null,
            "book_valuer_per_share": null,
            "book_valuer_per_share_4q_avg": 0,
            "equity": null,
            "current_ratio": null,
            "debt_ratio": null,
            "inventory_turnover_ratio": null,
            "account_receivable_turnover_ratio": null,
            "reinvestment_rate": null,
            "research_to_sale_ratio": null,
            "price_fair": 0,
            "eps_avg_yearly": 0,
            "eps_latest_yearly": 0,
            "eps_growth_yearly": 0
        },
        "20041": {
            "year_quarter": 20041,
            "year": 2004,
            "quarter": 1,
            "eps": null,
            "eps_growth_year": null,
            "eps_4q": null,
            "eps_4q_growth_year": null,
            "roe": null,
            "roe_4q": 0,
            "gross_profit": null,
            "gross_margin": null,
            "gross_margin_4q_avg": 0,
            "net_income": null,
            "revenue": null,
            "common_shares": null,
            "book_valuer_per_share": null,
            "book_valuer_per_share_4q_avg": 0,
            "equity": null,
            "current_ratio": null,
            "debt_ratio": null,
            "inventory_turnover_ratio": null,
            "account_receivable_turnover_ratio": null,
            "reinvestment_rate": null,
            "research_to_sale_ratio": null,
            "price_fair": 0,
            "eps_avg_yearly": 0,
            "eps_latest_yearly": 0,
            "eps_growth_yearly": 0
        },
        "20042": {
            "year_quarter": 20042,
            "year": 2004,
            "quarter": 2,
            "eps": null,
            "eps_growth_year": null,
            "eps_4q": null,
            "eps_4q_growth_year": null,
            "roe": null,
            "roe_4q": 0,
            "gross_profit": null,
            "gross_margin": null,
            "gross_margin_4q_avg": 0,
            "net_income": null,
            "revenue": null,
            "common_shares": null,
            "book_valuer_per_share": null,
            "book_valuer_per_share_4q_avg": 0,
            "equity": null,
            "current_ratio": null,
            "debt_ratio": null,
            "inventory_turnover_ratio": null,
            "account_receivable_turnover_ratio": null,
            "reinvestment_rate": null,
            "research_to_sale_ratio": null,
            "price_fair": 0,
            "eps_avg_yearly": 0,
            "eps_latest_yearly": 0,
            "eps_growth_yearly": 0
        },
        "20043": {
            "year_quarter": 20043,
            "year": 2004,
            "quarter": 3,
            "eps": null,
            "eps_growth_year": null,
            "eps_4q": null,
            "eps_4q_growth_year": null,
            "roe": null,
            "roe_4q": 0,
            "gross_profit": null,
            "gross_margin": null,
            "gross_margin_4q_avg": 0,
            "net_income": null,
            "revenue": null,
            "common_shares": null,
            "book_valuer_per_share": null,
            "book_valuer_per_share_4q_avg": 0,
            "equity": null,
            "current_ratio": null,
            "debt_ratio": null,
            "inventory_turnover_ratio": null,
            "account_receivable_turnover_ratio": null,
            "reinvestment_rate": null,
            "research_to_sale_ratio": null,
            "price_fair": 0,
            "eps_avg_yearly": 0,
            "eps_latest_yearly": 0,
            "eps_growth_yearly": 0
        },
        "20044": {
            "year_quarter": 20044,
            "year": 2004,
            "quarter": 4,
            "eps": null,
            "eps_growth_year": null,
            "eps_4q": null,
            "eps_4q_growth_year": null,
            "roe": null,
            "roe_4q": 0,
            "gross_profit": null,
            "gross_margin": null,
            "gross_margin_4q_avg": 0,
            "net_income": null,
            "revenue": null,
            "common_shares": null,
            "book_valuer_per_share": null,
            "book_valuer_per_share_4q_avg": 0,
            "equity": null,
            "current_ratio": null,
            "debt_ratio": null,
            "inventory_turnover_ratio": null,
            "account_receivable_turnover_ratio": null,
            "reinvestment_rate": null,
            "research_to_sale_ratio": null,
            "price_fair": 0,
            "eps_avg_yearly": 0,
            "eps_latest_yearly": 0,
            "eps_growth_yearly": 0
        },
        "20051": {
            "year_quarter": 20051,
            "year": 2005,
            "quarter": 1,
            "eps": null,
            "eps_growth_year": null,
            "eps_4q": null,
            "eps_4q_growth_year": null,
            "roe": null,
            "roe_4q": 0,
            "gross_profit": null,
            "gross_margin": null,
            "gross_margin_4q_avg": 0,
            "net_income": null,
            "revenue": null,
            "common_shares": null,
            "book_valuer_per_share": null,
            "book_valuer_per_share_4q_avg": 0,
            "equity": null,
            "current_ratio": null,
            "debt_ratio": null,
            "inventory_turnover_ratio": null,
            "account_receivable_turnover_ratio": null,
            "reinvestment_rate": null,
            "research_to_sale_ratio": null,
            "price_fair": 0,
            "eps_avg_yearly": 0,
            "eps_latest_yearly": 0,
            "eps_growth_yearly": 0
        },
        "20052": {
            "year_quarter": 20052,
            "year": 2005,
            "quarter": 2,
            "eps": null,
            "eps_growth_year": null,
            "eps_4q": null,
            "eps_4q_growth_year": null,
            "roe": null,
            "roe_4q": 0,
            "gross_profit": null,
            "gross_margin": null,
            "gross_margin_4q_avg": 0,
            "net_income": null,
            "revenue": null,
            "common_shares": null,
            "book_valuer_per_share": null,
            "book_valuer_per_share_4q_avg": 0,
            "equity": null,
            "current_ratio": null,
            "debt_ratio": null,
            "inventory_turnover_ratio": null,
            "account_receivable_turnover_ratio": null,
            "reinvestment_rate": null,
            "research_to_sale_ratio": null,
            "price_fair": 0,
            "eps_avg_yearly": 0,
            "eps_latest_yearly": 0,
            "eps_growth_yearly": 0
        },
        "20053": {
            "year_quarter": 20053,
            "year": 2005,
            "quarter": 3,
            "eps": null,
            "eps_growth_year": null,
            "eps_4q": null,
            "eps_4q_growth_year": null,
            "roe": null,
            "roe_4q": 0,
            "gross_profit": null,
            "gross_margin": null,
            "gross_margin_4q_avg": 0,
            "net_income": null,
            "revenue": null,
            "common_shares": null,
            "book_valuer_per_share": null,
            "book_valuer_per_share_4q_avg": 0,
            "equity": null,
            "current_ratio": null,
            "debt_ratio": null,
            "inventory_turnover_ratio": null,
            "account_receivable_turnover_ratio": null,
            "reinvestment_rate": null,
            "research_to_sale_ratio": null,
            "price_fair": 0,
            "eps_avg_yearly": 0,
            "eps_latest_yearly": 0,
            "eps_growth_yearly": 0
        },
        "20054": {
            "year_quarter": 20054,
            "year": 2005,
            "quarter": 4,
            "eps": null,
            "eps_growth_year": null,
            "eps_4q": null,
            "eps_4q_growth_year": null,
            "roe": null,
            "roe_4q": 0,
            "gross_profit": null,
            "gross_margin": null,
            "gross_margin_4q_avg": 0,
            "net_income": null,
            "revenue": null,
            "common_shares": null,
            "book_valuer_per_share": null,
            "book_valuer_per_share_4q_avg": 0,
            "equity": null,
            "current_ratio": null,
            "debt_ratio": null,
            "inventory_turnover_ratio": null,
            "account_receivable_turnover_ratio": null,
            "reinvestment_rate": null,
            "research_to_sale_ratio": null,
            "price_fair": 0,
            "eps_avg_yearly": 0,
            "eps_latest_yearly": 0,
            "eps_growth_yearly": 0
        },
        "20061": {
            "year_quarter": 20061,
            "year": 2006,
            "quarter": 1,
            "eps": null,
            "eps_growth_year": null,
            "eps_4q": null,
            "eps_4q_growth_year": null,
            "roe": null,
            "roe_4q": 0,
            "gross_profit": null,
            "gross_margin": null,
            "gross_margin_4q_avg": 0,
            "net_income": null,
            "revenue": null,
            "common_shares": null,
            "book_valuer_per_share": null,
            "book_valuer_per_share_4q_avg": 0,
            "equity": null,
            "current_ratio": null,
            "debt_ratio": null,
            "inventory_turnover_ratio": null,
            "account_receivable_turnover_ratio": null,
            "reinvestment_rate": null,
            "research_to_sale_ratio": null,
            "price_fair": 0,
            "eps_avg_yearly": 0,
            "eps_latest_yearly": 0,
            "eps_growth_yearly": 0
        },
        "20062": {
            "year_quarter": 20062,
            "year": 2006,
            "quarter": 2,
            "eps": null,
            "eps_growth_year": null,
            "eps_4q": null,
            "eps_4q_growth_year": null,
            "roe": null,
            "roe_4q": 0,
            "gross_profit": null,
            "gross_margin": null,
            "gross_margin_4q_avg": 0,
            "net_income": null,
            "revenue": null,
            "common_shares": null,
            "book_valuer_per_share": null,
            "book_valuer_per_share_4q_avg": 0,
            "equity": null,
            "current_ratio": null,
            "debt_ratio": null,
            "inventory_turnover_ratio": null,
            "account_receivable_turnover_ratio": null,
            "reinvestment_rate": null,
            "research_to_sale_ratio": null,
            "price_fair": 0,
            "eps_avg_yearly": 0,
            "eps_latest_yearly": 0,
            "eps_growth_yearly": 0
        },
        "20063": {
            "year_quarter": 20063,
            "year": 2006,
            "quarter": 3,
            "eps": null,
            "eps_growth_year": null,
            "eps_4q": null,
            "eps_4q_growth_year": null,
            "roe": null,
            "roe_4q": 0,
            "gross_profit": null,
            "gross_margin": null,
            "gross_margin_4q_avg": 0,
            "net_income": null,
            "revenue": null,
            "common_shares": null,
            "book_valuer_per_share": null,
            "book_valuer_per_share_4q_avg": 0,
            "equity": null,
            "current_ratio": null,
            "debt_ratio": null,
            "inventory_turnover_ratio": null,
            "account_receivable_turnover_ratio": null,
            "reinvestment_rate": null,
            "research_to_sale_ratio": null,
            "price_fair": 0,
            "eps_avg_yearly": 0,
            "eps_latest_yearly": 0,
            "eps_growth_yearly": 0
        },
        "20064": {
            "year_quarter": 20064,
            "year": 2006,
            "quarter": 4,
            "eps": null,
            "eps_growth_year": null,
            "eps_4q": null,
            "eps_4q_growth_year": null,
            "roe": null,
            "roe_4q": 0,
            "gross_profit": null,
            "gross_margin": null,
            "gross_margin_4q_avg": 0,
            "net_income": null,
            "revenue": null,
            "common_shares": null,
            "book_valuer_per_share": null,
            "book_valuer_per_share_4q_avg": 0,
            "equity": null,
            "current_ratio": null,
            "debt_ratio": null,
            "inventory_turnover_ratio": null,
            "account_receivable_turnover_ratio": null,
            "reinvestment_rate": null,
            "research_to_sale_ratio": null,
            "price_fair": 0,
            "eps_avg_yearly": 0,
            "eps_latest_yearly": 0,
            "eps_growth_yearly": 0
        },
        "20071": {
            "year_quarter": 20071,
            "year": 2007,
            "quarter": 1,
            "eps": null,
            "eps_growth_year": null,
            "eps_4q": null,
            "eps_4q_growth_year": null,
            "roe": null,
            "roe_4q": 0,
            "gross_profit": null,
            "gross_margin": null,
            "gross_margin_4q_avg": 0,
            "net_income": null,
            "revenue": null,
            "common_shares": null,
            "book_valuer_per_share": null,
            "book_valuer_per_share_4q_avg": 0,
            "equity": null,
            "current_ratio": null,
            "debt_ratio": null,
            "inventory_turnover_ratio": null,
            "account_receivable_turnover_ratio": null,
            "reinvestment_rate": null,
            "research_to_sale_ratio": null,
            "price_fair": 0,
            "eps_avg_yearly": 0,
            "eps_latest_yearly": 0,
            "eps_growth_yearly": 0
        },
        "20072": {
            "year_quarter": 20072,
            "year": 2007,
            "quarter": 2,
            "eps": null,
            "eps_growth_year": null,
            "eps_4q": null,
            "eps_4q_growth_year": null,
            "roe": null,
            "roe_4q": 0,
            "gross_profit": null,
            "gross_margin": null,
            "gross_margin_4q_avg": 0,
            "net_income": null,
            "revenue": null,
            "common_shares": null,
            "book_valuer_per_share": null,
            "book_valuer_per_share_4q_avg": 0,
            "equity": null,
            "current_ratio": null,
            "debt_ratio": null,
            "inventory_turnover_ratio": null,
            "account_receivable_turnover_ratio": null,
            "reinvestment_rate": null,
            "research_to_sale_ratio": null,
            "price_fair": 0,
            "eps_avg_yearly": 0,
            "eps_latest_yearly": 0,
            "eps_growth_yearly": 0
        },
        "20073": {
            "year_quarter": 20073,
            "year": 2007,
            "quarter": 3,
            "eps": null,
            "eps_growth_year": null,
            "eps_4q": null,
            "eps_4q_growth_year": null,
            "roe": null,
            "roe_4q": 0,
            "gross_profit": null,
            "gross_margin": null,
            "gross_margin_4q_avg": 0,
            "net_income": null,
            "revenue": null,
            "common_shares": null,
            "book_valuer_per_share": null,
            "book_valuer_per_share_4q_avg": 0,
            "equity": null,
            "current_ratio": null,
            "debt_ratio": null,
            "inventory_turnover_ratio": null,
            "account_receivable_turnover_ratio": null,
            "reinvestment_rate": null,
            "research_to_sale_ratio": null,
            "price_fair": 0,
            "eps_avg_yearly": 0,
            "eps_latest_yearly": 0,
            "eps_growth_yearly": 0
        },
        "20074": {
            "year_quarter": 20074,
            "year": 2007,
            "quarter": 4,
            "eps": null,
            "eps_growth_year": null,
            "eps_4q": null,
            "eps_4q_growth_year": null,
            "roe": null,
            "roe_4q": 0,
            "gross_profit": null,
            "gross_margin": null,
            "gross_margin_4q_avg": 0,
            "net_income": null,
            "revenue": null,
            "common_shares": null,
            "book_valuer_per_share": null,
            "book_valuer_per_share_4q_avg": 0,
            "equity": null,
            "current_ratio": null,
            "debt_ratio": null,
            "inventory_turnover_ratio": null,
            "account_receivable_turnover_ratio": null,
            "reinvestment_rate": null,
            "research_to_sale_ratio": null,
            "price_fair": 0,
            "eps_avg_yearly": 0,
            "eps_latest_yearly": 0,
            "eps_growth_yearly": 0
        },
        "20081": {
            "year_quarter": 20081,
            "year": 2008,
            "quarter": 1,
            "eps": null,
            "eps_growth_year": null,
            "eps_4q": null,
            "eps_4q_growth_year": null,
            "roe": null,
            "roe_4q": 0,
            "gross_profit": null,
            "gross_margin": null,
            "gross_margin_4q_avg": 0,
            "net_income": null,
            "revenue": null,
            "common_shares": null,
            "book_valuer_per_share": null,
            "book_valuer_per_share_4q_avg": 0,
            "equity": null,
            "current_ratio": null,
            "debt_ratio": null,
            "inventory_turnover_ratio": null,
            "account_receivable_turnover_ratio": null,
            "reinvestment_rate": null,
            "research_to_sale_ratio": null,
            "price_fair": 0,
            "eps_avg_yearly": 0,
            "eps_latest_yearly": 0,
            "eps_growth_yearly": 0
        },
        "20082": {
            "year_quarter": 20082,
            "year": 2008,
            "quarter": 2,
            "eps": null,
            "eps_growth_year": null,
            "eps_4q": null,
            "eps_4q_growth_year": null,
            "roe": null,
            "roe_4q": 0,
            "gross_profit": null,
            "gross_margin": null,
            "gross_margin_4q_avg": 0,
            "net_income": null,
            "revenue": null,
            "common_shares": null,
            "book_valuer_per_share": null,
            "book_valuer_per_share_4q_avg": 0,
            "equity": null,
            "current_ratio": null,
            "debt_ratio": null,
            "inventory_turnover_ratio": null,
            "account_receivable_turnover_ratio": null,
            "reinvestment_rate": null,
            "research_to_sale_ratio": null,
            "price_fair": 0,
            "eps_avg_yearly": 0,
            "eps_latest_yearly": 0,
            "eps_growth_yearly": 0
        },
        "20083": {
            "year_quarter": 20083,
            "year": 2008,
            "quarter": 3,
            "eps": null,
            "eps_growth_year": null,
            "eps_4q": null,
            "eps_4q_growth_year": null,
            "roe": null,
            "roe_4q": 0,
            "gross_profit": null,
            "gross_margin": null,
            "gross_margin_4q_avg": 0,
            "net_income": null,
            "revenue": null,
            "common_shares": null,
            "book_valuer_per_share": null,
            "book_valuer_per_share_4q_avg": 0,
            "equity": null,
            "current_ratio": null,
            "debt_ratio": null,
            "inventory_turnover_ratio": null,
            "account_receivable_turnover_ratio": null,
            "reinvestment_rate": null,
            "research_to_sale_ratio": null,
            "price_fair": 0,
            "eps_avg_yearly": 0,
            "eps_latest_yearly": 0,
            "eps_growth_yearly": 0
        },
        "20084": {
            "year_quarter": 20084,
            "year": 2008,
            "quarter": 4,
            "eps": null,
            "eps_growth_year": null,
            "eps_4q": null,
            "eps_4q_growth_year": null,
            "roe": null,
            "roe_4q": 0,
            "gross_profit": null,
            "gross_margin": null,
            "gross_margin_4q_avg": 0,
            "net_income": null,
            "revenue": null,
            "common_shares": null,
            "book_valuer_per_share": null,
            "book_valuer_per_share_4q_avg": 0,
            "equity": null,
            "current_ratio": null,
            "debt_ratio": null,
            "inventory_turnover_ratio": null,
            "account_receivable_turnover_ratio": null,
            "reinvestment_rate": null,
            "research_to_sale_ratio": null,
            "price_fair": 0,
            "eps_avg_yearly": 0,
            "eps_latest_yearly": 0,
            "eps_growth_yearly": 0
        },
        "20091": {
            "year_quarter": 20091,
            "year": 2009,
            "quarter": 1,
            "eps": null,
            "eps_growth_year": null,
            "eps_4q": null,
            "eps_4q_growth_year": null,
            "roe": null,
            "roe_4q": 0,
            "gross_profit": null,
            "gross_margin": null,
            "gross_margin_4q_avg": 0,
            "net_income": null,
            "revenue": null,
            "common_shares": null,
            "book_valuer_per_share": null,
            "book_valuer_per_share_4q_avg": 0,
            "equity": null,
            "current_ratio": null,
            "debt_ratio": null,
            "inventory_turnover_ratio": null,
            "account_receivable_turnover_ratio": null,
            "reinvestment_rate": null,
            "research_to_sale_ratio": null,
            "price_fair": 0,
            "eps_avg_yearly": 0,
            "eps_latest_yearly": 0,
            "eps_growth_yearly": 0
        },
        "20092": {
            "year_quarter": 20092,
            "year": 2009,
            "quarter": 2,
            "eps": null,
            "eps_growth_year": null,
            "eps_4q": null,
            "eps_4q_growth_year": null,
            "roe": null,
            "roe_4q": 0,
            "gross_profit": null,
            "gross_margin": null,
            "gross_margin_4q_avg": 0,
            "net_income": null,
            "revenue": null,
            "common_shares": null,
            "book_valuer_per_share": null,
            "book_valuer_per_share_4q_avg": 0,
            "equity": null,
            "current_ratio": null,
            "debt_ratio": null,
            "inventory_turnover_ratio": null,
            "account_receivable_turnover_ratio": null,
            "reinvestment_rate": null,
            "research_to_sale_ratio": null,
            "price_fair": 0,
            "eps_avg_yearly": 0,
            "eps_latest_yearly": 0,
            "eps_growth_yearly": 0
        },
        "20093": {
            "year_quarter": 20093,
            "year": 2009,
            "quarter": 3,
            "eps": null,
            "eps_growth_year": null,
            "eps_4q": null,
            "eps_4q_growth_year": null,
            "roe": null,
            "roe_4q": 0,
            "gross_profit": null,
            "gross_margin": null,
            "gross_margin_4q_avg": 0,
            "net_income": null,
            "revenue": null,
            "common_shares": null,
            "book_valuer_per_share": null,
            "book_valuer_per_share_4q_avg": 0,
            "equity": null,
            "current_ratio": null,
            "debt_ratio": null,
            "inventory_turnover_ratio": null,
            "account_receivable_turnover_ratio": null,
            "reinvestment_rate": null,
            "research_to_sale_ratio": null,
            "price_fair": 0,
            "eps_avg_yearly": 0,
            "eps_latest_yearly": 0,
            "eps_growth_yearly": 0
        },
        "20094": {
            "year_quarter": 20094,
            "year": 2009,
            "quarter": 4,
            "eps": null,
            "eps_growth_year": null,
            "eps_4q": null,
            "eps_4q_growth_year": null,
            "roe": null,
            "roe_4q": 0,
            "gross_profit": null,
            "gross_margin": null,
            "gross_margin_4q_avg": 0,
            "net_income": null,
            "revenue": null,
            "common_shares": null,
            "book_valuer_per_share": null,
            "book_valuer_per_share_4q_avg": 0,
            "equity": null,
            "current_ratio": null,
            "debt_ratio": null,
            "inventory_turnover_ratio": null,
            "account_receivable_turnover_ratio": null,
            "reinvestment_rate": null,
            "research_to_sale_ratio": null,
            "price_fair": 0,
            "eps_avg_yearly": 0,
            "eps_latest_yearly": 0,
            "eps_growth_yearly": 0
        },
        "20101": {
            "year_quarter": 20101,
            "year": 2010,
            "quarter": 1,
            "eps": null,
            "eps_growth_year": null,
            "eps_4q": null,
            "eps_4q_growth_year": null,
            "roe": null,
            "roe_4q": 0,
            "gross_profit": null,
            "gross_margin": null,
            "gross_margin_4q_avg": 0,
            "net_income": null,
            "revenue": null,
            "common_shares": null,
            "book_valuer_per_share": null,
            "book_valuer_per_share_4q_avg": 0,
            "equity": null,
            "current_ratio": null,
            "debt_ratio": null,
            "inventory_turnover_ratio": null,
            "account_receivable_turnover_ratio": null,
            "reinvestment_rate": null,
            "research_to_sale_ratio": null,
            "price_fair": 0,
            "eps_avg_yearly": 0,
            "eps_latest_yearly": 0,
            "eps_growth_yearly": 0
        },
        "20102": {
            "year_quarter": 20102,
            "year": 2010,
            "quarter": 2,
            "eps": null,
            "eps_growth_year": null,
            "eps_4q": null,
            "eps_4q_growth_year": null,
            "roe": null,
            "roe_4q": 0,
            "gross_profit": null,
            "gross_margin": null,
            "gross_margin_4q_avg": 0,
            "net_income": null,
            "revenue": null,
            "common_shares": null,
            "book_valuer_per_share": null,
            "book_valuer_per_share_4q_avg": 0,
            "equity": null,
            "current_ratio": null,
            "debt_ratio": null,
            "inventory_turnover_ratio": null,
            "account_receivable_turnover_ratio": null,
            "reinvestment_rate": null,
            "research_to_sale_ratio": null,
            "price_fair": 0,
            "eps_avg_yearly": 0,
            "eps_latest_yearly": 0,
            "eps_growth_yearly": 0
        },
        "20103": {
            "year_quarter": 20103,
            "year": 2010,
            "quarter": 3,
            "eps": null,
            "eps_growth_year": null,
            "eps_4q": null,
            "eps_4q_growth_year": null,
            "roe": null,
            "roe_4q": 0,
            "gross_profit": null,
            "gross_margin": null,
            "gross_margin_4q_avg": 0,
            "net_income": null,
            "revenue": null,
            "common_shares": null,
            "book_valuer_per_share": null,
            "book_valuer_per_share_4q_avg": 0,
            "equity": null,
            "current_ratio": null,
            "debt_ratio": null,
            "inventory_turnover_ratio": null,
            "account_receivable_turnover_ratio": null,
            "reinvestment_rate": null,
            "research_to_sale_ratio": null,
            "price_fair": 0,
            "eps_avg_yearly": 0,
            "eps_latest_yearly": 0,
            "eps_growth_yearly": 0
        },
        "20104": {
            "year_quarter": 20104,
            "year": 2010,
            "quarter": 4,
            "eps": null,
            "eps_growth_year": null,
            "eps_4q": null,
            "eps_4q_growth_year": null,
            "roe": null,
            "roe_4q": 0,
            "gross_profit": null,
            "gross_margin": null,
            "gross_margin_4q_avg": 0,
            "net_income": null,
            "revenue": null,
            "common_shares": null,
            "book_valuer_per_share": null,
            "book_valuer_per_share_4q_avg": 0,
            "equity": null,
            "current_ratio": null,
            "debt_ratio": null,
            "inventory_turnover_ratio": null,
            "account_receivable_turnover_ratio": null,
            "reinvestment_rate": null,
            "research_to_sale_ratio": null,
            "price_fair": 0,
            "eps_avg_yearly": 0,
            "eps_latest_yearly": 0,
            "eps_growth_yearly": 0
        },
        "20111": {
            "year_quarter": 20111,
            "year": 2011,
            "quarter": 1,
            "eps": null,
            "eps_growth_year": null,
            "eps_4q": null,
            "eps_4q_growth_year": null,
            "roe": null,
            "roe_4q": 0,
            "gross_profit": null,
            "gross_margin": null,
            "gross_margin_4q_avg": 0,
            "net_income": null,
            "revenue": null,
            "common_shares": null,
            "book_valuer_per_share": null,
            "book_valuer_per_share_4q_avg": 0,
            "equity": null,
            "current_ratio": null,
            "debt_ratio": null,
            "inventory_turnover_ratio": null,
            "account_receivable_turnover_ratio": null,
            "reinvestment_rate": null,
            "research_to_sale_ratio": null,
            "price_fair": 0,
            "eps_avg_yearly": 0,
            "eps_latest_yearly": 0,
            "eps_growth_yearly": 0
        },
        "20112": {
            "year_quarter": 20112,
            "year": 2011,
            "quarter": 2,
            "eps": null,
            "eps_growth_year": null,
            "eps_4q": null,
            "eps_4q_growth_year": null,
            "roe": null,
            "roe_4q": 0,
            "gross_profit": null,
            "gross_margin": null,
            "gross_margin_4q_avg": 0,
            "net_income": null,
            "revenue": null,
            "common_shares": null,
            "book_valuer_per_share": null,
            "book_valuer_per_share_4q_avg": 0,
            "equity": null,
            "current_ratio": null,
            "debt_ratio": null,
            "inventory_turnover_ratio": null,
            "account_receivable_turnover_ratio": null,
            "reinvestment_rate": null,
            "research_to_sale_ratio": null,
            "price_fair": 0,
            "eps_avg_yearly": 0,
            "eps_latest_yearly": 0,
            "eps_growth_yearly": 0
        },
        "20113": {
            "year_quarter": 20113,
            "year": 2011,
            "quarter": 3,
            "eps": null,
            "eps_growth_year": null,
            "eps_4q": null,
            "eps_4q_growth_year": null,
            "roe": null,
            "roe_4q": 0,
            "gross_profit": null,
            "gross_margin": null,
            "gross_margin_4q_avg": 0,
            "net_income": null,
            "revenue": null,
            "common_shares": null,
            "book_valuer_per_share": null,
            "book_valuer_per_share_4q_avg": 0,
            "equity": null,
            "current_ratio": null,
            "debt_ratio": null,
            "inventory_turnover_ratio": null,
            "account_receivable_turnover_ratio": null,
            "reinvestment_rate": null,
            "research_to_sale_ratio": null,
            "price_fair": 0,
            "eps_avg_yearly": 0,
            "eps_latest_yearly": 0,
            "eps_growth_yearly": 0
        },
        "20114": {
            "year_quarter": 20114,
            "year": 2011,
            "quarter": 4,
            "eps": null,
            "eps_growth_year": null,
            "eps_4q": null,
            "eps_4q_growth_year": null,
            "roe": null,
            "roe_4q": 0,
            "gross_profit": null,
            "gross_margin": null,
            "gross_margin_4q_avg": 0,
            "net_income": null,
            "revenue": null,
            "common_shares": null,
            "book_valuer_per_share": null,
            "book_valuer_per_share_4q_avg": 0,
            "equity": null,
            "current_ratio": null,
            "debt_ratio": null,
            "inventory_turnover_ratio": null,
            "account_receivable_turnover_ratio": null,
            "reinvestment_rate": null,
            "research_to_sale_ratio": null,
            "price_fair": 0,
            "eps_avg_yearly": 0,
            "eps_latest_yearly": 0,
            "eps_growth_yearly": 0
        },
        "20121": {
            "year_quarter": 20121,
            "year": 2012,
            "quarter": 1,
            "eps": null,
            "eps_growth_year": null,
            "eps_4q": null,
            "eps_4q_growth_year": null,
            "roe": null,
            "roe_4q": 0,
            "gross_profit": null,
            "gross_margin": null,
            "gross_margin_4q_avg": 0,
            "net_income": null,
            "revenue": null,
            "common_shares": null,
            "book_valuer_per_share": null,
            "book_valuer_per_share_4q_avg": 0,
            "equity": null,
            "current_ratio": null,
            "debt_ratio": null,
            "inventory_turnover_ratio": null,
            "account_receivable_turnover_ratio": null,
            "reinvestment_rate": null,
            "research_to_sale_ratio": null,
            "price_fair": 0,
            "eps_avg_yearly": 0,
            "eps_latest_yearly": 0,
            "eps_growth_yearly": 0
        },
        "20122": {
            "year_quarter": 20122,
            "year": 2012,
            "quarter": 2,
            "eps": null,
            "eps_growth_year": null,
            "eps_4q": null,
            "eps_4q_growth_year": null,
            "roe": null,
            "roe_4q": 0,
            "gross_profit": null,
            "gross_margin": null,
            "gross_margin_4q_avg": 0,
            "net_income": null,
            "revenue": null,
            "common_shares": null,
            "book_valuer_per_share": null,
            "book_valuer_per_share_4q_avg": 0,
            "equity": null,
            "current_ratio": null,
            "debt_ratio": null,
            "inventory_turnover_ratio": null,
            "account_receivable_turnover_ratio": null,
            "reinvestment_rate": null,
            "research_to_sale_ratio": null,
            "price_fair": 0,
            "eps_avg_yearly": 0,
            "eps_latest_yearly": 0,
            "eps_growth_yearly": 0
        },
        "20123": {
            "year_quarter": 20123,
            "year": 2012,
            "quarter": 3,
            "eps": null,
            "eps_growth_year": null,
            "eps_4q": null,
            "eps_4q_growth_year": null,
            "roe": null,
            "roe_4q": 0,
            "gross_profit": null,
            "gross_margin": null,
            "gross_margin_4q_avg": 0,
            "net_income": null,
            "revenue": null,
            "common_shares": null,
            "book_valuer_per_share": null,
            "book_valuer_per_share_4q_avg": 0,
            "equity": null,
            "current_ratio": null,
            "debt_ratio": null,
            "inventory_turnover_ratio": null,
            "account_receivable_turnover_ratio": null,
            "reinvestment_rate": null,
            "research_to_sale_ratio": null,
            "price_fair": 0,
            "eps_avg_yearly": 0,
            "eps_latest_yearly": 0,
            "eps_growth_yearly": 0
        },
        "20124": {
            "year_quarter": 20124,
            "year": 2012,
            "quarter": 4,
            "eps": null,
            "eps_growth_year": null,
            "eps_4q": null,
            "eps_4q_growth_year": null,
            "roe": null,
            "roe_4q": 0,
            "gross_profit": null,
            "gross_margin": null,
            "gross_margin_4q_avg": 0,
            "net_income": null,
            "revenue": null,
            "common_shares": null,
            "book_valuer_per_share": null,
            "book_valuer_per_share_4q_avg": 0,
            "equity": null,
            "current_ratio": null,
            "debt_ratio": null,
            "inventory_turnover_ratio": null,
            "account_receivable_turnover_ratio": null,
            "reinvestment_rate": null,
            "research_to_sale_ratio": null,
            "price_fair": 0,
            "eps_avg_yearly": 0,
            "eps_latest_yearly": 0,
            "eps_growth_yearly": 0
        },
        "20131": {
            "year_quarter": 20131,
            "year": 2013,
            "quarter": 1,
            "eps": null,
            "eps_growth_year": null,
            "eps_4q": null,
            "eps_4q_growth_year": null,
            "roe": null,
            "roe_4q": 0,
            "gross_profit": null,
            "gross_margin": null,
            "gross_margin_4q_avg": 0,
            "net_income": null,
            "revenue": null,
            "common_shares": null,
            "book_valuer_per_share": null,
            "book_valuer_per_share_4q_avg": 0,
            "equity": null,
            "current_ratio": null,
            "debt_ratio": null,
            "inventory_turnover_ratio": null,
            "account_receivable_turnover_ratio": null,
            "reinvestment_rate": null,
            "research_to_sale_ratio": null,
            "price_fair": 0,
            "eps_avg_yearly": 0,
            "eps_latest_yearly": 0,
            "eps_growth_yearly": 0
        },
        "20132": {
            "year_quarter": 20132,
            "year": 2013,
            "quarter": 2,
            "eps": null,
            "eps_growth_year": null,
            "eps_4q": null,
            "eps_4q_growth_year": null,
            "roe": null,
            "roe_4q": 0,
            "gross_profit": null,
            "gross_margin": null,
            "gross_margin_4q_avg": 0,
            "net_income": null,
            "revenue": null,
            "common_shares": null,
            "book_valuer_per_share": null,
            "book_valuer_per_share_4q_avg": 0,
            "equity": null,
            "current_ratio": null,
            "debt_ratio": null,
            "inventory_turnover_ratio": null,
            "account_receivable_turnover_ratio": null,
            "reinvestment_rate": null,
            "research_to_sale_ratio": null,
            "price_fair": 0,
            "eps_avg_yearly": 0,
            "eps_latest_yearly": 0,
            "eps_growth_yearly": 0
        },
        "20133": {
            "year_quarter": 20133,
            "year": 2013,
            "quarter": 3,
            "eps": null,
            "eps_growth_year": null,
            "eps_4q": null,
            "eps_4q_growth_year": null,
            "roe": null,
            "roe_4q": 0,
            "gross_profit": null,
            "gross_margin": null,
            "gross_margin_4q_avg": 0,
            "net_income": null,
            "revenue": null,
            "common_shares": null,
            "book_valuer_per_share": null,
            "book_valuer_per_share_4q_avg": 0,
            "equity": null,
            "current_ratio": null,
            "debt_ratio": null,
            "inventory_turnover_ratio": null,
            "account_receivable_turnover_ratio": null,
            "reinvestment_rate": null,
            "research_to_sale_ratio": null,
            "price_fair": 0,
            "eps_avg_yearly": 0,
            "eps_latest_yearly": 0,
            "eps_growth_yearly": 0
        },
        "20134": {
            "year_quarter": 20134,
            "year": 2013,
            "quarter": 4,
            "eps": null,
            "eps_growth_year": null,
            "eps_4q": null,
            "eps_4q_growth_year": null,
            "roe": null,
            "roe_4q": 0,
            "gross_profit": null,
            "gross_margin": null,
            "gross_margin_4q_avg": 0,
            "net_income": null,
            "revenue": null,
            "common_shares": null,
            "book_valuer_per_share": null,
            "book_valuer_per_share_4q_avg": 0,
            "equity": null,
            "current_ratio": null,
            "debt_ratio": null,
            "inventory_turnover_ratio": null,
            "account_receivable_turnover_ratio": null,
            "reinvestment_rate": null,
            "research_to_sale_ratio": null,
            "price_fair": 0,
            "eps_avg_yearly": 0,
            "eps_latest_yearly": 0,
            "eps_growth_yearly": 0
        },
        "20141": {
            "year_quarter": 20141,
            "year": 2014,
            "quarter": 1,
            "eps": null,
            "eps_growth_year": null,
            "eps_4q": null,
            "eps_4q_growth_year": null,
            "roe": null,
            "roe_4q": 0,
            "gross_profit": null,
            "gross_margin": null,
            "gross_margin_4q_avg": 0,
            "net_income": null,
            "revenue": null,
            "common_shares": null,
            "book_valuer_per_share": null,
            "book_valuer_per_share_4q_avg": 0,
            "equity": null,
            "current_ratio": null,
            "debt_ratio": null,
            "inventory_turnover_ratio": null,
            "account_receivable_turnover_ratio": null,
            "reinvestment_rate": null,
            "research_to_sale_ratio": null,
            "price_fair": 0,
            "eps_avg_yearly": 0,
            "eps_latest_yearly": 0,
            "eps_growth_yearly": 0
        },
        "20142": {
            "year_quarter": 20142,
            "year": 2014,
            "quarter": 2,
            "eps": null,
            "eps_growth_year": null,
            "eps_4q": null,
            "eps_4q_growth_year": null,
            "roe": null,
            "roe_4q": 0,
            "gross_profit": null,
            "gross_margin": null,
            "gross_margin_4q_avg": 0,
            "net_income": null,
            "revenue": null,
            "common_shares": null,
            "book_valuer_per_share": null,
            "book_valuer_per_share_4q_avg": 0,
            "equity": null,
            "current_ratio": null,
            "debt_ratio": null,
            "inventory_turnover_ratio": null,
            "account_receivable_turnover_ratio": null,
            "reinvestment_rate": null,
            "research_to_sale_ratio": null,
            "price_fair": 0,
            "eps_avg_yearly": 0,
            "eps_latest_yearly": 0,
            "eps_growth_yearly": 0
        },
        "20143": {
            "year_quarter": 20143,
            "year": 2014,
            "quarter": 3,
            "eps": null,
            "eps_growth_year": null,
            "eps_4q": null,
            "eps_4q_growth_year": null,
            "roe": null,
            "roe_4q": 0,
            "gross_profit": null,
            "gross_margin": null,
            "gross_margin_4q_avg": 0,
            "net_income": null,
            "revenue": null,
            "common_shares": null,
            "book_valuer_per_share": null,
            "book_valuer_per_share_4q_avg": 0,
            "equity": null,
            "current_ratio": null,
            "debt_ratio": null,
            "inventory_turnover_ratio": null,
            "account_receivable_turnover_ratio": null,
            "reinvestment_rate": null,
            "research_to_sale_ratio": null,
            "price_fair": 0,
            "eps_avg_yearly": 0,
            "eps_latest_yearly": 0,
            "eps_growth_yearly": 0
        },
        "20144": {
            "year_quarter": 20144,
            "year": 2014,
            "quarter": 4,
            "eps": null,
            "eps_growth_year": null,
            "eps_4q": null,
            "eps_4q_growth_year": null,
            "roe": null,
            "roe_4q": 0,
            "gross_profit": null,
            "gross_margin": null,
            "gross_margin_4q_avg": 0,
            "net_income": null,
            "revenue": null,
            "common_shares": null,
            "book_valuer_per_share": null,
            "book_valuer_per_share_4q_avg": 0,
            "equity": null,
            "current_ratio": null,
            "debt_ratio": null,
            "inventory_turnover_ratio": null,
            "account_receivable_turnover_ratio": null,
            "reinvestment_rate": null,
            "research_to_sale_ratio": null,
            "price_fair": 0,
            "eps_avg_yearly": 0,
            "eps_latest_yearly": 0,
            "eps_growth_yearly": 0
        },
        "20151": {
            "year_quarter": 20151,
            "year": 2015,
            "quarter": 1,
            "eps": null,
            "eps_growth_year": null,
            "eps_4q": null,
            "eps_4q_growth_year": null,
            "roe": null,
            "roe_4q": 0,
            "gross_profit": null,
            "gross_margin": null,
            "gross_margin_4q_avg": 0,
            "net_income": null,
            "revenue": null,
            "common_shares": null,
            "book_valuer_per_share": null,
            "book_valuer_per_share_4q_avg": 0,
            "equity": null,
            "current_ratio": null,
            "debt_ratio": null,
            "inventory_turnover_ratio": null,
            "account_receivable_turnover_ratio": null,
            "reinvestment_rate": null,
            "research_to_sale_ratio": null,
            "price_fair": 0,
            "eps_avg_yearly": 0,
            "eps_latest_yearly": 0,
            "eps_growth_yearly": 0
        },
        "20152": {
            "year_quarter": 20152,
            "year": 2015,
            "quarter": 2,
            "eps": null,
            "eps_growth_year": null,
            "eps_4q": null,
            "eps_4q_growth_year": null,
            "roe": null,
            "roe_4q": 0,
            "gross_profit": null,
            "gross_margin": null,
            "gross_margin_4q_avg": 0,
            "net_income": null,
            "revenue": null,
            "common_shares": null,
            "book_valuer_per_share": null,
            "book_valuer_per_share_4q_avg": 0,
            "equity": null,
            "current_ratio": null,
            "debt_ratio": null,
            "inventory_turnover_ratio": null,
            "account_receivable_turnover_ratio": null,
            "reinvestment_rate": null,
            "research_to_sale_ratio": null,
            "price_fair": 0,
            "eps_avg_yearly": 0,
            "eps_latest_yearly": 0,
            "eps_growth_yearly": 0
        },
        "20153": {
            "year_quarter": 20153,
            "year": 2015,
            "quarter": 3,
            "eps": null,
            "eps_growth_year": null,
            "eps_4q": null,
            "eps_4q_growth_year": null,
            "roe": null,
            "roe_4q": 0,
            "gross_profit": null,
            "gross_margin": null,
            "gross_margin_4q_avg": 0,
            "net_income": null,
            "revenue": null,
            "common_shares": null,
            "book_valuer_per_share": null,
            "book_valuer_per_share_4q_avg": 0,
            "equity": null,
            "current_ratio": null,
            "debt_ratio": null,
            "inventory_turnover_ratio": null,
            "account_receivable_turnover_ratio": null,
            "reinvestment_rate": null,
            "research_to_sale_ratio": null,
            "price_fair": 0,
            "eps_avg_yearly": 0,
            "eps_latest_yearly": 0,
            "eps_growth_yearly": 0
        },
        "20154": {
            "year_quarter": 20154,
            "year": 2015,
            "quarter": 4,
            "eps": null,
            "eps_growth_year": null,
            "eps_4q": null,
            "eps_4q_growth_year": null,
            "roe": null,
            "roe_4q": 0,
            "gross_profit": null,
            "gross_margin": null,
            "gross_margin_4q_avg": 0,
            "net_income": null,
            "revenue": null,
            "common_shares": null,
            "book_valuer_per_share": null,
            "book_valuer_per_share_4q_avg": 0,
            "equity": null,
            "current_ratio": null,
            "debt_ratio": null,
            "inventory_turnover_ratio": null,
            "account_receivable_turnover_ratio": null,
            "reinvestment_rate": null,
            "research_to_sale_ratio": null,
            "price_fair": 0,
            "eps_avg_yearly": 0,
            "eps_latest_yearly": 0,
            "eps_growth_yearly": 0
        },
        "20161": {
            "year_quarter": 20161,
            "year": 2016,
            "quarter": 1,
            "eps": null,
            "eps_growth_year": null,
            "eps_4q": null,
            "eps_4q_growth_year": null,
            "roe": null,
            "roe_4q": 0,
            "gross_profit": null,
            "gross_margin": null,
            "gross_margin_4q_avg": 0,
            "net_income": null,
            "revenue": null,
            "common_shares": null,
            "book_valuer_per_share": null,
            "book_valuer_per_share_4q_avg": 0,
            "equity": null,
            "current_ratio": null,
            "debt_ratio": null,
            "inventory_turnover_ratio": null,
            "account_receivable_turnover_ratio": null,
            "reinvestment_rate": null,
            "research_to_sale_ratio": null,
            "price_fair": 0,
            "eps_avg_yearly": 0,
            "eps_latest_yearly": 0,
            "eps_growth_yearly": 0
        },
        "20162": {
            "year_quarter": 20162,
            "year": 2016,
            "quarter": 2,
            "eps": null,
            "eps_growth_year": null,
            "eps_4q": null,
            "eps_4q_growth_year": null,
            "roe": null,
            "roe_4q": 0,
            "gross_profit": null,
            "gross_margin": null,
            "gross_margin_4q_avg": 0,
            "net_income": null,
            "revenue": null,
            "common_shares": null,
            "book_valuer_per_share": null,
            "book_valuer_per_share_4q_avg": 0,
            "equity": null,
            "current_ratio": null,
            "debt_ratio": null,
            "inventory_turnover_ratio": null,
            "account_receivable_turnover_ratio": null,
            "reinvestment_rate": null,
            "research_to_sale_ratio": null,
            "price_fair": 0,
            "eps_avg_yearly": 0,
            "eps_latest_yearly": 0,
            "eps_growth_yearly": 0
        },
        "20163": {
            "year_quarter": 20163,
            "year": 2016,
            "quarter": 3,
            "eps": null,
            "eps_growth_year": null,
            "eps_4q": null,
            "eps_4q_growth_year": null,
            "roe": null,
            "roe_4q": 0,
            "gross_profit": null,
            "gross_margin": null,
            "gross_margin_4q_avg": 0,
            "net_income": null,
            "revenue": null,
            "common_shares": null,
            "book_valuer_per_share": null,
            "book_valuer_per_share_4q_avg": 0,
            "equity": null,
            "current_ratio": null,
            "debt_ratio": null,
            "inventory_turnover_ratio": null,
            "account_receivable_turnover_ratio": null,
            "reinvestment_rate": null,
            "research_to_sale_ratio": null,
            "price_fair": 0,
            "eps_avg_yearly": 0,
            "eps_latest_yearly": 0,
            "eps_growth_yearly": 0
        },
        "20164": {
            "year_quarter": 20164,
            "year": 2016,
            "quarter": 4,
            "eps": null,
            "eps_growth_year": null,
            "eps_4q": null,
            "eps_4q_growth_year": null,
            "roe": null,
            "roe_4q": 0,
            "gross_profit": null,
            "gross_margin": null,
            "gross_margin_4q_avg": 0,
            "net_income": null,
            "revenue": null,
            "common_shares": null,
            "book_valuer_per_share": null,
            "book_valuer_per_share_4q_avg": 0,
            "equity": null,
            "current_ratio": null,
            "debt_ratio": null,
            "inventory_turnover_ratio": null,
            "account_receivable_turnover_ratio": null,
            "reinvestment_rate": null,
            "research_to_sale_ratio": null,
            "price_fair": 0,
            "eps_avg_yearly": 0,
            "eps_latest_yearly": 0,
            "eps_growth_yearly": 0
        },
        "20171": {
            "year_quarter": 20171,
            "year": 2017,
            "quarter": 1,
            "eps": 1.23,
            "eps_growth_year": null,
            "eps_4q": null,
            "eps_4q_growth_year": null,
            "roe": 5.66,
            "roe_4q": 5.66,
            "gross_profit": 165612,
            "gross_margin": 35.82,
            "gross_margin_4q_avg": 8.96,
            "net_income": 88998,
            "revenue": 462367,
            "common_shares": 565000,
            "book_valuer_per_share": 23.68,
            "book_valuer_per_share_4q_avg": 5.92,
            "equity": 1571070,
            "current_ratio": 365.66,
            "debt_ratio": 22.19,
            "inventory_turnover_ratio": 1.74,
            "account_receivable_turnover_ratio": 1.23,
            "reinvestment_rate": null,
            "research_to_sale_ratio": 0.2,
            "price_fair": 0,
            "eps_avg_yearly": 0,
            "eps_latest_yearly": 0,
            "eps_growth_yearly": 0
        },
        "20172": {
            "year_quarter": 20172,
            "year": 2017,
            "quarter": 2,
            "eps": 1.67,
            "eps_growth_year": null,
            "eps_4q": null,
            "eps_4q_growth_year": null,
            "roe": 6.14,
            "roe_4q": 11.8,
            "gross_profit": 192333,
            "gross_margin": 33.93,
            "gross_margin_4q_avg": 17.44,
            "net_income": 111622,
            "revenue": 566907,
            "common_shares": 640340,
            "book_valuer_per_share": 28.26,
            "book_valuer_per_share_4q_avg": 12.99,
            "equity": 2064955,
            "current_ratio": 341.74,
            "debt_ratio": 24.6,
            "inventory_turnover_ratio": 1.57,
            "account_receivable_turnover_ratio": 1.29,
            "reinvestment_rate": null,
            "research_to_sale_ratio": 0.19,
            "price_fair": 233.8,
            "eps_avg_yearly": 6.68,
            "eps_latest_yearly": 6.68,
            "eps_growth_yearly": 143.09
        },
        "20173": {
            "year_quarter": 20173,
            "year": 2017,
            "quarter": 3,
            "eps": 1.41,
            "eps_growth_year": null,
            "eps_4q": null,
            "eps_4q_growth_year": null,
            "roe": 5.24,
            "roe_4q": 17.04,
            "gross_profit": 219077,
            "gross_margin": 31.66,
            "gross_margin_4q_avg": 25.35,
            "net_income": 111875,
            "revenue": 691901,
            "common_shares": 640340,
            "book_valuer_per_share": 30.04,
            "book_valuer_per_share_4q_avg": 20.5,
            "equity": 2204276,
            "current_ratio": 456.43,
            "debt_ratio": 19.01,
            "inventory_turnover_ratio": 1.53,
            "account_receivable_turnover_ratio": 1.28,
            "reinvestment_rate": null,
            "research_to_sale_ratio": 0.18,
            "price_fair": 215.6,
            "eps_avg_yearly": 6.16,
            "eps_latest_yearly": 5.64,
            "eps_growth_yearly": 40.41
        },
        "20174": {
            "year_quarter": 20174,
            "year": 2017,
            "quarter": 4,
            "eps": 1.03,
            "eps_growth_year": null,
            "eps_4q": 5.04,
            "eps_4q_growth_year": null,
            "roe": 3.69,
            "roe_4q": 20.73,
            "gross_profit": 174499,
            "gross_margin": 32.17,
            "gross_margin_4q_avg": 33.4,
            "net_income": 83928,
            "revenue": 542477,
            "common_shares": 640340,
            "book_valuer_per_share": 31.84,
            "book_valuer_per_share_4q_avg": 28.46,
            "equity": 2345326,
            "current_ratio": 738.57,
            "debt_ratio": 12.73,
            "inventory_turnover_ratio": 1.31,
            "account_receivable_turnover_ratio": 0.96,
            "reinvestment_rate": null,
            "research_to_sale_ratio": 0.23,
            "price_fair": 16.44,
            "eps_avg_yearly": 5.48,
            "eps_latest_yearly": 4.12,
            "eps_growth_yearly": -9
        },
        "20181": {
            "year_quarter": 20181,
            "year": 2018,
            "quarter": 1,
            "eps": 1.09,
            "eps_growth_year": -11.38,
            "eps_4q": 5.05,
            "eps_4q_growth_year": null,
            "roe": 3.42,
            "roe_4q": 18.49,
            "gross_profit": 200688,
            "gross_margin": 28.65,
            "gross_margin_4q_avg": 31.6,
            "net_income": 82506,
            "revenue": 700482,
            "common_shares": 640340,
            "book_valuer_per_share": 33.6,
            "book_valuer_per_share_4q_avg": 30.94,
            "equity": 2478084,
            "current_ratio": 419.41,
            "debt_ratio": 20.38,
            "inventory_turnover_ratio": 1.64,
            "account_receivable_turnover_ratio": 1.06,
            "reinvestment_rate": null,
            "research_to_sale_ratio": 0.25,
            "price_fair": 15.6,
            "eps_avg_yearly": 5.2,
            "eps_latest_yearly": 4.36,
            "eps_growth_yearly": -0.92
        },
        "20182": {
            "year_quarter": 20182,
            "year": 2018,
            "quarter": 2,
            "eps": 1.81,
            "eps_growth_year": 8.38,
            "eps_4q": 5.34,
            "eps_4q_growth_year": null,
            "roe": 5.55,
            "roe_4q": 17.9,
            "gross_profit": 234072,
            "gross_margin": 31,
            "gross_margin_4q_avg": 30.87,
            "net_income": 136942,
            "revenue": 755135,
            "common_shares": 640340,
            "book_valuer_per_share": 32.91,
            "book_valuer_per_share_4q_avg": 32.1,
            "equity": 2456482,
            "current_ratio": 286.86,
            "debt_ratio": 29.09,
            "inventory_turnover_ratio": 1.01,
            "account_receivable_turnover_ratio": 0.89,
            "reinvestment_rate": null,
            "research_to_sale_ratio": 0.15,
            "price_fair": 196.28,
            "eps_avg_yearly": 5.61,
            "eps_latest_yearly": 7.24,
            "eps_growth_yearly": 52.11
        },
        "20183": {
            "year_quarter": 20183,
            "year": 2018,
            "quarter": 3,
            "eps": 1.43,
            "eps_growth_year": 1.42,
            "eps_4q": 5.35,
            "eps_4q_growth_year": null,
            "roe": 4.01,
            "roe_4q": 16.669999999999998,
            "gross_profit": 224138,
            "gross_margin": 29.44,
            "gross_margin_4q_avg": 30.32,
            "net_income": 99121,
            "revenue": 761281,
            "common_shares": 640340,
            "book_valuer_per_share": 33.44,
            "book_valuer_per_share_4q_avg": 32.95,
            "equity": 2490458,
            "current_ratio": 432.16,
            "debt_ratio": 19.44,
            "inventory_turnover_ratio": 0.89,
            "account_receivable_turnover_ratio": 0.81,
            "reinvestment_rate": null,
            "research_to_sale_ratio": 0.15,
            "price_fair": 196.93,
            "eps_avg_yearly": 5.63,
            "eps_latest_yearly": 5.72,
            "eps_growth_yearly": 29.43
        },
        "20184": {
            "year_quarter": 20184,
            "year": 2018,
            "quarter": 4,
            "eps": 0.44,
            "eps_growth_year": -57.3,
            "eps_4q": 4.76,
            "eps_4q_growth_year": -5.52,
            "roe": 1.2,
            "roe_4q": 14.18,
            "gross_profit": 115696,
            "gross_margin": 24.58,
            "gross_margin_4q_avg": 28.42,
            "net_income": 30118,
            "revenue": 470683,
            "common_shares": 640340,
            "book_valuer_per_share": 33.93,
            "book_valuer_per_share_4q_avg": 33.47,
            "equity": 2536066,
            "current_ratio": 545.96,
            "debt_ratio": 14.75,
            "inventory_turnover_ratio": 0.62,
            "account_receivable_turnover_ratio": 0.53,
            "reinvestment_rate": null,
            "research_to_sale_ratio": 0.53,
            "price_fair": 15.22,
            "eps_avg_yearly": 5.07,
            "eps_latest_yearly": 1.76,
            "eps_growth_yearly": -14.34
        },
        "20191": {
            "year_quarter": 20191,
            "year": 2019,
            "quarter": 1,
            "eps": 0.01,
            "eps_growth_year": -99.08,
            "eps_4q": 3.68,
            "eps_4q_growth_year": -27.05,
            "roe": 0.07,
            "roe_4q": 10.829999999999998,
            "gross_profit": 68627,
            "gross_margin": 19.37,
            "gross_margin_4q_avg": 26.1,
            "net_income": 1815,
            "revenue": 354353,
            "common_shares": 640340,
            "book_valuer_per_share": 34.66,
            "book_valuer_per_share_4q_avg": 33.74,
            "equity": 2601481,
            "current_ratio": 472.09,
            "debt_ratio": 16.81,
            "inventory_turnover_ratio": 0.43,
            "account_receivable_turnover_ratio": 0.5,
            "reinvestment_rate": null,
            "research_to_sale_ratio": 0.4,
            "price_fair": 13.34,
            "eps_avg_yearly": 4.45,
            "eps_latest_yearly": 0.04,
            "eps_growth_yearly": -61.41
        },
        "20192": {
            "year_quarter": 20192,
            "year": 2019,
            "quarter": 2,
            "eps": 0.43,
            "eps_growth_year": -76.24,
            "eps_4q": 2.31,
            "eps_4q_growth_year": -56.8,
            "roe": 1.23,
            "roe_4q": 6.51,
            "gross_profit": 149315,
            "gross_margin": 25.39,
            "gross_margin_4q_avg": 24.7,
            "net_income": 31281,
            "revenue": 587997,
            "common_shares": 640340,
            "book_valuer_per_share": 32.52,
            "book_valuer_per_share_4q_avg": 33.64,
            "equity": 2465831,
            "current_ratio": 426.1,
            "debt_ratio": 18.13,
            "inventory_turnover_ratio": 0.75,
            "account_receivable_turnover_ratio": 0.95,
            "reinvestment_rate": null,
            "research_to_sale_ratio": 0.33,
            "price_fair": 144.98,
            "eps_avg_yearly": 4.14,
            "eps_latest_yearly": 1.72,
            "eps_growth_yearly": 1812.08
        },
        "20193": {
            "year_quarter": 20193,
            "year": 2019,
            "quarter": 3,
            "eps": 0.1,
            "eps_growth_year": -93.01,
            "eps_4q": 0.98,
            "eps_4q_growth_year": -81.68,
            "roe": 0.18,
            "roe_4q": 2.6799999999999997,
            "gross_profit": 91854,
            "gross_margin": 20.27,
            "gross_margin_4q_avg": 22.4,
            "net_income": 4337,
            "revenue": 453122,
            "common_shares": 640340,
            "book_valuer_per_share": 32.15,
            "book_valuer_per_share_4q_avg": 33.32,
            "equity": 2441010,
            "current_ratio": 1379.32,
            "debt_ratio": 6.29,
            "inventory_turnover_ratio": 0.94,
            "account_receivable_turnover_ratio": 0.8,
            "reinvestment_rate": null,
            "research_to_sale_ratio": 0.3,
            "price_fair": 131.88,
            "eps_avg_yearly": 3.77,
            "eps_latest_yearly": 0.4,
            "eps_growth_yearly": 1600.17
        },
        "20194": {
            "year_quarter": 20194,
            "year": 2019,
            "quarter": 4,
            "eps": 0.02,
            "eps_growth_year": -96.5,
            "eps_4q": 0.56,
            "eps_4q_growth_year": -88.3,
            "roe": 0.05,
            "roe_4q": 1.53,
            "gross_profit": 83516,
            "gross_margin": 22.44,
            "gross_margin_4q_avg": 21.87,
            "net_income": 1245,
            "revenue": 372227,
            "common_shares": 640340,
            "book_valuer_per_share": 31.95,
            "book_valuer_per_share_4q_avg": 32.82,
            "equity": 2425915,
            "current_ratio": 1019.57,
            "debt_ratio": 8.09,
            "inventory_turnover_ratio": 0.95,
            "account_receivable_turnover_ratio": 0.9,
            "reinvestment_rate": null,
            "research_to_sale_ratio": -0,
            "price_fair": 120.15,
            "eps_avg_yearly": 3.43,
            "eps_latest_yearly": 0.08,
            "eps_growth_yearly": 1425.61
        },
        "20201": {
            "year_quarter": 20201,
            "year": 2020,
            "quarter": 1,
            "eps": -0.41,
            "eps_growth_year": -4200,
            "eps_4q": 0.14,
            "eps_4q_growth_year": -96.2,
            "roe": -1.15,
            "roe_4q": 0.31000000000000005,
            "gross_profit": 26870,
            "gross_margin": 12.51,
            "gross_margin_4q_avg": 20.15,
            "net_income": -26756,
            "revenue": 214816,
            "common_shares": 640340,
            "book_valuer_per_share": 29,
            "book_valuer_per_share_4q_avg": 31.41,
            "equity": 2224067,
            "current_ratio": 592.73,
            "debt_ratio": 13.09,
            "inventory_turnover_ratio": 0.65,
            "account_receivable_turnover_ratio": 0.76,
            "reinvestment_rate": null,
            "research_to_sale_ratio": 0.41,
            "price_fair": 120.15,
            "eps_avg_yearly": 3.43,
            "eps_latest_yearly": 0.08,
            "eps_growth_yearly": 1425.61
        },
        "20202": {
            "year_quarter": 20202,
            "year": 2020,
            "quarter": 2,
            "eps": 0.6,
            "eps_growth_year": 39.53,
            "eps_4q": 0.31,
            "eps_4q_growth_year": -86.57,
            "roe": 1.93,
            "roe_4q": 1.01,
            "gross_profit": 118713,
            "gross_margin": 29.91,
            "gross_margin_4q_avg": 21.28,
            "net_income": 43193,
            "revenue": 396908,
            "common_shares": 640340,
            "book_valuer_per_share": 29.27,
            "book_valuer_per_share_4q_avg": 30.59,
            "equity": 2242084,
            "current_ratio": 483.24,
            "debt_ratio": 16.05,
            "inventory_turnover_ratio": 0.86,
            "account_receivable_turnover_ratio": 1.38,
            "reinvestment_rate": null,
            "research_to_sale_ratio": 0.19,
            "price_fair": 120.15,
            "eps_avg_yearly": 3.43,
            "eps_latest_yearly": 0.08,
            "eps_growth_yearly": 1425.61
        },
        "20203": {
            "year_quarter": 20203,
            "year": 2020,
            "quarter": 3,
            "eps": 0.54,
            "eps_growth_year": 440,
            "eps_4q": 0.75,
            "eps_4q_growth_year": -23.66,
            "roe": 2.11,
            "roe_4q": 2.94,
            "gross_profit": 106882,
            "gross_margin": 22.49,
            "gross_margin_4q_avg": 21.84,
            "net_income": 48008,
            "revenue": 475297,
            "common_shares": 640340,
            "book_valuer_per_share": 30.08,
            "book_valuer_per_share_4q_avg": 30.08,
            "equity": 2299196,
            "current_ratio": 1054.43,
            "debt_ratio": 8.02,
            "inventory_turnover_ratio": 1.15,
            "account_receivable_turnover_ratio": 1.31,
            "reinvestment_rate": null,
            "research_to_sale_ratio": 0.1,
            "price_fair": 116.43,
            "eps_avg_yearly": 3.33,
            "eps_latest_yearly": 2.16,
            "eps_growth_yearly": 1303.48
        },
        "20204": {
            "year_quarter": 20204,
            "year": 2020,
            "quarter": 4,
            "eps": 0.55,
            "eps_growth_year": 3495.31,
            "eps_4q": 1.28,
            "eps_4q_growth_year": 130.3,
            "roe": 1.45,
            "roe_4q": 4.34,
            "gross_profit": 119682,
            "gross_margin": 21.53,
            "gross_margin_4q_avg": 21.61,
            "net_income": 33723,
            "revenue": 555762,
            "common_shares": 640340,
            "book_valuer_per_share": 31.02,
            "book_valuer_per_share_4q_avg": 29.84,
            "equity": 2363178,
            "current_ratio": 825.24,
            "debt_ratio": 9.61,
            "inventory_turnover_ratio": 1.6,
            "account_receivable_turnover_ratio": 1.19,
            "reinvestment_rate": 60.95,
            "research_to_sale_ratio": 0.08,
            "price_fair": 113.4,
            "eps_avg_yearly": 3.24,
            "eps_latest_yearly": 2.2,
            "eps_growth_yearly": 1203.78
        },
        "20211": {
            "year_quarter": 20211,
            "year": 2021,
            "quarter": 1,
            "eps": 0.42,
            "eps_growth_year": null,
            "eps_4q": 2.12,
            "eps_4q_growth_year": 1412.63,
            "roe": 1.24,
            "roe_4q": 6.7299999999999995,
            "gross_profit": 81662,
            "gross_margin": 19.92,
            "gross_margin_4q_avg": 23.46,
            "net_income": 28559,
            "revenue": 409859,
            "common_shares": 640340,
            "book_valuer_per_share": 29.46,
            "book_valuer_per_share_4q_avg": 29.96,
            "equity": 2251071,
            "current_ratio": 489.5,
            "debt_ratio": 16.55,
            "inventory_turnover_ratio": 0.9,
            "account_receivable_turnover_ratio": 0.89,
            "reinvestment_rate": 0.51,
            "research_to_sale_ratio": 0.17,
            "price_fair": 109.5,
            "eps_avg_yearly": 3.13,
            "eps_latest_yearly": 1.68,
            "eps_growth_yearly": 1111.04
        },
        "20212": {
            "year_quarter": 20212,
            "year": 2021,
            "quarter": 2,
            "eps": 0.66,
            "eps_growth_year": 10,
            "eps_4q": 2.17,
            "eps_4q_growth_year": 601.36,
            "roe": 2.42,
            "roe_4q": 7.220000000000001,
            "gross_profit": 138962,
            "gross_margin": 24.57,
            "gross_margin_4q_avg": 22.13,
            "net_income": 54539,
            "revenue": 565508,
            "common_shares": 640340,
            "book_valuer_per_share": 29.44,
            "book_valuer_per_share_4q_avg": 30,
            "equity": 2253377,
            "current_ratio": 617.08,
            "debt_ratio": 13.39,
            "inventory_turnover_ratio": 0.87,
            "account_receivable_turnover_ratio": 1.31,
            "reinvestment_rate": -2.05,
            "research_to_sale_ratio": 0.08,
            "price_fair": 99.4,
            "eps_avg_yearly": 2.84,
            "eps_latest_yearly": 2.64,
            "eps_growth_yearly": 1117.15
        },
        "20213": {
            "year_quarter": 20213,
            "year": 2021,
            "quarter": 3,
            "eps": 0.76,
            "eps_growth_year": 40.74,
            "eps_4q": 2.4,
            "eps_4q_growth_year": 220.23,
            "roe": 2.72,
            "roe_4q": 7.830000000000001,
            "gross_profit": 154170,
            "gross_margin": 28.1,
            "gross_margin_4q_avg": 23.53,
            "net_income": 61813,
            "revenue": 548700,
            "common_shares": 640340,
            "book_valuer_per_share": 29.96,
            "book_valuer_per_share_4q_avg": 29.97,
            "equity": 2296285,
            "current_ratio": 474.23,
            "debt_ratio": 16.94,
            "inventory_turnover_ratio": 0.82,
            "account_receivable_turnover_ratio": 1.21,
            "reinvestment_rate": 5.35,
            "research_to_sale_ratio": 0.41,
            "price_fair": 92.9,
            "eps_avg_yearly": 2.65,
            "eps_latest_yearly": 3.04,
            "eps_growth_yearly": 1125.93
        },
        "20214": {
            "year_quarter": 20214,
            "year": 2021,
            "quarter": 4,
            "eps": 1.25,
            "eps_growth_year": 126.71,
            "eps_4q": 3.09,
            "eps_4q_growth_year": 141.02,
            "roe": 3.92,
            "roe_4q": 10.3,
            "gross_profit": 219571,
            "gross_margin": 32.61,
            "gross_margin_4q_avg": 26.3,
            "net_income": 91743,
            "revenue": 673256,
            "common_shares": 640340,
            "book_valuer_per_share": 31.08,
            "book_valuer_per_share_4q_avg": 29.99,
            "equity": 2378633,
            "current_ratio": 409.62,
            "debt_ratio": 19.91,
            "inventory_turnover_ratio": 0.7,
            "account_receivable_turnover_ratio": 1.57,
            "reinvestment_rate": 0.42,
            "research_to_sale_ratio": 0.07,
            "price_fair": 95.1,
            "eps_avg_yearly": 2.72,
            "eps_latest_yearly": 5,
            "eps_growth_yearly": 1152.05
        },
        "20221": {
            "year_quarter": 20221,
            "year": 2022,
            "quarter": 1,
            "eps": 1.07,
            "eps_growth_year": 154.76,
            "eps_4q": 3.74,
            "eps_4q_growth_year": 76.72,
            "roe": 3.65,
            "roe_4q": 12.71,
            "gross_profit": 215917,
            "gross_margin": 32.44,
            "gross_margin_4q_avg": 29.43,
            "net_income": 87790,
            "revenue": 665646,
            "common_shares": 640340,
            "book_valuer_per_share": 31.5,
            "book_valuer_per_share_4q_avg": 30.5,
            "equity": 2435386,
            "current_ratio": 409.54,
            "debt_ratio": 21.38,
            "inventory_turnover_ratio": 0.52,
            "account_receivable_turnover_ratio": 1.29,
            "reinvestment_rate": -0.22,
            "research_to_sale_ratio": 0.13,
            "price_fair": 94.9,
            "eps_avg_yearly": 2.71,
            "eps_latest_yearly": 4.28,
            "eps_growth_yearly": 1146.27
        },
        "20222": {
            "year_quarter": 20222,
            "year": 2022,
            "quarter": 2,
            "eps": 1.47,
            "eps_growth_year": 122.73,
            "eps_4q": 4.56,
            "eps_4q_growth_year": 109.72,
            "roe": 4.69,
            "roe_4q": 14.98,
            "gross_profit": 262235,
            "gross_margin": 28.76,
            "gross_margin_4q_avg": 30.48,
            "net_income": 116318,
            "revenue": 911960,
            "common_shares": 640340,
            "book_valuer_per_share": 32.7,
            "book_valuer_per_share_4q_avg": 31.31,
            "equity": 2519763,
            "current_ratio": 317.74,
            "debt_ratio": 27.23,
            "inventory_turnover_ratio": 0.64,
            "account_receivable_turnover_ratio": 1.47,
            "reinvestment_rate": 1.48,
            "research_to_sale_ratio": 0.05,
            "price_fair": 91.5,
            "eps_avg_yearly": 2.61,
            "eps_latest_yearly": 5.88,
            "eps_growth_yearly": 1138.08
        },
        "20223": {
            "year_quarter": 20223,
            "year": 2022,
            "quarter": 3,
            "eps": 2.48,
            "eps_growth_year": 226.32,
            "eps_4q": 6.27,
            "eps_4q_growth_year": 161.67,
            "roe": 7.35,
            "roe_4q": 19.61,
            "gross_profit": 404495,
            "gross_margin": 32.53,
            "gross_margin_4q_avg": 31.59,
            "net_income": 194520,
            "revenue": 1243622,
            "common_shares": 640340,
            "book_valuer_per_share": 35.81,
            "book_valuer_per_share_4q_avg": 32.77,
            "equity": 2771162,
            "current_ratio": 321.53,
            "debt_ratio": 38.77,
            "inventory_turnover_ratio": 0.77,
            "account_receivable_turnover_ratio": 1.55,
            "reinvestment_rate": 8.65,
            "research_to_sale_ratio": 0.04,
            "price_fair": 102,
            "eps_avg_yearly": 2.91,
            "eps_latest_yearly": 9.92,
            "eps_growth_yearly": 1163.71
        },
        "20224": {
            "year_quarter": 20224,
            "year": 2022,
            "quarter": 4,
            "eps": 0.73,
            "eps_growth_year": -41.64,
            "eps_4q": 5.75,
            "eps_4q_growth_year": 85.84,
            "roe": 2.04,
            "roe_4q": 17.73,
            "gross_profit": 254929,
            "gross_margin": 28.93,
            "gross_margin_4q_avg": 30.67,
            "net_income": 57391,
            "revenue": 881102,
            "common_shares": 640340,
            "book_valuer_per_share": 36.96,
            "book_valuer_per_share_4q_avg": 34.24,
            "equity": 2863209,
            "current_ratio": 493.84,
            "debt_ratio": 30.36,
            "inventory_turnover_ratio": 0.59,
            "account_receivable_turnover_ratio": 1.06,
            "reinvestment_rate": 7.68,
            "research_to_sale_ratio": 0.06,
            "price_fair": 104.9,
            "eps_avg_yearly": 3,
            "eps_latest_yearly": 2.92,
            "eps_growth_yearly": 1163.33
        },
        "20231": {
            "year_quarter": 20231,
            "year": 2023,
            "quarter": 1,
            "eps": 0.63,
            "eps_growth_year": -41.12,
            "eps_4q": 5.31,
            "eps_4q_growth_year": 41.97,
            "roe": 2.17,
            "roe_4q": 16.25,
            "gross_profit": 151618,
            "gross_margin": 19.49,
            "gross_margin_4q_avg": 27.43,
            "net_income": 60834,
            "revenue": 777969,
            "common_shares": 640340,
            "book_valuer_per_share": 34.69,
            "book_valuer_per_share_4q_avg": 35.04,
            "equity": 2733525,
            "current_ratio": 468.7,
            "debt_ratio": 31.61,
            "inventory_turnover_ratio": 0.58,
            "account_receivable_turnover_ratio": 1.09,
            "reinvestment_rate": 6.33,
            "research_to_sale_ratio": 0.04,
            "price_fair": 111.1,
            "eps_avg_yearly": 3.17,
            "eps_latest_yearly": 2.52,
            "eps_growth_yearly": 1187.33
        },
        "20232": {
            "year_quarter": 20232,
            "year": 2023,
            "quarter": 2,
            "eps": 0.61,
            "eps_growth_year": -58.5,
            "eps_4q": 4.44,
            "eps_4q_growth_year": -2.44,
            "roe": 1.07,
            "roe_4q": 12.629999999999999,
            "gross_profit": 93753,
            "gross_margin": 11.92,
            "gross_margin_4q_avg": 23.22,
            "net_income": 28893,
            "revenue": 786478,
            "common_shares": 640340,
            "book_valuer_per_share": 34.19,
            "book_valuer_per_share_4q_avg": 35.41,
            "equity": 2673813,
            "current_ratio": 726.97,
            "debt_ratio": 26.43,
            "inventory_turnover_ratio": 0.87,
            "account_receivable_turnover_ratio": 1.03,
            "reinvestment_rate": 12.47,
            "research_to_sale_ratio": 0.09,
            "price_fair": 9.68,
            "eps_avg_yearly": 3.23,
            "eps_latest_yearly": 2.44,
            "eps_growth_yearly": -13.57
        }
    },
    "months": {
        "2017-06": {
            "month": "2017-06",
            "price": "67.78",
            "revenue": 154203
        },
        "2017-07": {
            "month": "2017-07",
            "price": "66.58",
            "revenue": 222707
        },
        "2017-08": {
            "month": "2017-08",
            "price": "81.22",
            "revenue": 247944
        },
        "2017-09": {
            "month": "2017-09",
            "price": "98.65",
            "revenue": 222610
        },
        "2017-10": {
            "month": "2017-10",
            "price": "120.13",
            "revenue": 221120
        },
        "2017-11": {
            "month": "2017-11",
            "price": "114.59",
            "revenue": 194607
        },
        "2017-12": {
            "month": "2017-12",
            "price": "108.04",
            "revenue": 123129
        },
        "2018-01": {
            "month": "2018-01",
            "price": "126.18",
            "revenue": 164367
        },
        "2018-02": {
            "month": "2018-02",
            "price": "110.08",
            "revenue": 233674
        },
        "2018-03": {
            "month": "2018-03",
            "price": "125.00",
            "revenue": 302970
        },
        "2018-04": {
            "month": "2018-04",
            "price": "130.72",
            "revenue": 270014
        },
        "2018-05": {
            "month": "2018-05",
            "price": "121.50",
            "revenue": 280121
        },
        "2018-06": {
            "month": "2018-06",
            "price": "117.35",
            "revenue": 205423
        },
        "2018-07": {
            "month": "2018-07",
            "price": "105.54",
            "revenue": 256232
        },
        "2018-08": {
            "month": "2018-08",
            "price": "103.76",
            "revenue": 278167
        },
        "2018-09": {
            "month": "2018-09",
            "price": "87.51",
            "revenue": 227383
        },
        "2018-10": {
            "month": "2018-10",
            "price": "72.64",
            "revenue": 245333
        },
        "2018-11": {
            "month": "2018-11",
            "price": "67.88",
            "revenue": 135396
        },
        "2018-12": {
            "month": "2018-12",
            "price": "58.79",
            "revenue": 93235
        },
        "2019-01": {
            "month": "2019-01",
            "price": "57.77",
            "revenue": 99277
        },
        "2019-02": {
            "month": "2019-02",
            "price": "62.17",
            "revenue": 111774
        },
        "2019-03": {
            "month": "2019-03",
            "price": "58.76",
            "revenue": 144031
        },
        "2019-04": {
            "month": "2019-04",
            "price": "56.68",
            "revenue": 241806
        },
        "2019-05": {
            "month": "2019-05",
            "price": "53.46",
            "revenue": 172500
        },
        "2019-06": {
            "month": "2019-06",
            "price": "53.23",
            "revenue": 172301
        },
        "2019-07": {
            "month": "2019-07",
            "price": "52.69",
            "revenue": 169759
        },
        "2019-08": {
            "month": "2019-08",
            "price": "50.73",
            "revenue": 123913
        },
        "2019-09": {
            "month": "2019-09",
            "price": "45.51",
            "revenue": 159774
        },
        "2019-10": {
            "month": "2019-10",
            "price": "42.03",
            "revenue": 148490
        },
        "2019-11": {
            "month": "2019-11",
            "price": "41.47",
            "revenue": 125890
        },
        "2019-12": {
            "month": "2019-12",
            "price": "40.86",
            "revenue": 101389
        },
        "2020-01": {
            "month": "2020-01",
            "price": "42.65",
            "revenue": 66673
        },
        "2020-02": {
            "month": "2020-02",
            "price": "37.23",
            "revenue": 88302
        },
        "2020-03": {
            "month": "2020-03",
            "price": "26.04",
            "revenue": 60464
        },
        "2020-04": {
            "month": "2020-04",
            "price": "26.07",
            "revenue": 104393
        },
        "2020-05": {
            "month": "2020-05",
            "price": "37.98",
            "revenue": 122762
        },
        "2020-06": {
            "month": "2020-06",
            "price": "40.70",
            "revenue": 166410
        },
        "2020-07": {
            "month": "2020-07",
            "price": "38.32",
            "revenue": 183638
        },
        "2020-08": {
            "month": "2020-08",
            "price": "37.20",
            "revenue": 129018
        },
        "2020-09": {
            "month": "2020-09",
            "price": "37.77",
            "revenue": 162315
        },
        "2020-10": {
            "month": "2020-10",
            "price": "34.83",
            "revenue": 164239
        },
        "2020-11": {
            "month": "2020-11",
            "price": "35.21",
            "revenue": 196218
        },
        "2020-12": {
            "month": "2020-12",
            "price": "37.68",
            "revenue": 194756
        },
        "2021-01": {
            "month": "2021-01",
            "price": "36.94",
            "revenue": 115077
        },
        "2021-02": {
            "month": "2021-02",
            "price": "34.35",
            "revenue": 133438
        },
        "2021-03": {
            "month": "2021-03",
            "price": "35.45",
            "revenue": 161135
        },
        "2021-04": {
            "month": "2021-04",
            "price": "39.17",
            "revenue": 203895
        },
        "2021-05": {
            "month": "2021-05",
            "price": "35.78",
            "revenue": 154976
        },
        "2021-06": {
            "month": "2021-06",
            "price": "34.34",
            "revenue": 204754
        },
        "2021-07": {
            "month": "2021-07",
            "price": "34.17",
            "revenue": 202315
        },
        "2021-08": {
            "month": "2021-08",
            "price": "33.33",
            "revenue": 161940
        },
        "2021-09": {
            "month": "2021-09",
            "price": "34.11",
            "revenue": 183401
        },
        "2021-10": {
            "month": "2021-10",
            "price": "37.83",
            "revenue": 236900
        },
        "2021-11": {
            "month": "2021-11",
            "price": "40.36",
            "revenue": 221209
        },
        "2021-12": {
            "month": "2021-12",
            "price": "40.64",
            "revenue": 217442
        },
        "2022-01": {
            "month": "2022-01",
            "price": "39.94",
            "revenue": 119692
        },
        "2022-02": {
            "month": "2022-02",
            "price": "43.18",
            "revenue": 213731
        },
        "2022-03": {
            "month": "2022-03",
            "price": "60.91",
            "revenue": 334461
        },
        "2022-04": {
            "month": "2022-04",
            "price": "81.55",
            "revenue": 326154
        },
        "2022-05": {
            "month": "2022-05",
            "price": "69.50",
            "revenue": 246340
        },
        "2022-06": {
            "month": "2022-06",
            "price": "55.13",
            "revenue": 348880
        },
        "2022-07": {
            "month": "2022-07",
            "price": "53.86",
            "revenue": 365312
        },
        "2022-08": {
            "month": "2022-08",
            "price": "63.55",
            "revenue": 460062
        },
        "2022-09": {
            "month": "2022-09",
            "price": "67.38",
            "revenue": 410664
        },
        "2022-10": {
            "month": "2022-10",
            "price": "54.54",
            "revenue": 300044
        },
        "2022-11": {
            "month": "2022-11",
            "price": "57.94",
            "revenue": 296311
        },
        "2022-12": {
            "month": "2022-12",
            "price": "57.51",
            "revenue": 286844
        },
        "2023-01": {
            "month": "2023-01",
            "price": "55.77",
            "revenue": 166121
        },
        "2023-02": {
            "month": "2023-02",
            "price": "66.62",
            "revenue": 217225
        },
        "2023-03": {
            "month": "2023-03",
            "price": "66.29",
            "revenue": 392328
        },
        "2023-04": {
            "month": "2023-04",
            "price": "65.34",
            "revenue": 247950
        },
        "2023-05": {
            "month": "2023-05",
            "price": "59.67",
            "revenue": 310105
        },
        "2023-06": {
            "month": "2023-06",
            "price": "59.54",
            "revenue": 250482
        },
        "2023-07": {
            "month": "2023-07",
            "price": "57.18",
            "revenue": 260019
        },
        "2023-08": {
            "month": "2023-08",
            "price": "50.06",
            "revenue": 211146
        }
    }
}
