{
    "summary": {
        "stock_name": "醣聯",
        "stock_id": "4168",
        "category": "生技醫療",
        "main_business": "抗癌用之單株抗體開發<br>單株抗體標的授權<br>醣質抗原與蛋白質藥物相關委託服務",
        "website_url": "http://www.glyconex.com.tw/",
        "ceo": "楊玫君",
        "pe_ratio": -16,
        "report_year_from": 2010,
        "report_year_to": 2023,
        "age": 14,
        "eps_negative_percentage": 92,
        "eps_growth_avg": {
            "last_all": -100,
            "last_2y": null,
            "last_4y": null,
            "last_8y": null,
            "last_12y": null,
            "last_16y": null,
            "last_20y": null,
            "at_2006_last_3y": null,
            "at_2007_last_3y": null,
            "at_2008_last_3y": null,
            "at_2009_last_3y": null,
            "at_2010_last_3y": null,
            "at_2011_last_3y": null,
            "at_2012_last_3y": null,
            "at_2013_last_3y": null,
            "at_2014_last_3y": null,
            "at_2015_last_3y": null,
            "at_2016_last_3y": -100,
            "at_2017_last_3y": null,
            "at_2018_last_3y": null,
            "at_2019_last_3y": null,
            "at_2020_last_3y": null,
            "at_2021_last_3y": null,
            "at_2022_last_3y": null,
            "at_2023_last_3y": null,
            "at_2024_last_3y": null,
            "at_2006_last_all": null,
            "at_2007_last_all": null,
            "at_2008_last_all": null,
            "at_2009_last_all": null,
            "at_2010_last_all": null,
            "at_2011_last_all": null,
            "at_2012_last_all": null,
            "at_2013_last_all": null,
            "at_2014_last_all": -100,
            "at_2015_last_all": -100,
            "at_2016_last_all": -100,
            "at_2017_last_all": -100,
            "at_2018_last_all": -100,
            "at_2019_last_all": -100,
            "at_2020_last_all": -100,
            "at_2021_last_all": -100,
            "at_2022_last_all": -100,
            "at_2023_last_all": -100,
            "at_2024_last_all": -100
        },
        "latest_eps": -1.69,
        "latest_price": 27.1,
        "latest_roe": -13.03,
        "latest_gross_margin": 54.66,
        "latest_equity": 1340699,
        "latest_revenue": 933,
        "latest_gross_profit": 510,
        "latest_net_income": -60090,
        "latest_debt_ratio": 16.3,
        "latest_current_ratio": 302.56,
        "latest_account_receivable_turnover_ratio": 1.05,
        "latest_inventory_turnover_ratio": null,
        "latest_reinvestment_rate": null,
        "latest_research_to_sale_ratio": 6086.17
    },
    "eps_dividends": {
        "2001": {
            "cash": 0,
            "stock": 0,
            "eps": 0
        },
        "2002": {
            "cash": 0,
            "stock": 0,
            "eps": 0
        },
        "2003": {
            "cash": 0,
            "stock": 0,
            "eps": 0
        },
        "2004": {
            "cash": 0,
            "stock": 0,
            "eps": 0
        },
        "2005": {
            "cash": 0,
            "stock": 0,
            "eps": 0
        },
        "2006": {
            "cash": 0,
            "stock": 0,
            "eps": 0
        },
        "2007": {
            "cash": 0,
            "stock": 0,
            "eps": 0
        },
        "2008": {
            "cash": 0,
            "stock": 0,
            "eps": 0
        },
        "2009": {
            "cash": 0,
            "stock": 0,
            "eps": 0
        },
        "2010": {
            "cash": 0,
            "stock": 0,
            "eps": 0
        },
        "2011": {
            "cash": 0,
            "stock": 0,
            "eps": 0
        },
        "2012": {
            "cash": 0.02,
            "stock": 0.18,
            "eps": 0.56
        },
        "2013": {
            "cash": 0.02,
            "stock": 1.14,
            "eps": -0.47
        },
        "2014": {
            "cash": 0,
            "stock": 1,
            "eps": -0.57
        },
        "2015": {
            "cash": 0,
            "stock": 0,
            "eps": -1.02
        },
        "2016": {
            "cash": 0,
            "stock": 0,
            "eps": -1.29
        },
        "2017": {
            "cash": 0,
            "stock": 0,
            "eps": -1.91
        },
        "2018": {
            "cash": 0,
            "stock": 0,
            "eps": -4.18
        },
        "2019": {
            "cash": 0,
            "stock": 0,
            "eps": -3.25
        },
        "2020": {
            "cash": 0,
            "stock": 0,
            "eps": -1.9
        },
        "2021": {
            "cash": 0,
            "stock": 0,
            "eps": -1.78
        },
        "2022": {
            "cash": 0,
            "stock": 0,
            "eps": -2.18
        },
        "2023": {
            "cash": 0,
            "stock": 0,
            "eps": -1.06
        }
    },
    "dividends": {
        "2012-05-25": {
            "cash": 0.02,
            "stock": 0.18
        },
        "2013-06-10": {
            "cash": 0.02,
            "stock": 1.14
        },
        "2014-06-25": {
            "cash": 0,
            "stock": 1
        }
    },
    "prices": {
        "200101": "無",
        "200102": "無",
        "200103": "無",
        "200104": "無",
        "200105": "無",
        "200106": "無",
        "200107": "無",
        "200108": "無",
        "200109": "無",
        "200110": "無",
        "200111": "無",
        "200112": "無",
        "200201": "無",
        "200202": "無",
        "200203": "無",
        "200204": "無",
        "200205": "無",
        "200206": "無",
        "200207": "無",
        "200208": "無",
        "200209": "無",
        "200210": "無",
        "200211": "無",
        "200212": "無",
        "200301": "無",
        "200302": "無",
        "200303": "無",
        "200304": "無",
        "200305": "無",
        "200306": "無",
        "200307": "無",
        "200308": "無",
        "200309": "無",
        "200310": "無",
        "200311": "無",
        "200312": "無",
        "200401": "無",
        "200402": "無",
        "200403": "無",
        "200404": "無",
        "200405": "無",
        "200406": "無",
        "200407": "無",
        "200408": "無",
        "200409": "無",
        "200410": "無",
        "200411": "無",
        "200412": "無",
        "200501": "無",
        "200502": "無",
        "200503": "無",
        "200504": "無",
        "200505": "無",
        "200506": "無",
        "200507": "無",
        "200508": "無",
        "200509": "無",
        "200510": "無",
        "200511": "無",
        "200512": "無",
        "200601": "無",
        "200602": "無",
        "200603": "無",
        "200604": "無",
        "200605": "無",
        "200606": "無",
        "200607": "無",
        "200608": "無",
        "200609": "無",
        "200610": "無",
        "200611": "無",
        "200612": "無",
        "200701": "無",
        "200702": "無",
        "200703": "無",
        "200704": "無",
        "200705": "無",
        "200706": "無",
        "200707": "無",
        "200708": "無",
        "200709": "無",
        "200710": "無",
        "200711": "無",
        "200712": "無",
        "200801": "無",
        "200802": "無",
        "200803": "無",
        "200804": "無",
        "200805": "無",
        "200806": "無",
        "200807": "無",
        "200808": "無",
        "200809": "無",
        "200810": "無",
        "200811": "無",
        "200812": "無",
        "200901": "無",
        "200902": "無",
        "200903": "無",
        "200904": "無",
        "200905": "無",
        "200906": "無",
        "200907": "無",
        "200908": "無",
        "200909": "無",
        "200910": "無",
        "200911": "無",
        "200912": "無",
        "201001": "無",
        "201002": "無",
        "201003": "無",
        "201004": "無",
        "201005": "無",
        "201006": "無",
        "201007": "無",
        "201008": "無",
        "201009": "無",
        "201010": "無",
        "201011": "無",
        "201012": "無",
        "201101": "無",
        "201102": "無",
        "201103": "無",
        "201104": "無",
        "201105": "無",
        "201106": "無",
        "201107": "無",
        "201108": "無",
        "201109": "無",
        "201110": "無",
        "201111": "無",
        "201112": "58.74",
        "201201": "67.21",
        "201202": "89.00",
        "201203": "97.88",
        "201204": "103.20",
        "201205": "101.28",
        "201206": "95.15",
        "201207": "86.27",
        "201208": "92.28",
        "201209": "96.77",
        "201210": "134.36",
        "201211": "162.86",
        "201212": "156.30",
        "201301": "134.57",
        "201302": "142.12",
        "201303": "133.52",
        "201304": "125.18",
        "201305": "122.05",
        "201306": "102.36",
        "201307": "96.77",
        "201308": "106.28",
        "201309": "138.98",
        "201310": "140.09",
        "201311": "128.29",
        "201312": "109.64",
        "201401": "104.56",
        "201402": "107.00",
        "201403": "107.26",
        "201404": "96.59",
        "201405": "100.80",
        "201406": "105.29",
        "201407": "103.14",
        "201408": "83.93",
        "201409": "79.96",
        "201410": "71.53",
        "201411": "62.26",
        "201412": "71.19",
        "201501": "65.24",
        "201502": "61.59",
        "201503": "63.69",
        "201504": "60.54",
        "201505": "51.21",
        "201506": "44.95",
        "201507": "41.89",
        "201508": "32.78",
        "201509": "37.54",
        "201510": "50.45",
        "201511": "51.48",
        "201512": "58.35",
        "201601": "47.24",
        "201602": "47.82",
        "201603": "44.76",
        "201604": "40.34",
        "201605": "38.10",
        "201606": "38.74",
        "201607": "40.97",
        "201608": "40.70",
        "201609": "38.14",
        "201610": "35.42",
        "201611": "32.66",
        "201612": "33.40",
        "201701": "32.81",
        "201702": "32.68",
        "201703": "30.89",
        "201704": "28.68",
        "201705": "27.98",
        "201706": "29.21",
        "201707": "27.89",
        "201708": "25.82",
        "201709": "25.27",
        "201710": "24.08",
        "201711": "23.65",
        "201712": "22.90",
        "201801": "26.00",
        "201802": "26.68",
        "201803": "32.50",
        "201804": "35.40",
        "201805": "30.42",
        "201806": "30.34",
        "201807": "28.06",
        "201808": "25.60",
        "201809": "28.43",
        "201810": "26.02",
        "201811": "23.96",
        "201812": "23.72",
        "201901": "24.25",
        "201902": "24.91",
        "201903": "24.02",
        "201904": "23.20",
        "201905": "21.64",
        "201906": "21.82",
        "201907": "22.88",
        "201908": "20.64",
        "201909": "21.72",
        "201910": "20.30",
        "201911": "20.29",
        "201912": "19.92",
        "202001": "19.90",
        "202002": "19.05",
        "202003": "14.73",
        "202004": "14.15",
        "202005": "22.22",
        "202006": "29.83",
        "202007": "32.43",
        "202008": "29.08",
        "202009": "28.05",
        "202010": "24.96",
        "202011": "25.52",
        "202012": "25.31",
        "202101": "25.04",
        "202102": "26.64",
        "202103": "28.80",
        "202104": "37.23",
        "202105": "30.92",
        "202106": "32.34",
        "202107": "31.42",
        "202108": "27.79",
        "202109": "27.02",
        "202110": "26.10",
        "202111": "27.94",
        "202112": "29.75",
        "202201": "29.06",
        "202202": "28.89",
        "202203": "28.28",
        "202204": "29.42",
        "202205": "26.47",
        "202206": "27.27",
        "202207": "27.94",
        "202208": "28.59",
        "202209": "39.43",
        "202210": "28.85",
        "202211": "30.48",
        "202212": "32.94",
        "202301": "30.41",
        "202302": "32.79",
        "202303": "31.57",
        "202304": "31.97",
        "202305": "31.07",
        "202306": "30.66",
        "202307": "30.73",
        "202308": "28.60",
        "202309": "27.91",
        "202310": "27.76",
        "202311": "28.52",
        "202312": "27.96"
    },
    "quarters": {
        "20011": {
            "year_quarter": 20011,
            "year": 2001,
            "quarter": 1,
            "eps": null,
            "eps_growth_year": null,
            "eps_4q": null,
            "eps_4q_growth_year": null,
            "roe": null,
            "roe_4q": 0,
            "gross_profit": null,
            "gross_margin": null,
            "gross_margin_4q_avg": 0,
            "net_income": null,
            "net_income_4q": null,
            "revenue": null,
            "revenue_4q": null,
            "common_shares": null,
            "book_valuer_per_share": null,
            "book_valuer_per_share_4q_avg": 0,
            "equity": null,
            "current_ratio": null,
            "debt_ratio": null,
            "inventory_turnover_ratio": null,
            "account_receivable_turnover_ratio": null,
            "reinvestment_rate": null,
            "research_to_sale_ratio": null,
            "price_fair": 0,
            "eps_avg_yearly": 0,
            "eps_latest_yearly": 0,
            "eps_growth_yearly": 0
        },
        "20012": {
            "year_quarter": 20012,
            "year": 2001,
            "quarter": 2,
            "eps": null,
            "eps_growth_year": null,
            "eps_4q": null,
            "eps_4q_growth_year": null,
            "roe": null,
            "roe_4q": 0,
            "gross_profit": null,
            "gross_margin": null,
            "gross_margin_4q_avg": 0,
            "net_income": null,
            "net_income_4q": null,
            "revenue": null,
            "revenue_4q": null,
            "common_shares": null,
            "book_valuer_per_share": null,
            "book_valuer_per_share_4q_avg": 0,
            "equity": null,
            "current_ratio": null,
            "debt_ratio": null,
            "inventory_turnover_ratio": null,
            "account_receivable_turnover_ratio": null,
            "reinvestment_rate": null,
            "research_to_sale_ratio": null,
            "price_fair": 0,
            "eps_avg_yearly": 0,
            "eps_latest_yearly": 0,
            "eps_growth_yearly": 0
        },
        "20013": {
            "year_quarter": 20013,
            "year": 2001,
            "quarter": 3,
            "eps": null,
            "eps_growth_year": null,
            "eps_4q": null,
            "eps_4q_growth_year": null,
            "roe": null,
            "roe_4q": 0,
            "gross_profit": null,
            "gross_margin": null,
            "gross_margin_4q_avg": 0,
            "net_income": null,
            "net_income_4q": null,
            "revenue": null,
            "revenue_4q": null,
            "common_shares": null,
            "book_valuer_per_share": null,
            "book_valuer_per_share_4q_avg": 0,
            "equity": null,
            "current_ratio": null,
            "debt_ratio": null,
            "inventory_turnover_ratio": null,
            "account_receivable_turnover_ratio": null,
            "reinvestment_rate": null,
            "research_to_sale_ratio": null,
            "price_fair": 0,
            "eps_avg_yearly": 0,
            "eps_latest_yearly": 0,
            "eps_growth_yearly": 0
        },
        "20014": {
            "year_quarter": 20014,
            "year": 2001,
            "quarter": 4,
            "eps": null,
            "eps_growth_year": null,
            "eps_4q": null,
            "eps_4q_growth_year": null,
            "roe": null,
            "roe_4q": 0,
            "gross_profit": null,
            "gross_margin": null,
            "gross_margin_4q_avg": 0,
            "net_income": null,
            "net_income_4q": null,
            "revenue": null,
            "revenue_4q": null,
            "common_shares": null,
            "book_valuer_per_share": null,
            "book_valuer_per_share_4q_avg": 0,
            "equity": null,
            "current_ratio": null,
            "debt_ratio": null,
            "inventory_turnover_ratio": null,
            "account_receivable_turnover_ratio": null,
            "reinvestment_rate": null,
            "research_to_sale_ratio": null,
            "price_fair": 0,
            "eps_avg_yearly": 0,
            "eps_latest_yearly": 0,
            "eps_growth_yearly": 0
        },
        "20021": {
            "year_quarter": 20021,
            "year": 2002,
            "quarter": 1,
            "eps": null,
            "eps_growth_year": null,
            "eps_4q": null,
            "eps_4q_growth_year": null,
            "roe": null,
            "roe_4q": 0,
            "gross_profit": null,
            "gross_margin": null,
            "gross_margin_4q_avg": 0,
            "net_income": null,
            "net_income_4q": null,
            "revenue": null,
            "revenue_4q": null,
            "common_shares": null,
            "book_valuer_per_share": null,
            "book_valuer_per_share_4q_avg": 0,
            "equity": null,
            "current_ratio": null,
            "debt_ratio": null,
            "inventory_turnover_ratio": null,
            "account_receivable_turnover_ratio": null,
            "reinvestment_rate": null,
            "research_to_sale_ratio": null,
            "price_fair": 0,
            "eps_avg_yearly": 0,
            "eps_latest_yearly": 0,
            "eps_growth_yearly": 0
        },
        "20022": {
            "year_quarter": 20022,
            "year": 2002,
            "quarter": 2,
            "eps": null,
            "eps_growth_year": null,
            "eps_4q": null,
            "eps_4q_growth_year": null,
            "roe": null,
            "roe_4q": 0,
            "gross_profit": null,
            "gross_margin": null,
            "gross_margin_4q_avg": 0,
            "net_income": null,
            "net_income_4q": null,
            "revenue": null,
            "revenue_4q": null,
            "common_shares": null,
            "book_valuer_per_share": null,
            "book_valuer_per_share_4q_avg": 0,
            "equity": null,
            "current_ratio": null,
            "debt_ratio": null,
            "inventory_turnover_ratio": null,
            "account_receivable_turnover_ratio": null,
            "reinvestment_rate": null,
            "research_to_sale_ratio": null,
            "price_fair": 0,
            "eps_avg_yearly": 0,
            "eps_latest_yearly": 0,
            "eps_growth_yearly": 0
        },
        "20023": {
            "year_quarter": 20023,
            "year": 2002,
            "quarter": 3,
            "eps": null,
            "eps_growth_year": null,
            "eps_4q": null,
            "eps_4q_growth_year": null,
            "roe": null,
            "roe_4q": 0,
            "gross_profit": null,
            "gross_margin": null,
            "gross_margin_4q_avg": 0,
            "net_income": null,
            "net_income_4q": null,
            "revenue": null,
            "revenue_4q": null,
            "common_shares": null,
            "book_valuer_per_share": null,
            "book_valuer_per_share_4q_avg": 0,
            "equity": null,
            "current_ratio": null,
            "debt_ratio": null,
            "inventory_turnover_ratio": null,
            "account_receivable_turnover_ratio": null,
            "reinvestment_rate": null,
            "research_to_sale_ratio": null,
            "price_fair": 0,
            "eps_avg_yearly": 0,
            "eps_latest_yearly": 0,
            "eps_growth_yearly": 0
        },
        "20024": {
            "year_quarter": 20024,
            "year": 2002,
            "quarter": 4,
            "eps": null,
            "eps_growth_year": null,
            "eps_4q": null,
            "eps_4q_growth_year": null,
            "roe": null,
            "roe_4q": 0,
            "gross_profit": null,
            "gross_margin": null,
            "gross_margin_4q_avg": 0,
            "net_income": null,
            "net_income_4q": null,
            "revenue": null,
            "revenue_4q": null,
            "common_shares": null,
            "book_valuer_per_share": null,
            "book_valuer_per_share_4q_avg": 0,
            "equity": null,
            "current_ratio": null,
            "debt_ratio": null,
            "inventory_turnover_ratio": null,
            "account_receivable_turnover_ratio": null,
            "reinvestment_rate": null,
            "research_to_sale_ratio": null,
            "price_fair": 0,
            "eps_avg_yearly": 0,
            "eps_latest_yearly": 0,
            "eps_growth_yearly": 0
        },
        "20031": {
            "year_quarter": 20031,
            "year": 2003,
            "quarter": 1,
            "eps": null,
            "eps_growth_year": null,
            "eps_4q": null,
            "eps_4q_growth_year": null,
            "roe": null,
            "roe_4q": 0,
            "gross_profit": null,
            "gross_margin": null,
            "gross_margin_4q_avg": 0,
            "net_income": null,
            "net_income_4q": null,
            "revenue": null,
            "revenue_4q": null,
            "common_shares": null,
            "book_valuer_per_share": null,
            "book_valuer_per_share_4q_avg": 0,
            "equity": null,
            "current_ratio": null,
            "debt_ratio": null,
            "inventory_turnover_ratio": null,
            "account_receivable_turnover_ratio": null,
            "reinvestment_rate": null,
            "research_to_sale_ratio": null,
            "price_fair": 0,
            "eps_avg_yearly": 0,
            "eps_latest_yearly": 0,
            "eps_growth_yearly": 0
        },
        "20032": {
            "year_quarter": 20032,
            "year": 2003,
            "quarter": 2,
            "eps": null,
            "eps_growth_year": null,
            "eps_4q": null,
            "eps_4q_growth_year": null,
            "roe": null,
            "roe_4q": 0,
            "gross_profit": null,
            "gross_margin": null,
            "gross_margin_4q_avg": 0,
            "net_income": null,
            "net_income_4q": null,
            "revenue": null,
            "revenue_4q": null,
            "common_shares": null,
            "book_valuer_per_share": null,
            "book_valuer_per_share_4q_avg": 0,
            "equity": null,
            "current_ratio": null,
            "debt_ratio": null,
            "inventory_turnover_ratio": null,
            "account_receivable_turnover_ratio": null,
            "reinvestment_rate": null,
            "research_to_sale_ratio": null,
            "price_fair": 0,
            "eps_avg_yearly": 0,
            "eps_latest_yearly": 0,
            "eps_growth_yearly": 0
        },
        "20033": {
            "year_quarter": 20033,
            "year": 2003,
            "quarter": 3,
            "eps": null,
            "eps_growth_year": null,
            "eps_4q": null,
            "eps_4q_growth_year": null,
            "roe": null,
            "roe_4q": 0,
            "gross_profit": null,
            "gross_margin": null,
            "gross_margin_4q_avg": 0,
            "net_income": null,
            "net_income_4q": null,
            "revenue": null,
            "revenue_4q": null,
            "common_shares": null,
            "book_valuer_per_share": null,
            "book_valuer_per_share_4q_avg": 0,
            "equity": null,
            "current_ratio": null,
            "debt_ratio": null,
            "inventory_turnover_ratio": null,
            "account_receivable_turnover_ratio": null,
            "reinvestment_rate": null,
            "research_to_sale_ratio": null,
            "price_fair": 0,
            "eps_avg_yearly": 0,
            "eps_latest_yearly": 0,
            "eps_growth_yearly": 0
        },
        "20034": {
            "year_quarter": 20034,
            "year": 2003,
            "quarter": 4,
            "eps": null,
            "eps_growth_year": null,
            "eps_4q": null,
            "eps_4q_growth_year": null,
            "roe": null,
            "roe_4q": 0,
            "gross_profit": null,
            "gross_margin": null,
            "gross_margin_4q_avg": 0,
            "net_income": null,
            "net_income_4q": null,
            "revenue": null,
            "revenue_4q": null,
            "common_shares": null,
            "book_valuer_per_share": null,
            "book_valuer_per_share_4q_avg": 0,
            "equity": null,
            "current_ratio": null,
            "debt_ratio": null,
            "inventory_turnover_ratio": null,
            "account_receivable_turnover_ratio": null,
            "reinvestment_rate": null,
            "research_to_sale_ratio": null,
            "price_fair": 0,
            "eps_avg_yearly": 0,
            "eps_latest_yearly": 0,
            "eps_growth_yearly": 0
        },
        "20041": {
            "year_quarter": 20041,
            "year": 2004,
            "quarter": 1,
            "eps": null,
            "eps_growth_year": null,
            "eps_4q": null,
            "eps_4q_growth_year": null,
            "roe": null,
            "roe_4q": 0,
            "gross_profit": null,
            "gross_margin": null,
            "gross_margin_4q_avg": 0,
            "net_income": null,
            "net_income_4q": null,
            "revenue": null,
            "revenue_4q": null,
            "common_shares": null,
            "book_valuer_per_share": null,
            "book_valuer_per_share_4q_avg": 0,
            "equity": null,
            "current_ratio": null,
            "debt_ratio": null,
            "inventory_turnover_ratio": null,
            "account_receivable_turnover_ratio": null,
            "reinvestment_rate": null,
            "research_to_sale_ratio": null,
            "price_fair": 0,
            "eps_avg_yearly": 0,
            "eps_latest_yearly": 0,
            "eps_growth_yearly": 0
        },
        "20042": {
            "year_quarter": 20042,
            "year": 2004,
            "quarter": 2,
            "eps": null,
            "eps_growth_year": null,
            "eps_4q": null,
            "eps_4q_growth_year": null,
            "roe": null,
            "roe_4q": 0,
            "gross_profit": null,
            "gross_margin": null,
            "gross_margin_4q_avg": 0,
            "net_income": null,
            "net_income_4q": null,
            "revenue": null,
            "revenue_4q": null,
            "common_shares": null,
            "book_valuer_per_share": null,
            "book_valuer_per_share_4q_avg": 0,
            "equity": null,
            "current_ratio": null,
            "debt_ratio": null,
            "inventory_turnover_ratio": null,
            "account_receivable_turnover_ratio": null,
            "reinvestment_rate": null,
            "research_to_sale_ratio": null,
            "price_fair": 0,
            "eps_avg_yearly": 0,
            "eps_latest_yearly": 0,
            "eps_growth_yearly": 0
        },
        "20043": {
            "year_quarter": 20043,
            "year": 2004,
            "quarter": 3,
            "eps": null,
            "eps_growth_year": null,
            "eps_4q": null,
            "eps_4q_growth_year": null,
            "roe": null,
            "roe_4q": 0,
            "gross_profit": null,
            "gross_margin": null,
            "gross_margin_4q_avg": 0,
            "net_income": null,
            "net_income_4q": null,
            "revenue": null,
            "revenue_4q": null,
            "common_shares": null,
            "book_valuer_per_share": null,
            "book_valuer_per_share_4q_avg": 0,
            "equity": null,
            "current_ratio": null,
            "debt_ratio": null,
            "inventory_turnover_ratio": null,
            "account_receivable_turnover_ratio": null,
            "reinvestment_rate": null,
            "research_to_sale_ratio": null,
            "price_fair": 0,
            "eps_avg_yearly": 0,
            "eps_latest_yearly": 0,
            "eps_growth_yearly": 0
        },
        "20044": {
            "year_quarter": 20044,
            "year": 2004,
            "quarter": 4,
            "eps": null,
            "eps_growth_year": null,
            "eps_4q": null,
            "eps_4q_growth_year": null,
            "roe": null,
            "roe_4q": 0,
            "gross_profit": null,
            "gross_margin": null,
            "gross_margin_4q_avg": 0,
            "net_income": null,
            "net_income_4q": null,
            "revenue": null,
            "revenue_4q": null,
            "common_shares": null,
            "book_valuer_per_share": null,
            "book_valuer_per_share_4q_avg": 0,
            "equity": null,
            "current_ratio": null,
            "debt_ratio": null,
            "inventory_turnover_ratio": null,
            "account_receivable_turnover_ratio": null,
            "reinvestment_rate": null,
            "research_to_sale_ratio": null,
            "price_fair": 0,
            "eps_avg_yearly": 0,
            "eps_latest_yearly": 0,
            "eps_growth_yearly": 0
        },
        "20051": {
            "year_quarter": 20051,
            "year": 2005,
            "quarter": 1,
            "eps": null,
            "eps_growth_year": null,
            "eps_4q": null,
            "eps_4q_growth_year": null,
            "roe": null,
            "roe_4q": 0,
            "gross_profit": null,
            "gross_margin": null,
            "gross_margin_4q_avg": 0,
            "net_income": null,
            "net_income_4q": null,
            "revenue": null,
            "revenue_4q": null,
            "common_shares": null,
            "book_valuer_per_share": null,
            "book_valuer_per_share_4q_avg": 0,
            "equity": null,
            "current_ratio": null,
            "debt_ratio": null,
            "inventory_turnover_ratio": null,
            "account_receivable_turnover_ratio": null,
            "reinvestment_rate": null,
            "research_to_sale_ratio": null,
            "price_fair": 0,
            "eps_avg_yearly": 0,
            "eps_latest_yearly": 0,
            "eps_growth_yearly": 0
        },
        "20052": {
            "year_quarter": 20052,
            "year": 2005,
            "quarter": 2,
            "eps": null,
            "eps_growth_year": null,
            "eps_4q": null,
            "eps_4q_growth_year": null,
            "roe": null,
            "roe_4q": 0,
            "gross_profit": null,
            "gross_margin": null,
            "gross_margin_4q_avg": 0,
            "net_income": null,
            "net_income_4q": null,
            "revenue": null,
            "revenue_4q": null,
            "common_shares": null,
            "book_valuer_per_share": null,
            "book_valuer_per_share_4q_avg": 0,
            "equity": null,
            "current_ratio": null,
            "debt_ratio": null,
            "inventory_turnover_ratio": null,
            "account_receivable_turnover_ratio": null,
            "reinvestment_rate": null,
            "research_to_sale_ratio": null,
            "price_fair": 0,
            "eps_avg_yearly": 0,
            "eps_latest_yearly": 0,
            "eps_growth_yearly": 0
        },
        "20053": {
            "year_quarter": 20053,
            "year": 2005,
            "quarter": 3,
            "eps": null,
            "eps_growth_year": null,
            "eps_4q": null,
            "eps_4q_growth_year": null,
            "roe": null,
            "roe_4q": 0,
            "gross_profit": null,
            "gross_margin": null,
            "gross_margin_4q_avg": 0,
            "net_income": null,
            "net_income_4q": null,
            "revenue": null,
            "revenue_4q": null,
            "common_shares": null,
            "book_valuer_per_share": null,
            "book_valuer_per_share_4q_avg": 0,
            "equity": null,
            "current_ratio": null,
            "debt_ratio": null,
            "inventory_turnover_ratio": null,
            "account_receivable_turnover_ratio": null,
            "reinvestment_rate": null,
            "research_to_sale_ratio": null,
            "price_fair": 0,
            "eps_avg_yearly": 0,
            "eps_latest_yearly": 0,
            "eps_growth_yearly": 0
        },
        "20054": {
            "year_quarter": 20054,
            "year": 2005,
            "quarter": 4,
            "eps": null,
            "eps_growth_year": null,
            "eps_4q": null,
            "eps_4q_growth_year": null,
            "roe": null,
            "roe_4q": 0,
            "gross_profit": null,
            "gross_margin": null,
            "gross_margin_4q_avg": 0,
            "net_income": null,
            "net_income_4q": null,
            "revenue": null,
            "revenue_4q": null,
            "common_shares": null,
            "book_valuer_per_share": null,
            "book_valuer_per_share_4q_avg": 0,
            "equity": null,
            "current_ratio": null,
            "debt_ratio": null,
            "inventory_turnover_ratio": null,
            "account_receivable_turnover_ratio": null,
            "reinvestment_rate": null,
            "research_to_sale_ratio": null,
            "price_fair": 0,
            "eps_avg_yearly": 0,
            "eps_latest_yearly": 0,
            "eps_growth_yearly": 0
        },
        "20061": {
            "year_quarter": 20061,
            "year": 2006,
            "quarter": 1,
            "eps": null,
            "eps_growth_year": null,
            "eps_4q": null,
            "eps_4q_growth_year": null,
            "roe": null,
            "roe_4q": 0,
            "gross_profit": null,
            "gross_margin": null,
            "gross_margin_4q_avg": 0,
            "net_income": null,
            "net_income_4q": null,
            "revenue": null,
            "revenue_4q": null,
            "common_shares": null,
            "book_valuer_per_share": null,
            "book_valuer_per_share_4q_avg": 0,
            "equity": null,
            "current_ratio": null,
            "debt_ratio": null,
            "inventory_turnover_ratio": null,
            "account_receivable_turnover_ratio": null,
            "reinvestment_rate": null,
            "research_to_sale_ratio": null,
            "price_fair": 0,
            "eps_avg_yearly": 0,
            "eps_latest_yearly": 0,
            "eps_growth_yearly": 0
        },
        "20062": {
            "year_quarter": 20062,
            "year": 2006,
            "quarter": 2,
            "eps": null,
            "eps_growth_year": null,
            "eps_4q": null,
            "eps_4q_growth_year": null,
            "roe": null,
            "roe_4q": 0,
            "gross_profit": null,
            "gross_margin": null,
            "gross_margin_4q_avg": 0,
            "net_income": null,
            "net_income_4q": null,
            "revenue": null,
            "revenue_4q": null,
            "common_shares": null,
            "book_valuer_per_share": null,
            "book_valuer_per_share_4q_avg": 0,
            "equity": null,
            "current_ratio": null,
            "debt_ratio": null,
            "inventory_turnover_ratio": null,
            "account_receivable_turnover_ratio": null,
            "reinvestment_rate": null,
            "research_to_sale_ratio": null,
            "price_fair": 0,
            "eps_avg_yearly": 0,
            "eps_latest_yearly": 0,
            "eps_growth_yearly": 0
        },
        "20063": {
            "year_quarter": 20063,
            "year": 2006,
            "quarter": 3,
            "eps": null,
            "eps_growth_year": null,
            "eps_4q": null,
            "eps_4q_growth_year": null,
            "roe": null,
            "roe_4q": 0,
            "gross_profit": null,
            "gross_margin": null,
            "gross_margin_4q_avg": 0,
            "net_income": null,
            "net_income_4q": null,
            "revenue": null,
            "revenue_4q": null,
            "common_shares": null,
            "book_valuer_per_share": null,
            "book_valuer_per_share_4q_avg": 0,
            "equity": null,
            "current_ratio": null,
            "debt_ratio": null,
            "inventory_turnover_ratio": null,
            "account_receivable_turnover_ratio": null,
            "reinvestment_rate": null,
            "research_to_sale_ratio": null,
            "price_fair": 0,
            "eps_avg_yearly": 0,
            "eps_latest_yearly": 0,
            "eps_growth_yearly": 0
        },
        "20064": {
            "year_quarter": 20064,
            "year": 2006,
            "quarter": 4,
            "eps": null,
            "eps_growth_year": null,
            "eps_4q": null,
            "eps_4q_growth_year": null,
            "roe": null,
            "roe_4q": 0,
            "gross_profit": null,
            "gross_margin": null,
            "gross_margin_4q_avg": 0,
            "net_income": null,
            "net_income_4q": null,
            "revenue": null,
            "revenue_4q": null,
            "common_shares": 100000,
            "book_valuer_per_share": 5.68,
            "book_valuer_per_share_4q_avg": 1.42,
            "equity": 56768,
            "current_ratio": 93.19,
            "debt_ratio": 45.73,
            "inventory_turnover_ratio": null,
            "account_receivable_turnover_ratio": null,
            "reinvestment_rate": null,
            "research_to_sale_ratio": null,
            "price_fair": 0,
            "eps_avg_yearly": 0,
            "eps_latest_yearly": 0,
            "eps_growth_yearly": 0
        },
        "20071": {
            "year_quarter": 20071,
            "year": 2007,
            "quarter": 1,
            "eps": null,
            "eps_growth_year": null,
            "eps_4q": null,
            "eps_4q_growth_year": null,
            "roe": null,
            "roe_4q": 0,
            "gross_profit": null,
            "gross_margin": null,
            "gross_margin_4q_avg": 0,
            "net_income": null,
            "net_income_4q": null,
            "revenue": null,
            "revenue_4q": null,
            "common_shares": null,
            "book_valuer_per_share": null,
            "book_valuer_per_share_4q_avg": 1.42,
            "equity": null,
            "current_ratio": null,
            "debt_ratio": null,
            "inventory_turnover_ratio": null,
            "account_receivable_turnover_ratio": null,
            "reinvestment_rate": null,
            "research_to_sale_ratio": null,
            "price_fair": 0,
            "eps_avg_yearly": 0,
            "eps_latest_yearly": 0,
            "eps_growth_yearly": 0
        },
        "20072": {
            "year_quarter": 20072,
            "year": 2007,
            "quarter": 2,
            "eps": null,
            "eps_growth_year": null,
            "eps_4q": null,
            "eps_4q_growth_year": null,
            "roe": null,
            "roe_4q": 0,
            "gross_profit": null,
            "gross_margin": null,
            "gross_margin_4q_avg": 0,
            "net_income": null,
            "net_income_4q": null,
            "revenue": null,
            "revenue_4q": null,
            "common_shares": null,
            "book_valuer_per_share": null,
            "book_valuer_per_share_4q_avg": 1.42,
            "equity": null,
            "current_ratio": null,
            "debt_ratio": null,
            "inventory_turnover_ratio": null,
            "account_receivable_turnover_ratio": null,
            "reinvestment_rate": null,
            "research_to_sale_ratio": null,
            "price_fair": 0,
            "eps_avg_yearly": 0,
            "eps_latest_yearly": 0,
            "eps_growth_yearly": 0
        },
        "20073": {
            "year_quarter": 20073,
            "year": 2007,
            "quarter": 3,
            "eps": null,
            "eps_growth_year": null,
            "eps_4q": null,
            "eps_4q_growth_year": null,
            "roe": null,
            "roe_4q": 0,
            "gross_profit": null,
            "gross_margin": null,
            "gross_margin_4q_avg": 0,
            "net_income": null,
            "net_income_4q": null,
            "revenue": null,
            "revenue_4q": null,
            "common_shares": null,
            "book_valuer_per_share": null,
            "book_valuer_per_share_4q_avg": 1.42,
            "equity": null,
            "current_ratio": null,
            "debt_ratio": null,
            "inventory_turnover_ratio": null,
            "account_receivable_turnover_ratio": null,
            "reinvestment_rate": null,
            "research_to_sale_ratio": null,
            "price_fair": 0,
            "eps_avg_yearly": 0,
            "eps_latest_yearly": 0,
            "eps_growth_yearly": 0
        },
        "20074": {
            "year_quarter": 20074,
            "year": 2007,
            "quarter": 4,
            "eps": null,
            "eps_growth_year": null,
            "eps_4q": null,
            "eps_4q_growth_year": null,
            "roe": null,
            "roe_4q": 0,
            "gross_profit": null,
            "gross_margin": null,
            "gross_margin_4q_avg": 0,
            "net_income": null,
            "net_income_4q": null,
            "revenue": null,
            "revenue_4q": null,
            "common_shares": 126000,
            "book_valuer_per_share": 5.34,
            "book_valuer_per_share_4q_avg": 1.34,
            "equity": 67296,
            "current_ratio": 289.72,
            "debt_ratio": 36.63,
            "inventory_turnover_ratio": null,
            "account_receivable_turnover_ratio": null,
            "reinvestment_rate": null,
            "research_to_sale_ratio": null,
            "price_fair": 0,
            "eps_avg_yearly": 0,
            "eps_latest_yearly": 0,
            "eps_growth_yearly": 0
        },
        "20081": {
            "year_quarter": 20081,
            "year": 2008,
            "quarter": 1,
            "eps": null,
            "eps_growth_year": null,
            "eps_4q": null,
            "eps_4q_growth_year": null,
            "roe": null,
            "roe_4q": 0,
            "gross_profit": null,
            "gross_margin": null,
            "gross_margin_4q_avg": 0,
            "net_income": null,
            "net_income_4q": null,
            "revenue": null,
            "revenue_4q": null,
            "common_shares": null,
            "book_valuer_per_share": null,
            "book_valuer_per_share_4q_avg": 1.34,
            "equity": null,
            "current_ratio": null,
            "debt_ratio": null,
            "inventory_turnover_ratio": null,
            "account_receivable_turnover_ratio": null,
            "reinvestment_rate": null,
            "research_to_sale_ratio": null,
            "price_fair": 0,
            "eps_avg_yearly": 0,
            "eps_latest_yearly": 0,
            "eps_growth_yearly": 0
        },
        "20082": {
            "year_quarter": 20082,
            "year": 2008,
            "quarter": 2,
            "eps": null,
            "eps_growth_year": null,
            "eps_4q": null,
            "eps_4q_growth_year": null,
            "roe": null,
            "roe_4q": 0,
            "gross_profit": null,
            "gross_margin": null,
            "gross_margin_4q_avg": 0,
            "net_income": null,
            "net_income_4q": null,
            "revenue": null,
            "revenue_4q": null,
            "common_shares": null,
            "book_valuer_per_share": null,
            "book_valuer_per_share_4q_avg": 1.34,
            "equity": null,
            "current_ratio": null,
            "debt_ratio": null,
            "inventory_turnover_ratio": null,
            "account_receivable_turnover_ratio": null,
            "reinvestment_rate": null,
            "research_to_sale_ratio": null,
            "price_fair": 0,
            "eps_avg_yearly": 0,
            "eps_latest_yearly": 0,
            "eps_growth_yearly": 0
        },
        "20083": {
            "year_quarter": 20083,
            "year": 2008,
            "quarter": 3,
            "eps": null,
            "eps_growth_year": null,
            "eps_4q": null,
            "eps_4q_growth_year": null,
            "roe": null,
            "roe_4q": 0,
            "gross_profit": null,
            "gross_margin": null,
            "gross_margin_4q_avg": 0,
            "net_income": null,
            "net_income_4q": null,
            "revenue": null,
            "revenue_4q": null,
            "common_shares": null,
            "book_valuer_per_share": null,
            "book_valuer_per_share_4q_avg": 1.34,
            "equity": null,
            "current_ratio": null,
            "debt_ratio": null,
            "inventory_turnover_ratio": null,
            "account_receivable_turnover_ratio": null,
            "reinvestment_rate": null,
            "research_to_sale_ratio": null,
            "price_fair": 0,
            "eps_avg_yearly": 0,
            "eps_latest_yearly": 0,
            "eps_growth_yearly": 0
        },
        "20084": {
            "year_quarter": 20084,
            "year": 2008,
            "quarter": 4,
            "eps": null,
            "eps_growth_year": null,
            "eps_4q": null,
            "eps_4q_growth_year": null,
            "roe": null,
            "roe_4q": 0,
            "gross_profit": null,
            "gross_margin": null,
            "gross_margin_4q_avg": 0,
            "net_income": null,
            "net_income_4q": null,
            "revenue": null,
            "revenue_4q": null,
            "common_shares": 150000,
            "book_valuer_per_share": 3.68,
            "book_valuer_per_share_4q_avg": 0.92,
            "equity": 55126,
            "current_ratio": 172.07,
            "debt_ratio": 34.31,
            "inventory_turnover_ratio": null,
            "account_receivable_turnover_ratio": null,
            "reinvestment_rate": null,
            "research_to_sale_ratio": null,
            "price_fair": 0,
            "eps_avg_yearly": 0,
            "eps_latest_yearly": 0,
            "eps_growth_yearly": 0
        },
        "20091": {
            "year_quarter": 20091,
            "year": 2009,
            "quarter": 1,
            "eps": null,
            "eps_growth_year": null,
            "eps_4q": null,
            "eps_4q_growth_year": null,
            "roe": null,
            "roe_4q": 0,
            "gross_profit": null,
            "gross_margin": null,
            "gross_margin_4q_avg": 0,
            "net_income": null,
            "net_income_4q": null,
            "revenue": null,
            "revenue_4q": null,
            "common_shares": null,
            "book_valuer_per_share": null,
            "book_valuer_per_share_4q_avg": 0.92,
            "equity": null,
            "current_ratio": null,
            "debt_ratio": null,
            "inventory_turnover_ratio": null,
            "account_receivable_turnover_ratio": null,
            "reinvestment_rate": null,
            "research_to_sale_ratio": null,
            "price_fair": 0,
            "eps_avg_yearly": 0,
            "eps_latest_yearly": 0,
            "eps_growth_yearly": 0
        },
        "20092": {
            "year_quarter": 20092,
            "year": 2009,
            "quarter": 2,
            "eps": null,
            "eps_growth_year": null,
            "eps_4q": null,
            "eps_4q_growth_year": null,
            "roe": null,
            "roe_4q": 0,
            "gross_profit": null,
            "gross_margin": null,
            "gross_margin_4q_avg": 0,
            "net_income": null,
            "net_income_4q": null,
            "revenue": null,
            "revenue_4q": null,
            "common_shares": null,
            "book_valuer_per_share": null,
            "book_valuer_per_share_4q_avg": 0.92,
            "equity": null,
            "current_ratio": null,
            "debt_ratio": null,
            "inventory_turnover_ratio": null,
            "account_receivable_turnover_ratio": null,
            "reinvestment_rate": null,
            "research_to_sale_ratio": null,
            "price_fair": 0,
            "eps_avg_yearly": 0,
            "eps_latest_yearly": 0,
            "eps_growth_yearly": 0
        },
        "20093": {
            "year_quarter": 20093,
            "year": 2009,
            "quarter": 3,
            "eps": null,
            "eps_growth_year": null,
            "eps_4q": null,
            "eps_4q_growth_year": null,
            "roe": null,
            "roe_4q": 0,
            "gross_profit": null,
            "gross_margin": null,
            "gross_margin_4q_avg": 0,
            "net_income": null,
            "net_income_4q": null,
            "revenue": null,
            "revenue_4q": null,
            "common_shares": null,
            "book_valuer_per_share": null,
            "book_valuer_per_share_4q_avg": 0.92,
            "equity": null,
            "current_ratio": null,
            "debt_ratio": null,
            "inventory_turnover_ratio": null,
            "account_receivable_turnover_ratio": null,
            "reinvestment_rate": null,
            "research_to_sale_ratio": null,
            "price_fair": 0,
            "eps_avg_yearly": 0,
            "eps_latest_yearly": 0,
            "eps_growth_yearly": 0
        },
        "20094": {
            "year_quarter": 20094,
            "year": 2009,
            "quarter": 4,
            "eps": null,
            "eps_growth_year": null,
            "eps_4q": null,
            "eps_4q_growth_year": null,
            "roe": null,
            "roe_4q": 0,
            "gross_profit": null,
            "gross_margin": null,
            "gross_margin_4q_avg": 0,
            "net_income": null,
            "net_income_4q": null,
            "revenue": null,
            "revenue_4q": null,
            "common_shares": 200000,
            "book_valuer_per_share": 7.98,
            "book_valuer_per_share_4q_avg": 2,
            "equity": 159607,
            "current_ratio": 488.02,
            "debt_ratio": 23.86,
            "inventory_turnover_ratio": null,
            "account_receivable_turnover_ratio": null,
            "reinvestment_rate": null,
            "research_to_sale_ratio": null,
            "price_fair": 0,
            "eps_avg_yearly": 0,
            "eps_latest_yearly": 0,
            "eps_growth_yearly": 0
        },
        "20101": {
            "year_quarter": 20101,
            "year": 2010,
            "quarter": 1,
            "eps": null,
            "eps_growth_year": null,
            "eps_4q": null,
            "eps_4q_growth_year": null,
            "roe": null,
            "roe_4q": 0,
            "gross_profit": null,
            "gross_margin": null,
            "gross_margin_4q_avg": 0,
            "net_income": null,
            "net_income_4q": null,
            "revenue": null,
            "revenue_4q": null,
            "common_shares": null,
            "book_valuer_per_share": null,
            "book_valuer_per_share_4q_avg": 2,
            "equity": null,
            "current_ratio": null,
            "debt_ratio": null,
            "inventory_turnover_ratio": null,
            "account_receivable_turnover_ratio": null,
            "reinvestment_rate": null,
            "research_to_sale_ratio": null,
            "price_fair": 0,
            "eps_avg_yearly": 0,
            "eps_latest_yearly": 0,
            "eps_growth_yearly": 0
        },
        "20102": {
            "year_quarter": 20102,
            "year": 2010,
            "quarter": 2,
            "eps": null,
            "eps_growth_year": null,
            "eps_4q": null,
            "eps_4q_growth_year": null,
            "roe": null,
            "roe_4q": 0,
            "gross_profit": null,
            "gross_margin": null,
            "gross_margin_4q_avg": 0,
            "net_income": null,
            "net_income_4q": null,
            "revenue": null,
            "revenue_4q": null,
            "common_shares": 200000,
            "book_valuer_per_share": null,
            "book_valuer_per_share_4q_avg": 2,
            "equity": 143976,
            "current_ratio": null,
            "debt_ratio": null,
            "inventory_turnover_ratio": null,
            "account_receivable_turnover_ratio": null,
            "reinvestment_rate": null,
            "research_to_sale_ratio": null,
            "price_fair": 0,
            "eps_avg_yearly": 0,
            "eps_latest_yearly": 0,
            "eps_growth_yearly": 0
        },
        "20103": {
            "year_quarter": 20103,
            "year": 2010,
            "quarter": 3,
            "eps": null,
            "eps_growth_year": null,
            "eps_4q": null,
            "eps_4q_growth_year": null,
            "roe": null,
            "roe_4q": 0,
            "gross_profit": null,
            "gross_margin": null,
            "gross_margin_4q_avg": 0,
            "net_income": null,
            "net_income_4q": null,
            "revenue": null,
            "revenue_4q": null,
            "common_shares": null,
            "book_valuer_per_share": null,
            "book_valuer_per_share_4q_avg": 2,
            "equity": null,
            "current_ratio": null,
            "debt_ratio": null,
            "inventory_turnover_ratio": null,
            "account_receivable_turnover_ratio": null,
            "reinvestment_rate": null,
            "research_to_sale_ratio": null,
            "price_fair": 0,
            "eps_avg_yearly": 0,
            "eps_latest_yearly": 0,
            "eps_growth_yearly": 0
        },
        "20104": {
            "year_quarter": 20104,
            "year": 2010,
            "quarter": 4,
            "eps": null,
            "eps_growth_year": null,
            "eps_4q": null,
            "eps_4q_growth_year": null,
            "roe": null,
            "roe_4q": 0,
            "gross_profit": null,
            "gross_margin": null,
            "gross_margin_4q_avg": 0,
            "net_income": null,
            "net_income_4q": null,
            "revenue": null,
            "revenue_4q": null,
            "common_shares": 250000,
            "book_valuer_per_share": 6.27,
            "book_valuer_per_share_4q_avg": 1.57,
            "equity": 156872,
            "current_ratio": 370.55,
            "debt_ratio": 35,
            "inventory_turnover_ratio": null,
            "account_receivable_turnover_ratio": null,
            "reinvestment_rate": null,
            "research_to_sale_ratio": null,
            "price_fair": 0,
            "eps_avg_yearly": 0,
            "eps_latest_yearly": 0,
            "eps_growth_yearly": 0
        },
        "20111": {
            "year_quarter": 20111,
            "year": 2011,
            "quarter": 1,
            "eps": null,
            "eps_growth_year": null,
            "eps_4q": null,
            "eps_4q_growth_year": null,
            "roe": null,
            "roe_4q": 0,
            "gross_profit": null,
            "gross_margin": null,
            "gross_margin_4q_avg": 0,
            "net_income": null,
            "net_income_4q": null,
            "revenue": null,
            "revenue_4q": null,
            "common_shares": null,
            "book_valuer_per_share": null,
            "book_valuer_per_share_4q_avg": 1.57,
            "equity": null,
            "current_ratio": null,
            "debt_ratio": null,
            "inventory_turnover_ratio": null,
            "account_receivable_turnover_ratio": null,
            "reinvestment_rate": null,
            "research_to_sale_ratio": null,
            "price_fair": 0,
            "eps_avg_yearly": 0,
            "eps_latest_yearly": 0,
            "eps_growth_yearly": 0
        },
        "20112": {
            "year_quarter": 20112,
            "year": 2011,
            "quarter": 2,
            "eps": null,
            "eps_growth_year": null,
            "eps_4q": null,
            "eps_4q_growth_year": null,
            "roe": null,
            "roe_4q": 0,
            "gross_profit": null,
            "gross_margin": null,
            "gross_margin_4q_avg": 0,
            "net_income": null,
            "net_income_4q": null,
            "revenue": null,
            "revenue_4q": null,
            "common_shares": 250000,
            "book_valuer_per_share": 6.03,
            "book_valuer_per_share_4q_avg": 3.08,
            "equity": 150702,
            "current_ratio": 292.47,
            "debt_ratio": 23.04,
            "inventory_turnover_ratio": null,
            "account_receivable_turnover_ratio": null,
            "reinvestment_rate": null,
            "research_to_sale_ratio": null,
            "price_fair": 0,
            "eps_avg_yearly": 0,
            "eps_latest_yearly": 0,
            "eps_growth_yearly": 0
        },
        "20113": {
            "year_quarter": 20113,
            "year": 2011,
            "quarter": 3,
            "eps": null,
            "eps_growth_year": null,
            "eps_4q": null,
            "eps_4q_growth_year": null,
            "roe": null,
            "roe_4q": 0,
            "gross_profit": 1963,
            "gross_margin": null,
            "gross_margin_4q_avg": 0,
            "net_income": -6478,
            "net_income_4q": null,
            "revenue": 3252,
            "revenue_4q": null,
            "common_shares": 425000,
            "book_valuer_per_share": 9.57,
            "book_valuer_per_share_4q_avg": 5.47,
            "equity": 406723,
            "current_ratio": 1395.72,
            "debt_ratio": 8.88,
            "inventory_turnover_ratio": null,
            "account_receivable_turnover_ratio": null,
            "reinvestment_rate": null,
            "research_to_sale_ratio": null,
            "price_fair": 0,
            "eps_avg_yearly": 0,
            "eps_latest_yearly": 0,
            "eps_growth_yearly": 0
        },
        "20114": {
            "year_quarter": 20114,
            "year": 2011,
            "quarter": 4,
            "eps": null,
            "eps_growth_year": null,
            "eps_4q": null,
            "eps_4q_growth_year": null,
            "roe": null,
            "roe_4q": 0,
            "gross_profit": 60093,
            "gross_margin": null,
            "gross_margin_4q_avg": 0,
            "net_income": 32279,
            "net_income_4q": null,
            "revenue": 63045,
            "revenue_4q": null,
            "common_shares": 425000,
            "book_valuer_per_share": 10.31,
            "book_valuer_per_share_4q_avg": 6.48,
            "equity": 438108,
            "current_ratio": 1043.54,
            "debt_ratio": 9.23,
            "inventory_turnover_ratio": null,
            "account_receivable_turnover_ratio": null,
            "reinvestment_rate": null,
            "research_to_sale_ratio": null,
            "price_fair": 0,
            "eps_avg_yearly": 0,
            "eps_latest_yearly": 0,
            "eps_growth_yearly": 0
        },
        "20121": {
            "year_quarter": 20121,
            "year": 2012,
            "quarter": 1,
            "eps": null,
            "eps_growth_year": null,
            "eps_4q": null,
            "eps_4q_growth_year": null,
            "roe": null,
            "roe_4q": 0,
            "gross_profit": 3193,
            "gross_margin": null,
            "gross_margin_4q_avg": 0,
            "net_income": -7892,
            "net_income_4q": null,
            "revenue": 4281,
            "revenue_4q": null,
            "common_shares": 425000,
            "book_valuer_per_share": null,
            "book_valuer_per_share_4q_avg": 6.48,
            "equity": 419757,
            "current_ratio": null,
            "debt_ratio": null,
            "inventory_turnover_ratio": null,
            "account_receivable_turnover_ratio": null,
            "reinvestment_rate": null,
            "research_to_sale_ratio": null,
            "price_fair": 0,
            "eps_avg_yearly": 0,
            "eps_latest_yearly": 0,
            "eps_growth_yearly": 0
        },
        "20122": {
            "year_quarter": 20122,
            "year": 2012,
            "quarter": 2,
            "eps": null,
            "eps_growth_year": null,
            "eps_4q": null,
            "eps_4q_growth_year": null,
            "roe": null,
            "roe_4q": 0,
            "gross_profit": 2900,
            "gross_margin": null,
            "gross_margin_4q_avg": 0,
            "net_income": -7863,
            "net_income_4q": null,
            "revenue": 3580,
            "revenue_4q": null,
            "common_shares": 425000,
            "book_valuer_per_share": 9.97,
            "book_valuer_per_share_4q_avg": 7.46,
            "equity": 423849,
            "current_ratio": 1565.83,
            "debt_ratio": 5.76,
            "inventory_turnover_ratio": null,
            "account_receivable_turnover_ratio": null,
            "reinvestment_rate": null,
            "research_to_sale_ratio": null,
            "price_fair": 0,
            "eps_avg_yearly": 0,
            "eps_latest_yearly": 0,
            "eps_growth_yearly": 0
        },
        "20123": {
            "year_quarter": 20123,
            "year": 2012,
            "quarter": 3,
            "eps": -0.24,
            "eps_growth_year": null,
            "eps_4q": -0.24,
            "eps_4q_growth_year": null,
            "roe": -2.52,
            "roe_4q": -2.52,
            "gross_profit": 2637,
            "gross_margin": 77.93,
            "gross_margin_4q_avg": 19.48,
            "net_income": -10538,
            "net_income_4q": null,
            "revenue": 3384,
            "revenue_4q": null,
            "common_shares": 433936,
            "book_valuer_per_share": 9.52,
            "book_valuer_per_share_4q_avg": 7.45,
            "equity": 413309,
            "current_ratio": 1515.64,
            "debt_ratio": 5.24,
            "inventory_turnover_ratio": null,
            "account_receivable_turnover_ratio": 49.04,
            "reinvestment_rate": null,
            "research_to_sale_ratio": 207.15,
            "price_fair": 0,
            "eps_avg_yearly": 0,
            "eps_latest_yearly": 0,
            "eps_growth_yearly": 0
        },
        "20124": {
            "year_quarter": 20124,
            "year": 2012,
            "quarter": 4,
            "eps": 0.8,
            "eps_growth_year": null,
            "eps_4q": 0.57,
            "eps_4q_growth_year": null,
            "roe": 5.92,
            "roe_4q": 3.4,
            "gross_profit": 51396,
            "gross_margin": 98.87,
            "gross_margin_4q_avg": 44.2,
            "net_income": 37644,
            "net_income_4q": null,
            "revenue": 51984,
            "revenue_4q": null,
            "common_shares": 472436,
            "book_valuer_per_share": 18.18,
            "book_valuer_per_share_4q_avg": 9.42,
            "equity": 859054,
            "current_ratio": 2495.91,
            "debt_ratio": 3.64,
            "inventory_turnover_ratio": null,
            "account_receivable_turnover_ratio": 866.4,
            "reinvestment_rate": null,
            "research_to_sale_ratio": 19.42,
            "price_fair": 0,
            "eps_avg_yearly": 0,
            "eps_latest_yearly": 0,
            "eps_growth_yearly": 0
        },
        "20131": {
            "year_quarter": 20131,
            "year": 2013,
            "quarter": 1,
            "eps": -0.2,
            "eps_growth_year": null,
            "eps_4q": 0.38,
            "eps_4q_growth_year": null,
            "roe": -1.08,
            "roe_4q": 2.32,
            "gross_profit": 3100,
            "gross_margin": 94.28,
            "gross_margin_4q_avg": 67.77,
            "net_income": -9345,
            "net_income_4q": null,
            "revenue": 3288,
            "revenue_4q": null,
            "common_shares": 472436,
            "book_valuer_per_share": 18.47,
            "book_valuer_per_share_4q_avg": 14.04,
            "equity": 872714,
            "current_ratio": 3672.06,
            "debt_ratio": 2.69,
            "inventory_turnover_ratio": null,
            "account_receivable_turnover_ratio": null,
            "reinvestment_rate": null,
            "research_to_sale_ratio": 272.11,
            "price_fair": 0,
            "eps_avg_yearly": 0,
            "eps_latest_yearly": 0,
            "eps_growth_yearly": 0
        },
        "20132": {
            "year_quarter": 20132,
            "year": 2013,
            "quarter": 2,
            "eps": -0.26,
            "eps_growth_year": null,
            "eps_4q": 0.08,
            "eps_4q_growth_year": null,
            "roe": -1.55,
            "roe_4q": 0.77,
            "gross_profit": 2673,
            "gross_margin": 84.8,
            "gross_margin_4q_avg": 88.97,
            "net_income": -13457,
            "net_income_4q": null,
            "revenue": 3152,
            "revenue_4q": null,
            "common_shares": 472436,
            "book_valuer_per_share": 18.18,
            "book_valuer_per_share_4q_avg": 16.09,
            "equity": 858789,
            "current_ratio": 2393.31,
            "debt_ratio": 2.71,
            "inventory_turnover_ratio": null,
            "account_receivable_turnover_ratio": null,
            "reinvestment_rate": null,
            "research_to_sale_ratio": 288.99,
            "price_fair": 0,
            "eps_avg_yearly": 0,
            "eps_latest_yearly": 0,
            "eps_growth_yearly": 0
        },
        "20133": {
            "year_quarter": 20133,
            "year": 2013,
            "quarter": 3,
            "eps": -0.19,
            "eps_growth_year": null,
            "eps_4q": 0.05,
            "eps_4q_growth_year": null,
            "roe": -0.73,
            "roe_4q": 2.5599999999999996,
            "gross_profit": 2925,
            "gross_margin": 85.98,
            "gross_margin_4q_avg": 90.98,
            "net_income": -11121,
            "net_income_4q": null,
            "revenue": 3402,
            "revenue_4q": null,
            "common_shares": 666157,
            "book_valuer_per_share": 32.99,
            "book_valuer_per_share_4q_avg": 21.96,
            "equity": 2197386,
            "current_ratio": 3125.37,
            "debt_ratio": 7.97,
            "inventory_turnover_ratio": null,
            "account_receivable_turnover_ratio": null,
            "reinvestment_rate": null,
            "research_to_sale_ratio": 246.21,
            "price_fair": 0,
            "eps_avg_yearly": 0,
            "eps_latest_yearly": 0,
            "eps_growth_yearly": 0
        },
        "20134": {
            "year_quarter": 20134,
            "year": 2013,
            "quarter": 4,
            "eps": 0.18,
            "eps_growth_year": -77.55,
            "eps_4q": -0.31,
            "eps_4q_growth_year": -153.51,
            "roe": 0.55,
            "roe_4q": -2.81,
            "gross_profit": 25753,
            "gross_margin": 99.6,
            "gross_margin_4q_avg": 91.17,
            "net_income": 12487,
            "net_income_4q": null,
            "revenue": 25856,
            "revenue_4q": null,
            "common_shares": 685447,
            "book_valuer_per_share": 33.76,
            "book_valuer_per_share_4q_avg": 25.85,
            "equity": 2313794,
            "current_ratio": 15983.99,
            "debt_ratio": 1.32,
            "inventory_turnover_ratio": null,
            "account_receivable_turnover_ratio": 300.65,
            "reinvestment_rate": null,
            "research_to_sale_ratio": 31.67,
            "price_fair": 0,
            "eps_avg_yearly": 0,
            "eps_latest_yearly": 0,
            "eps_growth_yearly": 0
        },
        "20141": {
            "year_quarter": 20141,
            "year": 2014,
            "quarter": 1,
            "eps": -0.16,
            "eps_growth_year": null,
            "eps_4q": -0.34,
            "eps_4q_growth_year": -189.53,
            "roe": -0.5,
            "roe_4q": -2.23,
            "gross_profit": 251,
            "gross_margin": 100,
            "gross_margin_4q_avg": 92.6,
            "net_income": -11469,
            "net_income_4q": null,
            "revenue": 251,
            "revenue_4q": null,
            "common_shares": 699941,
            "book_valuer_per_share": 33.08,
            "book_valuer_per_share_4q_avg": 29.5,
            "equity": 2315465,
            "current_ratio": 22629.7,
            "debt_ratio": 0.56,
            "inventory_turnover_ratio": null,
            "account_receivable_turnover_ratio": 1.76,
            "reinvestment_rate": null,
            "research_to_sale_ratio": 3772.91,
            "price_fair": 0,
            "eps_avg_yearly": 0,
            "eps_latest_yearly": 0,
            "eps_growth_yearly": 0
        },
        "20142": {
            "year_quarter": 20142,
            "year": 2014,
            "quarter": 2,
            "eps": -0.19,
            "eps_growth_year": null,
            "eps_4q": -0.3,
            "eps_4q_growth_year": -472.68,
            "roe": -0.58,
            "roe_4q": -1.26,
            "gross_profit": 101,
            "gross_margin": 100,
            "gross_margin_4q_avg": 96.4,
            "net_income": -13373,
            "net_income_4q": null,
            "revenue": 101,
            "revenue_4q": null,
            "common_shares": 699941,
            "book_valuer_per_share": 32.89,
            "book_valuer_per_share_4q_avg": 33.18,
            "equity": 2301921,
            "current_ratio": 19354.58,
            "debt_ratio": 0.63,
            "inventory_turnover_ratio": null,
            "account_receivable_turnover_ratio": 0.6,
            "reinvestment_rate": null,
            "research_to_sale_ratio": 9832.67,
            "price_fair": 0,
            "eps_avg_yearly": 0,
            "eps_latest_yearly": 0,
            "eps_growth_yearly": 0
        },
        "20143": {
            "year_quarter": 20143,
            "year": 2014,
            "quarter": 3,
            "eps": -0.13,
            "eps_growth_year": null,
            "eps_4q": -0.29,
            "eps_4q_growth_year": -631.42,
            "roe": -0.42,
            "roe_4q": -0.95,
            "gross_profit": 88,
            "gross_margin": 73.95,
            "gross_margin_4q_avg": 93.39,
            "net_income": -9721,
            "net_income_4q": null,
            "revenue": 119,
            "revenue_4q": null,
            "common_shares": 769935,
            "book_valuer_per_share": 29.76,
            "book_valuer_per_share_4q_avg": 32.37,
            "equity": 2277102,
            "current_ratio": 11882.23,
            "debt_ratio": 0.92,
            "inventory_turnover_ratio": null,
            "account_receivable_turnover_ratio": 0.69,
            "reinvestment_rate": null,
            "research_to_sale_ratio": 7957.14,
            "price_fair": 0,
            "eps_avg_yearly": 0,
            "eps_latest_yearly": 0,
            "eps_growth_yearly": 0
        },
        "20144": {
            "year_quarter": 20144,
            "year": 2014,
            "quarter": 4,
            "eps": -0.09,
            "eps_growth_year": -150.12,
            "eps_4q": -0.55,
            "eps_4q_growth_year": null,
            "roe": -0.3,
            "roe_4q": -1.7999999999999998,
            "gross_profit": 7291,
            "gross_margin": 98.5,
            "gross_margin_4q_avg": 93.11,
            "net_income": -6791,
            "net_income_4q": null,
            "revenue": 7402,
            "revenue_4q": null,
            "common_shares": 769935,
            "book_valuer_per_share": 29.28,
            "book_valuer_per_share_4q_avg": 31.25,
            "equity": 2218565,
            "current_ratio": 4279.48,
            "debt_ratio": 3.73,
            "inventory_turnover_ratio": null,
            "account_receivable_turnover_ratio": 2.43,
            "reinvestment_rate": null,
            "research_to_sale_ratio": 154.08,
            "price_fair": 0,
            "eps_avg_yearly": 0,
            "eps_latest_yearly": 0,
            "eps_growth_yearly": 0
        },
        "20151": {
            "year_quarter": 20151,
            "year": 2015,
            "quarter": 1,
            "eps": -0.22,
            "eps_growth_year": null,
            "eps_4q": -0.62,
            "eps_4q_growth_year": null,
            "roe": -0.76,
            "roe_4q": -2.06,
            "gross_profit": 643,
            "gross_margin": 59.1,
            "gross_margin_4q_avg": 82.89,
            "net_income": -16743,
            "net_income_4q": null,
            "revenue": 1088,
            "revenue_4q": null,
            "common_shares": 769935,
            "book_valuer_per_share": 28.86,
            "book_valuer_per_share_4q_avg": 30.2,
            "equity": 2186696,
            "current_ratio": 7186.75,
            "debt_ratio": 2.77,
            "inventory_turnover_ratio": null,
            "account_receivable_turnover_ratio": 0.23,
            "reinvestment_rate": null,
            "research_to_sale_ratio": 1306.34,
            "price_fair": 0,
            "eps_avg_yearly": 0,
            "eps_latest_yearly": 0,
            "eps_growth_yearly": 0
        },
        "20152": {
            "year_quarter": 20152,
            "year": 2015,
            "quarter": 2,
            "eps": -0.21,
            "eps_growth_year": null,
            "eps_4q": -0.65,
            "eps_4q_growth_year": null,
            "roe": -0.74,
            "roe_4q": -2.22,
            "gross_profit": 4126,
            "gross_margin": 92.14,
            "gross_margin_4q_avg": 80.92,
            "net_income": -16062,
            "net_income_4q": null,
            "revenue": 4478,
            "revenue_4q": null,
            "common_shares": 769935,
            "book_valuer_per_share": 28.62,
            "book_valuer_per_share_4q_avg": 29.13,
            "equity": 2168586,
            "current_ratio": 5320.83,
            "debt_ratio": 2.81,
            "inventory_turnover_ratio": null,
            "account_receivable_turnover_ratio": 0.78,
            "reinvestment_rate": null,
            "research_to_sale_ratio": 336.49,
            "price_fair": 0,
            "eps_avg_yearly": 0,
            "eps_latest_yearly": 0,
            "eps_growth_yearly": 0
        },
        "20153": {
            "year_quarter": 20153,
            "year": 2015,
            "quarter": 3,
            "eps": -0.27,
            "eps_growth_year": null,
            "eps_4q": -0.79,
            "eps_4q_growth_year": null,
            "roe": -0.94,
            "roe_4q": -2.7399999999999998,
            "gross_profit": 0,
            "gross_margin": null,
            "gross_margin_4q_avg": 62.44,
            "net_income": -20234,
            "net_income_4q": null,
            "revenue": 0,
            "revenue_4q": null,
            "common_shares": 769935,
            "book_valuer_per_share": 28.23,
            "book_valuer_per_share_4q_avg": 28.75,
            "equity": 2138865,
            "current_ratio": 3867.97,
            "debt_ratio": 3.28,
            "inventory_turnover_ratio": null,
            "account_receivable_turnover_ratio": 0,
            "reinvestment_rate": null,
            "research_to_sale_ratio": null,
            "price_fair": 0,
            "eps_avg_yearly": 0,
            "eps_latest_yearly": 0,
            "eps_growth_yearly": 0
        },
        "20154": {
            "year_quarter": 20154,
            "year": 2015,
            "quarter": 4,
            "eps": -0.32,
            "eps_growth_year": null,
            "eps_4q": -1.02,
            "eps_4q_growth_year": null,
            "roe": -1.13,
            "roe_4q": -3.5699999999999994,
            "gross_profit": 1082,
            "gross_margin": 77.56,
            "gross_margin_4q_avg": 57.2,
            "net_income": -24057,
            "net_income_4q": null,
            "revenue": 1395,
            "revenue_4q": null,
            "common_shares": 769935,
            "book_valuer_per_share": 27.94,
            "book_valuer_per_share_4q_avg": 28.41,
            "equity": 2116651,
            "current_ratio": 2418.77,
            "debt_ratio": 3.17,
            "inventory_turnover_ratio": null,
            "account_receivable_turnover_ratio": 0.76,
            "reinvestment_rate": null,
            "research_to_sale_ratio": 1107.31,
            "price_fair": 0,
            "eps_avg_yearly": 0,
            "eps_latest_yearly": 0,
            "eps_growth_yearly": 0
        },
        "20161": {
            "year_quarter": 20161,
            "year": 2016,
            "quarter": 1,
            "eps": -0.19,
            "eps_growth_year": null,
            "eps_4q": -0.98,
            "eps_4q_growth_year": null,
            "roe": -0.67,
            "roe_4q": -3.4799999999999995,
            "gross_profit": 67,
            "gross_margin": 61.47,
            "gross_margin_4q_avg": 57.79,
            "net_income": -14138,
            "net_income_4q": null,
            "revenue": 109,
            "revenue_4q": null,
            "common_shares": 769935,
            "book_valuer_per_share": 27.5,
            "book_valuer_per_share_4q_avg": 28.07,
            "equity": 2083489,
            "current_ratio": 4341.99,
            "debt_ratio": 2.16,
            "inventory_turnover_ratio": null,
            "account_receivable_turnover_ratio": 0.32,
            "reinvestment_rate": null,
            "research_to_sale_ratio": 13365.14,
            "price_fair": 0,
            "eps_avg_yearly": 0,
            "eps_latest_yearly": 0,
            "eps_growth_yearly": 0
        },
        "20162": {
            "year_quarter": 20162,
            "year": 2016,
            "quarter": 2,
            "eps": -0.35,
            "eps_growth_year": null,
            "eps_4q": -1.12,
            "eps_4q_growth_year": null,
            "roe": -1.29,
            "roe_4q": -4.029999999999999,
            "gross_profit": 45,
            "gross_margin": 47.87,
            "gross_margin_4q_avg": 46.73,
            "net_income": -26584,
            "net_income_4q": null,
            "revenue": 94,
            "revenue_4q": null,
            "common_shares": 769935,
            "book_valuer_per_share": 27.05,
            "book_valuer_per_share_4q_avg": 27.68,
            "equity": 2049296,
            "current_ratio": 3804.99,
            "debt_ratio": 2.3,
            "inventory_turnover_ratio": null,
            "account_receivable_turnover_ratio": 2.04,
            "reinvestment_rate": null,
            "research_to_sale_ratio": 15776.6,
            "price_fair": 0,
            "eps_avg_yearly": 0,
            "eps_latest_yearly": 0,
            "eps_growth_yearly": 0
        },
        "20163": {
            "year_quarter": 20163,
            "year": 2016,
            "quarter": 3,
            "eps": -0.3,
            "eps_growth_year": null,
            "eps_4q": -1.15,
            "eps_4q_growth_year": null,
            "roe": -1.1,
            "roe_4q": -4.1899999999999995,
            "gross_profit": -1,
            "gross_margin": null,
            "gross_margin_4q_avg": 46.73,
            "net_income": -22415,
            "net_income_4q": null,
            "revenue": 0,
            "revenue_4q": null,
            "common_shares": 769935,
            "book_valuer_per_share": 26.75,
            "book_valuer_per_share_4q_avg": 27.31,
            "equity": 2025181,
            "current_ratio": 3686.3,
            "debt_ratio": 2.26,
            "inventory_turnover_ratio": null,
            "account_receivable_turnover_ratio": 0,
            "reinvestment_rate": null,
            "research_to_sale_ratio": null,
            "price_fair": 0,
            "eps_avg_yearly": 0,
            "eps_latest_yearly": 0,
            "eps_growth_yearly": 0
        },
        "20164": {
            "year_quarter": 20164,
            "year": 2016,
            "quarter": 4,
            "eps": -0.45,
            "eps_growth_year": null,
            "eps_4q": -1.29,
            "eps_4q_growth_year": null,
            "roe": -1.71,
            "roe_4q": -4.77,
            "gross_profit": 30,
            "gross_margin": 83.33,
            "gross_margin_4q_avg": 48.17,
            "net_income": -34262,
            "net_income_4q": null,
            "revenue": 36,
            "revenue_4q": null,
            "common_shares": 769935,
            "book_valuer_per_share": 26.29,
            "book_valuer_per_share_4q_avg": 26.9,
            "equity": 1986474,
            "current_ratio": 2075.41,
            "debt_ratio": 2.46,
            "inventory_turnover_ratio": null,
            "account_receivable_turnover_ratio": 0.15,
            "reinvestment_rate": null,
            "research_to_sale_ratio": 52608.33,
            "price_fair": 0,
            "eps_avg_yearly": 0,
            "eps_latest_yearly": 0,
            "eps_growth_yearly": 0
        },
        "20171": {
            "year_quarter": 20171,
            "year": 2017,
            "quarter": 1,
            "eps": -0.39,
            "eps_growth_year": null,
            "eps_4q": -1.49,
            "eps_4q_growth_year": null,
            "roe": -1.49,
            "roe_4q": -5.590000000000001,
            "gross_profit": 210,
            "gross_margin": 48.61,
            "gross_margin_4q_avg": 44.95,
            "net_income": -29371,
            "net_income_4q": null,
            "revenue": 432,
            "revenue_4q": null,
            "common_shares": 769935,
            "book_valuer_per_share": 25.95,
            "book_valuer_per_share_4q_avg": 26.51,
            "equity": 1960705,
            "current_ratio": 2403.2,
            "debt_ratio": 2.14,
            "inventory_turnover_ratio": null,
            "account_receivable_turnover_ratio": 1.19,
            "reinvestment_rate": null,
            "research_to_sale_ratio": 4723.61,
            "price_fair": 0,
            "eps_avg_yearly": 0,
            "eps_latest_yearly": 0,
            "eps_growth_yearly": 0
        },
        "20172": {
            "year_quarter": 20172,
            "year": 2017,
            "quarter": 2,
            "eps": -0.51,
            "eps_growth_year": null,
            "eps_4q": -1.64,
            "eps_4q_growth_year": null,
            "roe": -1.97,
            "roe_4q": -6.27,
            "gross_profit": 21,
            "gross_margin": 23.6,
            "gross_margin_4q_avg": 38.89,
            "net_income": -38226,
            "net_income_4q": null,
            "revenue": 89,
            "revenue_4q": null,
            "common_shares": 769935,
            "book_valuer_per_share": 25.43,
            "book_valuer_per_share_4q_avg": 26.11,
            "equity": 1921533,
            "current_ratio": 1992.67,
            "debt_ratio": 2.01,
            "inventory_turnover_ratio": null,
            "account_receivable_turnover_ratio": 0.55,
            "reinvestment_rate": null,
            "research_to_sale_ratio": 31614.61,
            "price_fair": 0,
            "eps_avg_yearly": 0,
            "eps_latest_yearly": 0,
            "eps_growth_yearly": 0
        },
        "20173": {
            "year_quarter": 20173,
            "year": 2017,
            "quarter": 3,
            "eps": -0.47,
            "eps_growth_year": null,
            "eps_4q": -1.8,
            "eps_4q_growth_year": null,
            "roe": -1.87,
            "roe_4q": -7.04,
            "gross_profit": 0,
            "gross_margin": null,
            "gross_margin_4q_avg": 38.89,
            "net_income": -35547,
            "net_income_4q": null,
            "revenue": 0,
            "revenue_4q": null,
            "common_shares": 777835,
            "book_valuer_per_share": 24.69,
            "book_valuer_per_share_4q_avg": 25.59,
            "equity": 1884597,
            "current_ratio": 3702.35,
            "debt_ratio": 1.31,
            "inventory_turnover_ratio": null,
            "account_receivable_turnover_ratio": 0,
            "reinvestment_rate": null,
            "research_to_sale_ratio": null,
            "price_fair": 0,
            "eps_avg_yearly": 0,
            "eps_latest_yearly": 0,
            "eps_growth_yearly": 0
        },
        "20174": {
            "year_quarter": 20174,
            "year": 2017,
            "quarter": 4,
            "eps": -0.54,
            "eps_growth_year": null,
            "eps_4q": -1.9,
            "eps_4q_growth_year": null,
            "roe": -2.22,
            "roe_4q": -7.55,
            "gross_profit": 64,
            "gross_margin": 56.64,
            "gross_margin_4q_avg": 32.21,
            "net_income": -41444,
            "net_income_4q": null,
            "revenue": 113,
            "revenue_4q": null,
            "common_shares": 764985,
            "book_valuer_per_share": 24.13,
            "book_valuer_per_share_4q_avg": 25.05,
            "equity": 1841248,
            "current_ratio": 3518.3,
            "debt_ratio": 1.35,
            "inventory_turnover_ratio": null,
            "account_receivable_turnover_ratio": 1.13,
            "reinvestment_rate": null,
            "research_to_sale_ratio": 30859.29,
            "price_fair": 0,
            "eps_avg_yearly": 0,
            "eps_latest_yearly": 0,
            "eps_growth_yearly": 0
        },
        "20181": {
            "year_quarter": 20181,
            "year": 2018,
            "quarter": 1,
            "eps": -0.9,
            "eps_growth_year": null,
            "eps_4q": -2.4,
            "eps_4q_growth_year": null,
            "roe": -3.75,
            "roe_4q": -9.81,
            "gross_profit": 55,
            "gross_margin": 67.07,
            "gross_margin_4q_avg": 36.83,
            "net_income": -67827,
            "net_income_4q": null,
            "revenue": 82,
            "revenue_4q": null,
            "common_shares": 764985,
            "book_valuer_per_share": 23.26,
            "book_valuer_per_share_4q_avg": 24.38,
            "equity": 1774690,
            "current_ratio": 3958.79,
            "debt_ratio": 1.22,
            "inventory_turnover_ratio": null,
            "account_receivable_turnover_ratio": 0.5,
            "reinvestment_rate": null,
            "research_to_sale_ratio": 74686.59,
            "price_fair": 0,
            "eps_avg_yearly": 0,
            "eps_latest_yearly": 0,
            "eps_growth_yearly": 0
        },
        "20182": {
            "year_quarter": 20182,
            "year": 2018,
            "quarter": 2,
            "eps": -1.31,
            "eps_growth_year": null,
            "eps_4q": -3.19,
            "eps_4q_growth_year": null,
            "roe": -5.72,
            "roe_4q": -13.559999999999999,
            "gross_profit": 170,
            "gross_margin": 45.82,
            "gross_margin_4q_avg": 42.38,
            "net_income": -98864,
            "net_income_4q": null,
            "revenue": 371,
            "revenue_4q": null,
            "common_shares": 765980,
            "book_valuer_per_share": 22.01,
            "book_valuer_per_share_4q_avg": 23.52,
            "equity": 1681291,
            "current_ratio": 2957.34,
            "debt_ratio": 1.45,
            "inventory_turnover_ratio": null,
            "account_receivable_turnover_ratio": 1.68,
            "reinvestment_rate": null,
            "research_to_sale_ratio": 23401.62,
            "price_fair": 0,
            "eps_avg_yearly": 0,
            "eps_latest_yearly": 0,
            "eps_growth_yearly": 0
        },
        "20183": {
            "year_quarter": 20183,
            "year": 2018,
            "quarter": 3,
            "eps": -0.68,
            "eps_growth_year": null,
            "eps_4q": -3.4,
            "eps_4q_growth_year": null,
            "roe": -3.11,
            "roe_4q": -14.8,
            "gross_profit": 99,
            "gross_margin": 40.08,
            "gross_margin_4q_avg": 52.4,
            "net_income": -51485,
            "net_income_4q": null,
            "revenue": 247,
            "revenue_4q": null,
            "common_shares": 765035,
            "book_valuer_per_share": 21.39,
            "book_valuer_per_share_4q_avg": 22.7,
            "equity": 1632021,
            "current_ratio": 2876.59,
            "debt_ratio": 1.45,
            "inventory_turnover_ratio": null,
            "account_receivable_turnover_ratio": 1.18,
            "reinvestment_rate": null,
            "research_to_sale_ratio": 17768.42,
            "price_fair": 0,
            "eps_avg_yearly": 0,
            "eps_latest_yearly": 0,
            "eps_growth_yearly": 0
        },
        "20184": {
            "year_quarter": 20184,
            "year": 2018,
            "quarter": 4,
            "eps": -1.29,
            "eps_growth_year": null,
            "eps_4q": -4.15,
            "eps_4q_growth_year": null,
            "roe": -6.24,
            "roe_4q": -18.82,
            "gross_profit": 154,
            "gross_margin": 68.14,
            "gross_margin_4q_avg": 55.28,
            "net_income": -98767,
            "net_income_4q": null,
            "revenue": 226,
            "revenue_4q": null,
            "common_shares": 765035,
            "book_valuer_per_share": 20.08,
            "book_valuer_per_share_4q_avg": 21.69,
            "equity": 1532451,
            "current_ratio": 1821.82,
            "debt_ratio": 1.88,
            "inventory_turnover_ratio": null,
            "account_receivable_turnover_ratio": 3.42,
            "reinvestment_rate": null,
            "research_to_sale_ratio": 34376.55,
            "price_fair": 0,
            "eps_avg_yearly": 0,
            "eps_latest_yearly": 0,
            "eps_growth_yearly": 0
        },
        "20191": {
            "year_quarter": 20191,
            "year": 2019,
            "quarter": 1,
            "eps": -0.75,
            "eps_growth_year": null,
            "eps_4q": -4,
            "eps_4q_growth_year": null,
            "roe": -3.75,
            "roe_4q": -18.82,
            "gross_profit": 58,
            "gross_margin": 17.42,
            "gross_margin_4q_avg": 42.87,
            "net_income": -56426,
            "net_income_4q": null,
            "revenue": 333,
            "revenue_4q": null,
            "common_shares": 765035,
            "book_valuer_per_share": 19.37,
            "book_valuer_per_share_4q_avg": 20.71,
            "equity": 1477634,
            "current_ratio": 2254.43,
            "debt_ratio": 1.55,
            "inventory_turnover_ratio": null,
            "account_receivable_turnover_ratio": 2.18,
            "reinvestment_rate": null,
            "research_to_sale_ratio": 15827.03,
            "price_fair": 0,
            "eps_avg_yearly": 0,
            "eps_latest_yearly": 0,
            "eps_growth_yearly": 0
        },
        "20192": {
            "year_quarter": 20192,
            "year": 2019,
            "quarter": 2,
            "eps": -0.98,
            "eps_growth_year": null,
            "eps_4q": -3.69,
            "eps_4q_growth_year": null,
            "roe": -5.17,
            "roe_4q": -18.27,
            "gross_profit": 39,
            "gross_margin": 24.84,
            "gross_margin_4q_avg": 37.62,
            "net_income": -74429,
            "net_income_4q": null,
            "revenue": 157,
            "revenue_4q": null,
            "common_shares": 764245,
            "book_valuer_per_share": 18.42,
            "book_valuer_per_share_4q_avg": 19.82,
            "equity": 1403813,
            "current_ratio": 1590.69,
            "debt_ratio": 1.78,
            "inventory_turnover_ratio": null,
            "account_receivable_turnover_ratio": 0.87,
            "reinvestment_rate": null,
            "research_to_sale_ratio": 41122.29,
            "price_fair": 0,
            "eps_avg_yearly": 0,
            "eps_latest_yearly": 0,
            "eps_growth_yearly": 0
        },
        "20193": {
            "year_quarter": 20193,
            "year": 2019,
            "quarter": 3,
            "eps": -1,
            "eps_growth_year": null,
            "eps_4q": -4.01,
            "eps_4q_growth_year": null,
            "roe": -5.58,
            "roe_4q": -20.740000000000002,
            "gross_profit": 0,
            "gross_margin": null,
            "gross_margin_4q_avg": 27.6,
            "net_income": -76239,
            "net_income_4q": null,
            "revenue": 0,
            "revenue_4q": null,
            "common_shares": 764245,
            "book_valuer_per_share": 17.43,
            "book_valuer_per_share_4q_avg": 18.83,
            "equity": 1328377,
            "current_ratio": 926.64,
            "debt_ratio": 2.25,
            "inventory_turnover_ratio": null,
            "account_receivable_turnover_ratio": 0,
            "reinvestment_rate": null,
            "research_to_sale_ratio": null,
            "price_fair": 0,
            "eps_avg_yearly": 0,
            "eps_latest_yearly": 0,
            "eps_growth_yearly": 0
        },
        "20194": {
            "year_quarter": 20194,
            "year": 2019,
            "quarter": 4,
            "eps": -0.52,
            "eps_growth_year": null,
            "eps_4q": -3.19,
            "eps_4q_growth_year": null,
            "roe": -3.05,
            "roe_4q": -17.549999999999997,
            "gross_profit": 52,
            "gross_margin": 21.31,
            "gross_margin_4q_avg": 15.89,
            "net_income": -40133,
            "net_income_4q": null,
            "revenue": 244,
            "revenue_4q": null,
            "common_shares": 761610,
            "book_valuer_per_share": 16.77,
            "book_valuer_per_share_4q_avg": 18,
            "equity": 1300855,
            "current_ratio": 865.43,
            "debt_ratio": 2.35,
            "inventory_turnover_ratio": null,
            "account_receivable_turnover_ratio": 19.52,
            "reinvestment_rate": null,
            "research_to_sale_ratio": 13718.44,
            "price_fair": 0,
            "eps_avg_yearly": 0,
            "eps_latest_yearly": 0,
            "eps_growth_yearly": 0
        },
        "20201": {
            "year_quarter": 20201,
            "year": 2020,
            "quarter": 1,
            "eps": -0.58,
            "eps_growth_year": null,
            "eps_4q": -2.9,
            "eps_4q_growth_year": null,
            "roe": -3.53,
            "roe_4q": -17.33,
            "gross_profit": 55,
            "gross_margin": 56.7,
            "gross_margin_4q_avg": 25.71,
            "net_income": -46659,
            "net_income_4q": null,
            "revenue": 97,
            "revenue_4q": null,
            "common_shares": 819110,
            "book_valuer_per_share": 16.38,
            "book_valuer_per_share_4q_avg": 17.25,
            "equity": 1342057,
            "current_ratio": 3145.67,
            "debt_ratio": 19.08,
            "inventory_turnover_ratio": null,
            "account_receivable_turnover_ratio": null,
            "reinvestment_rate": null,
            "research_to_sale_ratio": 37648.45,
            "price_fair": 0,
            "eps_avg_yearly": 0,
            "eps_latest_yearly": 0,
            "eps_growth_yearly": 0
        },
        "20202": {
            "year_quarter": 20202,
            "year": 2020,
            "quarter": 2,
            "eps": -0.68,
            "eps_growth_year": null,
            "eps_4q": -2.38,
            "eps_4q_growth_year": null,
            "roe": -3.89,
            "roe_4q": -16.049999999999997,
            "gross_profit": -43,
            "gross_margin": -68.25,
            "gross_margin_4q_avg": 2.44,
            "net_income": -55306,
            "net_income_4q": null,
            "revenue": 63,
            "revenue_4q": null,
            "common_shares": 817290,
            "book_valuer_per_share": 18.35,
            "book_valuer_per_share_4q_avg": 17.23,
            "equity": 1499787,
            "current_ratio": 2794.17,
            "debt_ratio": 7.98,
            "inventory_turnover_ratio": null,
            "account_receivable_turnover_ratio": 1.25,
            "reinvestment_rate": null,
            "research_to_sale_ratio": 65077.78,
            "price_fair": 0,
            "eps_avg_yearly": 0,
            "eps_latest_yearly": 0,
            "eps_growth_yearly": 0
        },
        "20203": {
            "year_quarter": 20203,
            "year": 2020,
            "quarter": 3,
            "eps": -0.15,
            "eps_growth_year": null,
            "eps_4q": -1.59,
            "eps_4q_growth_year": null,
            "roe": -0.85,
            "roe_4q": -11.32,
            "gross_profit": 55,
            "gross_margin": 40.44,
            "gross_margin_4q_avg": 12.55,
            "net_income": -13075,
            "net_income_4q": null,
            "revenue": 136,
            "revenue_4q": null,
            "common_shares": 959131,
            "book_valuer_per_share": 16.27,
            "book_valuer_per_share_4q_avg": 16.94,
            "equity": 1586898,
            "current_ratio": 2394.34,
            "debt_ratio": 1.95,
            "inventory_turnover_ratio": null,
            "account_receivable_turnover_ratio": 1.75,
            "reinvestment_rate": null,
            "research_to_sale_ratio": 28641.91,
            "price_fair": 0,
            "eps_avg_yearly": 0,
            "eps_latest_yearly": 0,
            "eps_growth_yearly": 0
        },
        "20204": {
            "year_quarter": 20204,
            "year": 2020,
            "quarter": 4,
            "eps": -0.49,
            "eps_growth_year": null,
            "eps_4q": -1.67,
            "eps_4q_growth_year": null,
            "roe": -3.05,
            "roe_4q": -11.32,
            "gross_profit": 58,
            "gross_margin": 37.42,
            "gross_margin_4q_avg": 16.58,
            "net_income": -47691,
            "net_income_4q": null,
            "revenue": 155,
            "revenue_4q": null,
            "common_shares": 975078,
            "book_valuer_per_share": 15.79,
            "book_valuer_per_share_4q_avg": 16.7,
            "equity": 1539577,
            "current_ratio": 1951.9,
            "debt_ratio": 2.19,
            "inventory_turnover_ratio": null,
            "account_receivable_turnover_ratio": 4.43,
            "reinvestment_rate": null,
            "research_to_sale_ratio": 26141.94,
            "price_fair": 0,
            "eps_avg_yearly": 0,
            "eps_latest_yearly": 0,
            "eps_growth_yearly": 0
        },
        "20211": {
            "year_quarter": 20211,
            "year": 2021,
            "quarter": 1,
            "eps": -0.45,
            "eps_growth_year": null,
            "eps_4q": -1.64,
            "eps_4q_growth_year": null,
            "roe": -2.88,
            "roe_4q": -10.67,
            "gross_profit": 310,
            "gross_margin": 59.96,
            "gross_margin_4q_avg": 17.39,
            "net_income": -43727,
            "net_income_4q": null,
            "revenue": 517,
            "revenue_4q": null,
            "common_shares": 975078,
            "book_valuer_per_share": 15.33,
            "book_valuer_per_share_4q_avg": 16.44,
            "equity": 1495196,
            "current_ratio": 2656.96,
            "debt_ratio": 1.71,
            "inventory_turnover_ratio": null,
            "account_receivable_turnover_ratio": 3.62,
            "reinvestment_rate": null,
            "research_to_sale_ratio": 6869.63,
            "price_fair": 0,
            "eps_avg_yearly": 0,
            "eps_latest_yearly": 0,
            "eps_growth_yearly": 0
        },
        "20212": {
            "year_quarter": 20212,
            "year": 2021,
            "quarter": 2,
            "eps": -0.43,
            "eps_growth_year": null,
            "eps_4q": -1.5,
            "eps_4q_growth_year": null,
            "roe": -2.81,
            "roe_4q": -9.589999999999998,
            "gross_profit": 104,
            "gross_margin": 30.86,
            "gross_margin_4q_avg": 42.17,
            "net_income": -41383,
            "net_income_4q": null,
            "revenue": 337,
            "revenue_4q": null,
            "common_shares": 974818,
            "book_valuer_per_share": 14.86,
            "book_valuer_per_share_4q_avg": 15.56,
            "equity": 1448093,
            "current_ratio": 2204.31,
            "debt_ratio": 1.89,
            "inventory_turnover_ratio": null,
            "account_receivable_turnover_ratio": 1.31,
            "reinvestment_rate": null,
            "research_to_sale_ratio": 9429.67,
            "price_fair": 0,
            "eps_avg_yearly": 0,
            "eps_latest_yearly": 0,
            "eps_growth_yearly": 0
        },
        "20213": {
            "year_quarter": 20213,
            "year": 2021,
            "quarter": 3,
            "eps": -0.42,
            "eps_growth_year": null,
            "eps_4q": -1.78,
            "eps_4q_growth_year": null,
            "roe": -2.85,
            "roe_4q": -11.59,
            "gross_profit": 61,
            "gross_margin": 46.92,
            "gross_margin_4q_avg": 43.79,
            "net_income": -40692,
            "net_income_4q": null,
            "revenue": 130,
            "revenue_4q": null,
            "common_shares": 974818,
            "book_valuer_per_share": 14.41,
            "book_valuer_per_share_4q_avg": 15.1,
            "equity": 1404627,
            "current_ratio": 1954.28,
            "debt_ratio": 2.01,
            "inventory_turnover_ratio": null,
            "account_receivable_turnover_ratio": 0.78,
            "reinvestment_rate": null,
            "research_to_sale_ratio": 26960,
            "price_fair": 0,
            "eps_avg_yearly": 0,
            "eps_latest_yearly": 0,
            "eps_growth_yearly": 0
        },
        "20214": {
            "year_quarter": 20214,
            "year": 2021,
            "quarter": 4,
            "eps": -0.48,
            "eps_growth_year": null,
            "eps_4q": -1.77,
            "eps_4q_growth_year": null,
            "roe": -3.38,
            "roe_4q": -11.920000000000002,
            "gross_profit": 2986,
            "gross_margin": 66.49,
            "gross_margin_4q_avg": 51.06,
            "net_income": -46691,
            "net_income_4q": null,
            "revenue": 4491,
            "revenue_4q": null,
            "common_shares": 974818,
            "book_valuer_per_share": 13.94,
            "book_valuer_per_share_4q_avg": 14.64,
            "equity": 1358933,
            "current_ratio": 1318.42,
            "debt_ratio": 2.59,
            "inventory_turnover_ratio": null,
            "account_receivable_turnover_ratio": 20.51,
            "reinvestment_rate": null,
            "research_to_sale_ratio": 950.01,
            "price_fair": 0,
            "eps_avg_yearly": 0,
            "eps_latest_yearly": 0,
            "eps_growth_yearly": 0
        },
        "20221": {
            "year_quarter": 20221,
            "year": 2022,
            "quarter": 1,
            "eps": -0.33,
            "eps_growth_year": null,
            "eps_4q": -1.64,
            "eps_4q_growth_year": null,
            "roe": -2.35,
            "roe_4q": -11.39,
            "gross_profit": 4779,
            "gross_margin": 35.72,
            "gross_margin_4q_avg": 45,
            "net_income": -31541,
            "net_income_4q": null,
            "revenue": 13380,
            "revenue_4q": null,
            "common_shares": 974818,
            "book_valuer_per_share": 13.61,
            "book_valuer_per_share_4q_avg": 14.21,
            "equity": 1327100,
            "current_ratio": 1313.24,
            "debt_ratio": 2.55,
            "inventory_turnover_ratio": null,
            "account_receivable_turnover_ratio": 67.58,
            "reinvestment_rate": null,
            "research_to_sale_ratio": 232.01,
            "price_fair": 0,
            "eps_avg_yearly": 0,
            "eps_latest_yearly": 0,
            "eps_growth_yearly": 0
        },
        "20222": {
            "year_quarter": 20222,
            "year": 2022,
            "quarter": 2,
            "eps": -0.57,
            "eps_growth_year": null,
            "eps_4q": -1.8,
            "eps_4q_growth_year": null,
            "roe": -4.27,
            "roe_4q": -12.85,
            "gross_profit": 8943,
            "gross_margin": 59.69,
            "gross_margin_4q_avg": 52.21,
            "net_income": -56153,
            "net_income_4q": null,
            "revenue": 14982,
            "revenue_4q": null,
            "common_shares": 974728,
            "book_valuer_per_share": 13.4,
            "book_valuer_per_share_4q_avg": 13.84,
            "equity": 1305982,
            "current_ratio": 1233.28,
            "debt_ratio": 25.62,
            "inventory_turnover_ratio": null,
            "account_receivable_turnover_ratio": 72.03,
            "reinvestment_rate": null,
            "research_to_sale_ratio": 351.52,
            "price_fair": 0,
            "eps_avg_yearly": 0,
            "eps_latest_yearly": 0,
            "eps_growth_yearly": 0
        },
        "20223": {
            "year_quarter": 20223,
            "year": 2022,
            "quarter": 3,
            "eps": -0.64,
            "eps_growth_year": null,
            "eps_4q": -1.84,
            "eps_4q_growth_year": null,
            "roe": -4.51,
            "roe_4q": -14.509999999999998,
            "gross_profit": 52,
            "gross_margin": 71.23,
            "gross_margin_4q_avg": 58.28,
            "net_income": -62925,
            "net_income_4q": null,
            "revenue": 73,
            "revenue_4q": null,
            "common_shares": 1019728,
            "book_valuer_per_share": 14.54,
            "book_valuer_per_share_4q_avg": 13.87,
            "equity": 1482507,
            "current_ratio": 1849.77,
            "debt_ratio": 16.79,
            "inventory_turnover_ratio": null,
            "account_receivable_turnover_ratio": 0.32,
            "reinvestment_rate": null,
            "research_to_sale_ratio": 70734.25,
            "price_fair": 0,
            "eps_avg_yearly": 0,
            "eps_latest_yearly": 0,
            "eps_growth_yearly": 0
        },
        "20224": {
            "year_quarter": 20224,
            "year": 2022,
            "quarter": 4,
            "eps": -0.64,
            "eps_growth_year": null,
            "eps_4q": -2.03,
            "eps_4q_growth_year": null,
            "roe": -4.73,
            "roe_4q": -15.86,
            "gross_profit": 193,
            "gross_margin": 11.7,
            "gross_margin_4q_avg": 44.59,
            "net_income": -69203,
            "net_income_4q": null,
            "revenue": 1650,
            "revenue_4q": null,
            "common_shares": 1070980,
            "book_valuer_per_share": 13.5,
            "book_valuer_per_share_4q_avg": 13.76,
            "equity": 1445611,
            "current_ratio": 1603.11,
            "debt_ratio": 15.8,
            "inventory_turnover_ratio": null,
            "account_receivable_turnover_ratio": 26.19,
            "reinvestment_rate": null,
            "research_to_sale_ratio": 3761.39,
            "price_fair": 0,
            "eps_avg_yearly": 0,
            "eps_latest_yearly": 0,
            "eps_growth_yearly": 0
        },
        "20231": {
            "year_quarter": 20231,
            "year": 2023,
            "quarter": 1,
            "eps": -0.55,
            "eps_growth_year": null,
            "eps_4q": -2.27,
            "eps_4q_growth_year": null,
            "roe": -4.11,
            "roe_4q": -17.619999999999997,
            "gross_profit": 20,
            "gross_margin": 9.95,
            "gross_margin_4q_avg": 38.14,
            "net_income": -58410,
            "net_income_4q": null,
            "revenue": 201,
            "revenue_4q": null,
            "common_shares": 1082665,
            "book_valuer_per_share": 12.91,
            "book_valuer_per_share_4q_avg": 13.59,
            "equity": 1398088,
            "current_ratio": 2036.77,
            "debt_ratio": 15.6,
            "inventory_turnover_ratio": null,
            "account_receivable_turnover_ratio": 8.74,
            "reinvestment_rate": null,
            "research_to_sale_ratio": 25287.56,
            "price_fair": 0,
            "eps_avg_yearly": 0,
            "eps_latest_yearly": 0,
            "eps_growth_yearly": 0
        },
        "20232": {
            "year_quarter": 20232,
            "year": 2023,
            "quarter": 2,
            "eps": 0.04,
            "eps_growth_year": null,
            "eps_4q": -1.72,
            "eps_4q_growth_year": null,
            "roe": 0.27,
            "roe_4q": -13.08,
            "gross_profit": 465,
            "gross_margin": 33.03,
            "gross_margin_4q_avg": 31.48,
            "net_income": 3833,
            "net_income_4q": null,
            "revenue": 1408,
            "revenue_4q": null,
            "common_shares": 1086328,
            "book_valuer_per_share": 12.9,
            "book_valuer_per_share_4q_avg": 13.46,
            "equity": 1401618,
            "current_ratio": 1795.01,
            "debt_ratio": 15.92,
            "inventory_turnover_ratio": null,
            "account_receivable_turnover_ratio": 5,
            "reinvestment_rate": null,
            "research_to_sale_ratio": 3331.18,
            "price_fair": 0,
            "eps_avg_yearly": 0,
            "eps_latest_yearly": 0,
            "eps_growth_yearly": 0
        },
        "20233": {
            "year_quarter": 20233,
            "year": 2023,
            "quarter": 3,
            "eps": -0.55,
            "eps_growth_year": null,
            "eps_4q": -1.69,
            "eps_4q_growth_year": null,
            "roe": -4.38,
            "roe_4q": -12.95,
            "gross_profit": 510,
            "gross_margin": 54.66,
            "gross_margin_4q_avg": 27.34,
            "net_income": -60090,
            "net_income_4q": null,
            "revenue": 933,
            "revenue_4q": null,
            "common_shares": 1086401,
            "book_valuer_per_share": 12.34,
            "book_valuer_per_share_4q_avg": 12.91,
            "equity": 1340699,
            "current_ratio": 302.56,
            "debt_ratio": 16.3,
            "inventory_turnover_ratio": null,
            "account_receivable_turnover_ratio": 1.05,
            "reinvestment_rate": null,
            "research_to_sale_ratio": 6086.17,
            "price_fair": 0,
            "eps_avg_yearly": 0,
            "eps_latest_yearly": 0,
            "eps_growth_yearly": 0
        }
    },
    "months": {
        "2011-12": {
            "month": "2011-12",
            "price": "58.74",
            "revenue": 4151
        },
        "2012-01": {
            "month": "2012-01",
            "price": "67.21",
            "revenue": 1427
        },
        "2012-02": {
            "month": "2012-02",
            "price": "89.00",
            "revenue": 1427
        },
        "2012-03": {
            "month": "2012-03",
            "price": "97.88",
            "revenue": 1427
        },
        "2012-04": {
            "month": "2012-04",
            "price": "103.20",
            "revenue": 1427
        },
        "2012-05": {
            "month": "2012-05",
            "price": "101.28",
            "revenue": 1102
        },
        "2012-06": {
            "month": "2012-06",
            "price": "95.15",
            "revenue": 1051
        },
        "2012-07": {
            "month": "2012-07",
            "price": "86.27",
            "revenue": 1177
        },
        "2012-08": {
            "month": "2012-08",
            "price": "92.28",
            "revenue": 1051
        },
        "2012-09": {
            "month": "2012-09",
            "price": "96.77",
            "revenue": 1156
        },
        "2012-10": {
            "month": "2012-10",
            "price": "134.36",
            "revenue": 49883
        },
        "2012-11": {
            "month": "2012-11",
            "price": "162.86",
            "revenue": 1051
        },
        "2012-12": {
            "month": "2012-12",
            "price": "156.30",
            "revenue": 1051
        },
        "2013-01": {
            "month": "2013-01",
            "price": "134.57",
            "revenue": 1186
        },
        "2013-02": {
            "month": "2013-02",
            "price": "142.12",
            "revenue": 1051
        },
        "2013-03": {
            "month": "2013-03",
            "price": "133.52",
            "revenue": 1051
        },
        "2013-04": {
            "month": "2013-04",
            "price": "125.18",
            "revenue": 1050
        },
        "2013-05": {
            "month": "2013-05",
            "price": "122.05",
            "revenue": 1051
        },
        "2013-06": {
            "month": "2013-06",
            "price": "102.36",
            "revenue": 1051
        },
        "2013-07": {
            "month": "2013-07",
            "price": "96.77",
            "revenue": 1300
        },
        "2013-08": {
            "month": "2013-08",
            "price": "106.28",
            "revenue": 1051
        },
        "2013-09": {
            "month": "2013-09",
            "price": "138.98",
            "revenue": 1051
        },
        "2013-10": {
            "month": "2013-10",
            "price": "140.09",
            "revenue": 25535
        },
        "2013-11": {
            "month": "2013-11",
            "price": "128.29",
            "revenue": 192
        },
        "2013-12": {
            "month": "2013-12",
            "price": "109.64",
            "revenue": 0
        },
        "2014-01": {
            "month": "2014-01",
            "price": "104.56",
            "revenue": 143
        },
        "2014-02": {
            "month": "2014-02",
            "price": "107.00",
            "revenue": 0
        },
        "2014-03": {
            "month": "2014-03",
            "price": "107.26",
            "revenue": 109
        },
        "2014-04": {
            "month": "2014-04",
            "price": "96.59",
            "revenue": 28
        },
        "2014-05": {
            "month": "2014-05",
            "price": "100.80",
            "revenue": 27
        },
        "2014-06": {
            "month": "2014-06",
            "price": "105.29",
            "revenue": 46
        },
        "2014-07": {
            "month": "2014-07",
            "price": "103.14",
            "revenue": 27
        },
        "2014-08": {
            "month": "2014-08",
            "price": "83.93",
            "revenue": 60
        },
        "2014-09": {
            "month": "2014-09",
            "price": "79.96",
            "revenue": 32
        },
        "2014-10": {
            "month": "2014-10",
            "price": "71.53",
            "revenue": 25
        },
        "2014-11": {
            "month": "2014-11",
            "price": "62.26",
            "revenue": 133
        },
        "2014-12": {
            "month": "2014-12",
            "price": "71.19",
            "revenue": 7884
        },
        "2015-01": {
            "month": "2015-01",
            "price": "65.24",
            "revenue": 32
        },
        "2015-02": {
            "month": "2015-02",
            "price": "61.59",
            "revenue": 98
        },
        "2015-03": {
            "month": "2015-03",
            "price": "63.69",
            "revenue": 957
        },
        "2015-04": {
            "month": "2015-04",
            "price": "60.54",
            "revenue": 307
        },
        "2015-05": {
            "month": "2015-05",
            "price": "51.21",
            "revenue": 4017
        },
        "2015-06": {
            "month": "2015-06",
            "price": "44.95",
            "revenue": 154
        },
        "2015-07": {
            "month": "2015-07",
            "price": "41.89",
            "revenue": 0
        },
        "2015-08": {
            "month": "2015-08",
            "price": "32.78",
            "revenue": 0
        },
        "2015-09": {
            "month": "2015-09",
            "price": "37.54",
            "revenue": 0
        },
        "2015-10": {
            "month": "2015-10",
            "price": "50.45",
            "revenue": 1314
        },
        "2015-11": {
            "month": "2015-11",
            "price": "51.48",
            "revenue": 15
        },
        "2015-12": {
            "month": "2015-12",
            "price": "58.35",
            "revenue": 67
        },
        "2016-01": {
            "month": "2016-01",
            "price": "47.24",
            "revenue": 104
        },
        "2016-02": {
            "month": "2016-02",
            "price": "47.82",
            "revenue": 0
        },
        "2016-03": {
            "month": "2016-03",
            "price": "44.76",
            "revenue": 5
        },
        "2016-04": {
            "month": "2016-04",
            "price": "40.34",
            "revenue": 73
        },
        "2016-05": {
            "month": "2016-05",
            "price": "38.10",
            "revenue": 21
        },
        "2016-06": {
            "month": "2016-06",
            "price": "38.74",
            "revenue": 0
        },
        "2016-07": {
            "month": "2016-07",
            "price": "40.97",
            "revenue": 0
        },
        "2016-08": {
            "month": "2016-08",
            "price": "40.70",
            "revenue": 0
        },
        "2016-09": {
            "month": "2016-09",
            "price": "38.14",
            "revenue": 0
        },
        "2016-10": {
            "month": "2016-10",
            "price": "35.42",
            "revenue": 0
        },
        "2016-11": {
            "month": "2016-11",
            "price": "32.66",
            "revenue": 12
        },
        "2016-12": {
            "month": "2016-12",
            "price": "33.40",
            "revenue": 23
        },
        "2017-01": {
            "month": "2017-01",
            "price": "32.81",
            "revenue": 56
        },
        "2017-02": {
            "month": "2017-02",
            "price": "32.68",
            "revenue": 0
        },
        "2017-03": {
            "month": "2017-03",
            "price": "30.89",
            "revenue": 375
        },
        "2017-04": {
            "month": "2017-04",
            "price": "28.68",
            "revenue": 57
        },
        "2017-05": {
            "month": "2017-05",
            "price": "27.98",
            "revenue": 13
        },
        "2017-06": {
            "month": "2017-06",
            "price": "29.21",
            "revenue": 20
        },
        "2017-07": {
            "month": "2017-07",
            "price": "27.89",
            "revenue": 0
        },
        "2017-08": {
            "month": "2017-08",
            "price": "25.82",
            "revenue": 0
        },
        "2017-09": {
            "month": "2017-09",
            "price": "25.27",
            "revenue": 0
        },
        "2017-10": {
            "month": "2017-10",
            "price": "24.08",
            "revenue": 0
        },
        "2017-11": {
            "month": "2017-11",
            "price": "23.65",
            "revenue": 12
        },
        "2017-12": {
            "month": "2017-12",
            "price": "22.90",
            "revenue": 101
        },
        "2018-01": {
            "month": "2018-01",
            "price": "26.00",
            "revenue": 0
        },
        "2018-02": {
            "month": "2018-02",
            "price": "26.68",
            "revenue": 44
        },
        "2018-03": {
            "month": "2018-03",
            "price": "32.50",
            "revenue": 38
        },
        "2018-04": {
            "month": "2018-04",
            "price": "35.40",
            "revenue": 0
        },
        "2018-05": {
            "month": "2018-05",
            "price": "30.42",
            "revenue": 14
        },
        "2018-06": {
            "month": "2018-06",
            "price": "30.34",
            "revenue": 357
        },
        "2018-07": {
            "month": "2018-07",
            "price": "28.06",
            "revenue": 5
        },
        "2018-08": {
            "month": "2018-08",
            "price": "25.60",
            "revenue": 195
        },
        "2018-09": {
            "month": "2018-09",
            "price": "28.43",
            "revenue": 47
        },
        "2018-10": {
            "month": "2018-10",
            "price": "26.02",
            "revenue": 133
        },
        "2018-11": {
            "month": "2018-11",
            "price": "23.96",
            "revenue": 92
        },
        "2018-12": {
            "month": "2018-12",
            "price": "23.72",
            "revenue": 0
        },
        "2019-01": {
            "month": "2019-01",
            "price": "24.25",
            "revenue": 55
        },
        "2019-02": {
            "month": "2019-02",
            "price": "24.91",
            "revenue": 0
        },
        "2019-03": {
            "month": "2019-03",
            "price": "24.02",
            "revenue": 278
        },
        "2019-04": {
            "month": "2019-04",
            "price": "23.20",
            "revenue": 0
        },
        "2019-05": {
            "month": "2019-05",
            "price": "21.64",
            "revenue": 108
        },
        "2019-06": {
            "month": "2019-06",
            "price": "21.82",
            "revenue": 49
        },
        "2019-07": {
            "month": "2019-07",
            "price": "22.88",
            "revenue": 0
        },
        "2019-08": {
            "month": "2019-08",
            "price": "20.64",
            "revenue": 0
        },
        "2019-09": {
            "month": "2019-09",
            "price": "21.72",
            "revenue": 0
        },
        "2019-10": {
            "month": "2019-10",
            "price": "20.30",
            "revenue": 156
        },
        "2019-11": {
            "month": "2019-11",
            "price": "20.29",
            "revenue": 18
        },
        "2019-12": {
            "month": "2019-12",
            "price": "19.92",
            "revenue": 70
        },
        "2020-01": {
            "month": "2020-01",
            "price": "19.90",
            "revenue": 93
        },
        "2020-02": {
            "month": "2020-02",
            "price": "19.05",
            "revenue": 4
        },
        "2020-03": {
            "month": "2020-03",
            "price": "14.73",
            "revenue": 0
        },
        "2020-04": {
            "month": "2020-04",
            "price": "14.15",
            "revenue": 20
        },
        "2020-05": {
            "month": "2020-05",
            "price": "22.22",
            "revenue": 26
        },
        "2020-06": {
            "month": "2020-06",
            "price": "29.83",
            "revenue": 16
        },
        "2020-07": {
            "month": "2020-07",
            "price": "32.43",
            "revenue": 85
        },
        "2020-08": {
            "month": "2020-08",
            "price": "29.08",
            "revenue": 52
        },
        "2020-09": {
            "month": "2020-09",
            "price": "28.05",
            "revenue": 0
        },
        "2020-10": {
            "month": "2020-10",
            "price": "24.96",
            "revenue": 91
        },
        "2020-11": {
            "month": "2020-11",
            "price": "25.52",
            "revenue": 15
        },
        "2020-12": {
            "month": "2020-12",
            "price": "25.31",
            "revenue": 49
        },
        "2021-01": {
            "month": "2021-01",
            "price": "25.04",
            "revenue": 0
        },
        "2021-02": {
            "month": "2021-02",
            "price": "26.64",
            "revenue": 0
        },
        "2021-03": {
            "month": "2021-03",
            "price": "28.80",
            "revenue": 517
        },
        "2021-04": {
            "month": "2021-04",
            "price": "37.23",
            "revenue": 0
        },
        "2021-05": {
            "month": "2021-05",
            "price": "30.92",
            "revenue": 257
        },
        "2021-06": {
            "month": "2021-06",
            "price": "32.34",
            "revenue": 79
        },
        "2021-07": {
            "month": "2021-07",
            "price": "31.42",
            "revenue": 58
        },
        "2021-08": {
            "month": "2021-08",
            "price": "27.79",
            "revenue": 21
        },
        "2021-09": {
            "month": "2021-09",
            "price": "27.02",
            "revenue": 52
        },
        "2021-10": {
            "month": "2021-10",
            "price": "26.10",
            "revenue": 868
        },
        "2021-11": {
            "month": "2021-11",
            "price": "27.94",
            "revenue": 786
        },
        "2021-12": {
            "month": "2021-12",
            "price": "29.75",
            "revenue": 2837
        },
        "2022-01": {
            "month": "2022-01",
            "price": "29.06",
            "revenue": 0
        },
        "2022-02": {
            "month": "2022-02",
            "price": "28.89",
            "revenue": 0
        },
        "2022-03": {
            "month": "2022-03",
            "price": "28.28",
            "revenue": 13380
        },
        "2022-04": {
            "month": "2022-04",
            "price": "29.42",
            "revenue": 9781
        },
        "2022-05": {
            "month": "2022-05",
            "price": "26.47",
            "revenue": 561
        },
        "2022-06": {
            "month": "2022-06",
            "price": "27.27",
            "revenue": 4640
        },
        "2022-07": {
            "month": "2022-07",
            "price": "27.94",
            "revenue": 45
        },
        "2022-08": {
            "month": "2022-08",
            "price": "28.59",
            "revenue": 28
        },
        "2022-09": {
            "month": "2022-09",
            "price": "39.43",
            "revenue": 0
        },
        "2022-10": {
            "month": "2022-10",
            "price": "28.85",
            "revenue": 1605
        },
        "2022-11": {
            "month": "2022-11",
            "price": "30.48",
            "revenue": 0
        },
        "2022-12": {
            "month": "2022-12",
            "price": "32.94",
            "revenue": 46
        },
        "2023-01": {
            "month": "2023-01",
            "price": "30.41",
            "revenue": 202
        },
        "2023-02": {
            "month": "2023-02",
            "price": "32.79",
            "revenue": 0
        },
        "2023-03": {
            "month": "2023-03",
            "price": "31.57",
            "revenue": 2
        },
        "2023-04": {
            "month": "2023-04",
            "price": "31.97",
            "revenue": 0
        },
        "2023-05": {
            "month": "2023-05",
            "price": "31.07",
            "revenue": 886
        },
        "2023-06": {
            "month": "2023-06",
            "price": "30.66",
            "revenue": 521
        },
        "2023-07": {
            "month": "2023-07",
            "price": "30.73",
            "revenue": 0
        },
        "2023-08": {
            "month": "2023-08",
            "price": "28.60",
            "revenue": 76
        },
        "2023-09": {
            "month": "2023-09",
            "price": "27.91",
            "revenue": 857
        },
        "2023-10": {
            "month": "2023-10",
            "price": "27.76",
            "revenue": 0
        },
        "2023-11": {
            "month": "2023-11",
            "price": "28.52",
            "revenue": 0
        },
        "2023-12": {
            "month": "2023-12",
            "price": "27.96",
            "revenue": 0
        }
    }
}
