{
    "summary": {
        "stock_name": "浩鼎",
        "stock_id": "4174",
        "category": "生技醫療",
        "main_business": "新藥研發",
        "website_url": "http://www.obipharma.com/",
        "ceo": "王慧君",
        "pe_ratio": -21,
        "report_year_from": 2011,
        "report_year_to": 2023,
        "age": 12,
        "eps_negative_percentage": 90,
        "eps_growth_avg": {
            "last_all": null,
            "last_2y": null,
            "last_4y": null,
            "last_8y": null,
            "last_12y": null,
            "last_16y": null,
            "last_20y": null,
            "at_2006_last_3y": null,
            "at_2007_last_3y": null,
            "at_2008_last_3y": null,
            "at_2009_last_3y": null,
            "at_2010_last_3y": null,
            "at_2011_last_3y": null,
            "at_2012_last_3y": null,
            "at_2013_last_3y": null,
            "at_2014_last_3y": null,
            "at_2015_last_3y": null,
            "at_2016_last_3y": null,
            "at_2017_last_3y": null,
            "at_2018_last_3y": null,
            "at_2019_last_3y": null,
            "at_2020_last_3y": null,
            "at_2021_last_3y": null,
            "at_2022_last_3y": null,
            "at_2023_last_3y": null,
            "at_2006_last_all": null,
            "at_2007_last_all": null,
            "at_2008_last_all": null,
            "at_2009_last_all": null,
            "at_2010_last_all": null,
            "at_2011_last_all": null,
            "at_2012_last_all": null,
            "at_2013_last_all": null,
            "at_2014_last_all": null,
            "at_2015_last_all": null,
            "at_2016_last_all": null,
            "at_2017_last_all": null,
            "at_2018_last_all": null,
            "at_2019_last_all": null,
            "at_2020_last_all": null,
            "at_2021_last_all": null,
            "at_2022_last_all": null,
            "at_2023_last_all": null
        },
        "latest_eps": -4.01,
        "latest_price": 83,
        "latest_roe": -19.33,
        "latest_gross_margin": -188.49,
        "latest_equity": 6077310,
        "latest_revenue": 9868,
        "latest_gross_profit": -18600,
        "latest_net_income": 335271,
        "latest_debt_ratio": 5.15,
        "latest_current_ratio": 3463.88,
        "latest_account_receivable_turnover_ratio": 1.68,
        "latest_inventory_turnover_ratio": 1.14,
        "latest_reinvestment_rate": null,
        "latest_research_to_sale_ratio": 4607.85
    },
    "eps_dividends": {
        "2001": {
            "cash": 0,
            "stock": 0,
            "eps": 0
        },
        "2002": {
            "cash": 0,
            "stock": 0,
            "eps": 0
        },
        "2003": {
            "cash": 0,
            "stock": 0,
            "eps": 0
        },
        "2004": {
            "cash": 0,
            "stock": 0,
            "eps": 0
        },
        "2005": {
            "cash": 0,
            "stock": 0,
            "eps": 0
        },
        "2006": {
            "cash": 0,
            "stock": 0,
            "eps": 0
        },
        "2007": {
            "cash": 0,
            "stock": 0,
            "eps": 0
        },
        "2008": {
            "cash": 0,
            "stock": 0,
            "eps": 0
        },
        "2009": {
            "cash": 0,
            "stock": 0,
            "eps": 0
        },
        "2010": {
            "cash": 0,
            "stock": 0,
            "eps": 0
        },
        "2011": {
            "cash": 0,
            "stock": 0,
            "eps": 0
        },
        "2012": {
            "cash": 0,
            "stock": 0,
            "eps": 0
        },
        "2013": {
            "cash": 0,
            "stock": 0,
            "eps": 0
        },
        "2014": {
            "cash": 0,
            "stock": 0,
            "eps": -3.67
        },
        "2015": {
            "cash": 0,
            "stock": 0,
            "eps": -5.77
        },
        "2016": {
            "cash": 0,
            "stock": 0,
            "eps": -6.52
        },
        "2017": {
            "cash": 0,
            "stock": 0,
            "eps": -8.07
        },
        "2018": {
            "cash": 0,
            "stock": 0,
            "eps": -7.06
        },
        "2019": {
            "cash": 0,
            "stock": 0,
            "eps": -7.72
        },
        "2020": {
            "cash": 0,
            "stock": 0,
            "eps": -7.22
        },
        "2021": {
            "cash": 0,
            "stock": 0,
            "eps": -7.7
        },
        "2022": {
            "cash": 0,
            "stock": 0,
            "eps": -7.24
        },
        "2023": {
            "cash": 0,
            "stock": 0,
            "eps": 0.2
        }
    },
    "dividends": [],
    "prices": {
        "200101": "無",
        "200102": "無",
        "200103": "無",
        "200104": "無",
        "200105": "無",
        "200106": "無",
        "200107": "無",
        "200108": "無",
        "200109": "無",
        "200110": "無",
        "200111": "無",
        "200112": "無",
        "200201": "無",
        "200202": "無",
        "200203": "無",
        "200204": "無",
        "200205": "無",
        "200206": "無",
        "200207": "無",
        "200208": "無",
        "200209": "無",
        "200210": "無",
        "200211": "無",
        "200212": "無",
        "200301": "無",
        "200302": "無",
        "200303": "無",
        "200304": "無",
        "200305": "無",
        "200306": "無",
        "200307": "無",
        "200308": "無",
        "200309": "無",
        "200310": "無",
        "200311": "無",
        "200312": "無",
        "200401": "無",
        "200402": "無",
        "200403": "無",
        "200404": "無",
        "200405": "無",
        "200406": "無",
        "200407": "無",
        "200408": "無",
        "200409": "無",
        "200410": "無",
        "200411": "無",
        "200412": "無",
        "200501": "無",
        "200502": "無",
        "200503": "無",
        "200504": "無",
        "200505": "無",
        "200506": "無",
        "200507": "無",
        "200508": "無",
        "200509": "無",
        "200510": "無",
        "200511": "無",
        "200512": "無",
        "200601": "無",
        "200602": "無",
        "200603": "無",
        "200604": "無",
        "200605": "無",
        "200606": "無",
        "200607": "無",
        "200608": "無",
        "200609": "無",
        "200610": "無",
        "200611": "無",
        "200612": "無",
        "200701": "無",
        "200702": "無",
        "200703": "無",
        "200704": "無",
        "200705": "無",
        "200706": "無",
        "200707": "無",
        "200708": "無",
        "200709": "無",
        "200710": "無",
        "200711": "無",
        "200712": "無",
        "200801": "無",
        "200802": "無",
        "200803": "無",
        "200804": "無",
        "200805": "無",
        "200806": "無",
        "200807": "無",
        "200808": "無",
        "200809": "無",
        "200810": "無",
        "200811": "無",
        "200812": "無",
        "200901": "無",
        "200902": "無",
        "200903": "無",
        "200904": "無",
        "200905": "無",
        "200906": "無",
        "200907": "無",
        "200908": "無",
        "200909": "無",
        "200910": "無",
        "200911": "無",
        "200912": "無",
        "201001": "無",
        "201002": "無",
        "201003": "無",
        "201004": "無",
        "201005": "無",
        "201006": "無",
        "201007": "無",
        "201008": "無",
        "201009": "無",
        "201010": "無",
        "201011": "無",
        "201012": "無",
        "201101": "無",
        "201102": "無",
        "201103": "無",
        "201104": "無",
        "201105": "無",
        "201106": "無",
        "201107": "無",
        "201108": "無",
        "201109": "無",
        "201110": "無",
        "201111": "無",
        "201112": "無",
        "201201": "無",
        "201202": "無",
        "201203": "無",
        "201204": "無",
        "201205": "無",
        "201206": "無",
        "201207": "無",
        "201208": "無",
        "201209": "無",
        "201210": "無",
        "201211": "無",
        "201212": "98.98",
        "201301": "109.85",
        "201302": "159.98",
        "201303": "174.01",
        "201304": "175.54",
        "201305": "175.87",
        "201306": "170.92",
        "201307": "172.03",
        "201308": "167.52",
        "201309": "167.27",
        "201310": "209.54",
        "201311": "255.30",
        "201312": "235.47",
        "201401": "208.52",
        "201402": "225.18",
        "201403": "222.51",
        "201404": "210.99",
        "201405": "285.08",
        "201406": "322.47",
        "201407": "325.14",
        "201408": "319.14",
        "201409": "362.80",
        "201410": "418.72",
        "201411": "391.20",
        "201412": "372.36",
        "201501": "360.98",
        "201502": "368.47",
        "201503": "341.00",
        "201504": "329.52",
        "201505": "326.38",
        "201506": "303.93",
        "201507": "303.36",
        "201508": "284.57",
        "201509": "334.05",
        "201510": "388.76",
        "201511": "499.79",
        "201512": "695.57",
        "201601": "600.00",
        "201602": "595.73",
        "201603": "426.16",
        "201604": "394.42",
        "201605": "438.62",
        "201606": "529.07",
        "201607": "487.58",
        "201608": "466.80",
        "201609": "394.42",
        "201610": "348.25",
        "201611": "283.30",
        "201612": "260.07",
        "201701": "282.97",
        "201702": "307.36",
        "201703": "317.02",
        "201704": "270.08",
        "201705": "264.38",
        "201706": "254.59",
        "201707": "221.00",
        "201708": "191.15",
        "201709": "187.05",
        "201710": "161.55",
        "201711": "162.48",
        "201712": "145.55",
        "201801": "169.59",
        "201802": "168.96",
        "201803": "176.37",
        "201804": "177.22",
        "201805": "160.02",
        "201806": "160.88",
        "201807": "155.80",
        "201808": "146.15",
        "201809": "137.13",
        "201810": "134.32",
        "201811": "126.77",
        "201812": "142.76",
        "201901": "165.79",
        "201902": "183.27",
        "201903": "167.90",
        "201904": "160.60",
        "201905": "144.61",
        "201906": "152.08",
        "201907": "160.87",
        "201908": "142.83",
        "201909": "143.61",
        "201910": "138.10",
        "201911": "132.38",
        "201912": "132.98",
        "202001": "128.07",
        "202002": "120.68",
        "202003": "83.38",
        "202004": "87.70",
        "202005": "103.52",
        "202006": "115.52",
        "202007": "123.61",
        "202008": "116.69",
        "202009": "113.98",
        "202010": "114.11",
        "202011": "113.57",
        "202012": "126.96",
        "202101": "122.08",
        "202102": "122.54",
        "202103": "149.23",
        "202104": "137.05",
        "202105": "118.10",
        "202106": "116.64",
        "202107": "110.11",
        "202108": "102.34",
        "202109": "105.62",
        "202110": "103.03",
        "202111": "106.84",
        "202112": "114.16",
        "202201": "109.78",
        "202202": "121.97",
        "202203": "110.67",
        "202204": "108.47",
        "202205": "111.79",
        "202206": "108.19",
        "202207": "83.51",
        "202208": "81.58",
        "202209": "79.35",
        "202210": "70.03",
        "202211": "72.15",
        "202212": "73.95",
        "202301": "69.48",
        "202302": "78.01",
        "202303": "80.36",
        "202304": "85.96",
        "202305": "84.88",
        "202306": "89.48",
        "202307": "91.90",
        "202308": "84.49",
        "202309": "81.90",
        "202310": "80.86"
    },
    "quarters": {
        "20011": {
            "year_quarter": 20011,
            "year": 2001,
            "quarter": 1,
            "eps": null,
            "eps_growth_year": null,
            "eps_4q": null,
            "eps_4q_growth_year": null,
            "roe": null,
            "roe_4q": 0,
            "gross_profit": null,
            "gross_margin": null,
            "gross_margin_4q_avg": 0,
            "net_income": null,
            "net_income_4q": null,
            "revenue": null,
            "revenue_4q": null,
            "common_shares": null,
            "book_valuer_per_share": null,
            "book_valuer_per_share_4q_avg": 0,
            "equity": null,
            "current_ratio": null,
            "debt_ratio": null,
            "inventory_turnover_ratio": null,
            "account_receivable_turnover_ratio": null,
            "reinvestment_rate": null,
            "research_to_sale_ratio": null,
            "price_fair": 0,
            "eps_avg_yearly": 0,
            "eps_latest_yearly": 0,
            "eps_growth_yearly": 0
        },
        "20012": {
            "year_quarter": 20012,
            "year": 2001,
            "quarter": 2,
            "eps": null,
            "eps_growth_year": null,
            "eps_4q": null,
            "eps_4q_growth_year": null,
            "roe": null,
            "roe_4q": 0,
            "gross_profit": null,
            "gross_margin": null,
            "gross_margin_4q_avg": 0,
            "net_income": null,
            "net_income_4q": null,
            "revenue": null,
            "revenue_4q": null,
            "common_shares": null,
            "book_valuer_per_share": null,
            "book_valuer_per_share_4q_avg": 0,
            "equity": null,
            "current_ratio": null,
            "debt_ratio": null,
            "inventory_turnover_ratio": null,
            "account_receivable_turnover_ratio": null,
            "reinvestment_rate": null,
            "research_to_sale_ratio": null,
            "price_fair": 0,
            "eps_avg_yearly": 0,
            "eps_latest_yearly": 0,
            "eps_growth_yearly": 0
        },
        "20013": {
            "year_quarter": 20013,
            "year": 2001,
            "quarter": 3,
            "eps": null,
            "eps_growth_year": null,
            "eps_4q": null,
            "eps_4q_growth_year": null,
            "roe": null,
            "roe_4q": 0,
            "gross_profit": null,
            "gross_margin": null,
            "gross_margin_4q_avg": 0,
            "net_income": null,
            "net_income_4q": null,
            "revenue": null,
            "revenue_4q": null,
            "common_shares": null,
            "book_valuer_per_share": null,
            "book_valuer_per_share_4q_avg": 0,
            "equity": null,
            "current_ratio": null,
            "debt_ratio": null,
            "inventory_turnover_ratio": null,
            "account_receivable_turnover_ratio": null,
            "reinvestment_rate": null,
            "research_to_sale_ratio": null,
            "price_fair": 0,
            "eps_avg_yearly": 0,
            "eps_latest_yearly": 0,
            "eps_growth_yearly": 0
        },
        "20014": {
            "year_quarter": 20014,
            "year": 2001,
            "quarter": 4,
            "eps": null,
            "eps_growth_year": null,
            "eps_4q": null,
            "eps_4q_growth_year": null,
            "roe": null,
            "roe_4q": 0,
            "gross_profit": null,
            "gross_margin": null,
            "gross_margin_4q_avg": 0,
            "net_income": null,
            "net_income_4q": null,
            "revenue": null,
            "revenue_4q": null,
            "common_shares": null,
            "book_valuer_per_share": null,
            "book_valuer_per_share_4q_avg": 0,
            "equity": null,
            "current_ratio": null,
            "debt_ratio": null,
            "inventory_turnover_ratio": null,
            "account_receivable_turnover_ratio": null,
            "reinvestment_rate": null,
            "research_to_sale_ratio": null,
            "price_fair": 0,
            "eps_avg_yearly": 0,
            "eps_latest_yearly": 0,
            "eps_growth_yearly": 0
        },
        "20021": {
            "year_quarter": 20021,
            "year": 2002,
            "quarter": 1,
            "eps": null,
            "eps_growth_year": null,
            "eps_4q": null,
            "eps_4q_growth_year": null,
            "roe": null,
            "roe_4q": 0,
            "gross_profit": null,
            "gross_margin": null,
            "gross_margin_4q_avg": 0,
            "net_income": null,
            "net_income_4q": null,
            "revenue": null,
            "revenue_4q": null,
            "common_shares": null,
            "book_valuer_per_share": null,
            "book_valuer_per_share_4q_avg": 0,
            "equity": null,
            "current_ratio": null,
            "debt_ratio": null,
            "inventory_turnover_ratio": null,
            "account_receivable_turnover_ratio": null,
            "reinvestment_rate": null,
            "research_to_sale_ratio": null,
            "price_fair": 0,
            "eps_avg_yearly": 0,
            "eps_latest_yearly": 0,
            "eps_growth_yearly": 0
        },
        "20022": {
            "year_quarter": 20022,
            "year": 2002,
            "quarter": 2,
            "eps": null,
            "eps_growth_year": null,
            "eps_4q": null,
            "eps_4q_growth_year": null,
            "roe": null,
            "roe_4q": 0,
            "gross_profit": null,
            "gross_margin": null,
            "gross_margin_4q_avg": 0,
            "net_income": null,
            "net_income_4q": null,
            "revenue": null,
            "revenue_4q": null,
            "common_shares": null,
            "book_valuer_per_share": null,
            "book_valuer_per_share_4q_avg": 0,
            "equity": null,
            "current_ratio": null,
            "debt_ratio": null,
            "inventory_turnover_ratio": null,
            "account_receivable_turnover_ratio": null,
            "reinvestment_rate": null,
            "research_to_sale_ratio": null,
            "price_fair": 0,
            "eps_avg_yearly": 0,
            "eps_latest_yearly": 0,
            "eps_growth_yearly": 0
        },
        "20023": {
            "year_quarter": 20023,
            "year": 2002,
            "quarter": 3,
            "eps": null,
            "eps_growth_year": null,
            "eps_4q": null,
            "eps_4q_growth_year": null,
            "roe": null,
            "roe_4q": 0,
            "gross_profit": null,
            "gross_margin": null,
            "gross_margin_4q_avg": 0,
            "net_income": null,
            "net_income_4q": null,
            "revenue": null,
            "revenue_4q": null,
            "common_shares": null,
            "book_valuer_per_share": null,
            "book_valuer_per_share_4q_avg": 0,
            "equity": null,
            "current_ratio": null,
            "debt_ratio": null,
            "inventory_turnover_ratio": null,
            "account_receivable_turnover_ratio": null,
            "reinvestment_rate": null,
            "research_to_sale_ratio": null,
            "price_fair": 0,
            "eps_avg_yearly": 0,
            "eps_latest_yearly": 0,
            "eps_growth_yearly": 0
        },
        "20024": {
            "year_quarter": 20024,
            "year": 2002,
            "quarter": 4,
            "eps": null,
            "eps_growth_year": null,
            "eps_4q": null,
            "eps_4q_growth_year": null,
            "roe": null,
            "roe_4q": 0,
            "gross_profit": null,
            "gross_margin": null,
            "gross_margin_4q_avg": 0,
            "net_income": null,
            "net_income_4q": null,
            "revenue": null,
            "revenue_4q": null,
            "common_shares": null,
            "book_valuer_per_share": null,
            "book_valuer_per_share_4q_avg": 0,
            "equity": null,
            "current_ratio": null,
            "debt_ratio": null,
            "inventory_turnover_ratio": null,
            "account_receivable_turnover_ratio": null,
            "reinvestment_rate": null,
            "research_to_sale_ratio": null,
            "price_fair": 0,
            "eps_avg_yearly": 0,
            "eps_latest_yearly": 0,
            "eps_growth_yearly": 0
        },
        "20031": {
            "year_quarter": 20031,
            "year": 2003,
            "quarter": 1,
            "eps": null,
            "eps_growth_year": null,
            "eps_4q": null,
            "eps_4q_growth_year": null,
            "roe": null,
            "roe_4q": 0,
            "gross_profit": null,
            "gross_margin": null,
            "gross_margin_4q_avg": 0,
            "net_income": null,
            "net_income_4q": null,
            "revenue": null,
            "revenue_4q": null,
            "common_shares": null,
            "book_valuer_per_share": null,
            "book_valuer_per_share_4q_avg": 0,
            "equity": null,
            "current_ratio": null,
            "debt_ratio": null,
            "inventory_turnover_ratio": null,
            "account_receivable_turnover_ratio": null,
            "reinvestment_rate": null,
            "research_to_sale_ratio": null,
            "price_fair": 0,
            "eps_avg_yearly": 0,
            "eps_latest_yearly": 0,
            "eps_growth_yearly": 0
        },
        "20032": {
            "year_quarter": 20032,
            "year": 2003,
            "quarter": 2,
            "eps": null,
            "eps_growth_year": null,
            "eps_4q": null,
            "eps_4q_growth_year": null,
            "roe": null,
            "roe_4q": 0,
            "gross_profit": null,
            "gross_margin": null,
            "gross_margin_4q_avg": 0,
            "net_income": null,
            "net_income_4q": null,
            "revenue": null,
            "revenue_4q": null,
            "common_shares": null,
            "book_valuer_per_share": null,
            "book_valuer_per_share_4q_avg": 0,
            "equity": null,
            "current_ratio": null,
            "debt_ratio": null,
            "inventory_turnover_ratio": null,
            "account_receivable_turnover_ratio": null,
            "reinvestment_rate": null,
            "research_to_sale_ratio": null,
            "price_fair": 0,
            "eps_avg_yearly": 0,
            "eps_latest_yearly": 0,
            "eps_growth_yearly": 0
        },
        "20033": {
            "year_quarter": 20033,
            "year": 2003,
            "quarter": 3,
            "eps": null,
            "eps_growth_year": null,
            "eps_4q": null,
            "eps_4q_growth_year": null,
            "roe": null,
            "roe_4q": 0,
            "gross_profit": null,
            "gross_margin": null,
            "gross_margin_4q_avg": 0,
            "net_income": null,
            "net_income_4q": null,
            "revenue": null,
            "revenue_4q": null,
            "common_shares": null,
            "book_valuer_per_share": null,
            "book_valuer_per_share_4q_avg": 0,
            "equity": null,
            "current_ratio": null,
            "debt_ratio": null,
            "inventory_turnover_ratio": null,
            "account_receivable_turnover_ratio": null,
            "reinvestment_rate": null,
            "research_to_sale_ratio": null,
            "price_fair": 0,
            "eps_avg_yearly": 0,
            "eps_latest_yearly": 0,
            "eps_growth_yearly": 0
        },
        "20034": {
            "year_quarter": 20034,
            "year": 2003,
            "quarter": 4,
            "eps": null,
            "eps_growth_year": null,
            "eps_4q": null,
            "eps_4q_growth_year": null,
            "roe": null,
            "roe_4q": 0,
            "gross_profit": null,
            "gross_margin": null,
            "gross_margin_4q_avg": 0,
            "net_income": null,
            "net_income_4q": null,
            "revenue": null,
            "revenue_4q": null,
            "common_shares": null,
            "book_valuer_per_share": null,
            "book_valuer_per_share_4q_avg": 0,
            "equity": null,
            "current_ratio": null,
            "debt_ratio": null,
            "inventory_turnover_ratio": null,
            "account_receivable_turnover_ratio": null,
            "reinvestment_rate": null,
            "research_to_sale_ratio": null,
            "price_fair": 0,
            "eps_avg_yearly": 0,
            "eps_latest_yearly": 0,
            "eps_growth_yearly": 0
        },
        "20041": {
            "year_quarter": 20041,
            "year": 2004,
            "quarter": 1,
            "eps": null,
            "eps_growth_year": null,
            "eps_4q": null,
            "eps_4q_growth_year": null,
            "roe": null,
            "roe_4q": 0,
            "gross_profit": null,
            "gross_margin": null,
            "gross_margin_4q_avg": 0,
            "net_income": null,
            "net_income_4q": null,
            "revenue": null,
            "revenue_4q": null,
            "common_shares": null,
            "book_valuer_per_share": null,
            "book_valuer_per_share_4q_avg": 0,
            "equity": null,
            "current_ratio": null,
            "debt_ratio": null,
            "inventory_turnover_ratio": null,
            "account_receivable_turnover_ratio": null,
            "reinvestment_rate": null,
            "research_to_sale_ratio": null,
            "price_fair": 0,
            "eps_avg_yearly": 0,
            "eps_latest_yearly": 0,
            "eps_growth_yearly": 0
        },
        "20042": {
            "year_quarter": 20042,
            "year": 2004,
            "quarter": 2,
            "eps": null,
            "eps_growth_year": null,
            "eps_4q": null,
            "eps_4q_growth_year": null,
            "roe": null,
            "roe_4q": 0,
            "gross_profit": null,
            "gross_margin": null,
            "gross_margin_4q_avg": 0,
            "net_income": null,
            "net_income_4q": null,
            "revenue": null,
            "revenue_4q": null,
            "common_shares": null,
            "book_valuer_per_share": null,
            "book_valuer_per_share_4q_avg": 0,
            "equity": null,
            "current_ratio": null,
            "debt_ratio": null,
            "inventory_turnover_ratio": null,
            "account_receivable_turnover_ratio": null,
            "reinvestment_rate": null,
            "research_to_sale_ratio": null,
            "price_fair": 0,
            "eps_avg_yearly": 0,
            "eps_latest_yearly": 0,
            "eps_growth_yearly": 0
        },
        "20043": {
            "year_quarter": 20043,
            "year": 2004,
            "quarter": 3,
            "eps": null,
            "eps_growth_year": null,
            "eps_4q": null,
            "eps_4q_growth_year": null,
            "roe": null,
            "roe_4q": 0,
            "gross_profit": null,
            "gross_margin": null,
            "gross_margin_4q_avg": 0,
            "net_income": null,
            "net_income_4q": null,
            "revenue": null,
            "revenue_4q": null,
            "common_shares": null,
            "book_valuer_per_share": null,
            "book_valuer_per_share_4q_avg": 0,
            "equity": null,
            "current_ratio": null,
            "debt_ratio": null,
            "inventory_turnover_ratio": null,
            "account_receivable_turnover_ratio": null,
            "reinvestment_rate": null,
            "research_to_sale_ratio": null,
            "price_fair": 0,
            "eps_avg_yearly": 0,
            "eps_latest_yearly": 0,
            "eps_growth_yearly": 0
        },
        "20044": {
            "year_quarter": 20044,
            "year": 2004,
            "quarter": 4,
            "eps": null,
            "eps_growth_year": null,
            "eps_4q": null,
            "eps_4q_growth_year": null,
            "roe": null,
            "roe_4q": 0,
            "gross_profit": null,
            "gross_margin": null,
            "gross_margin_4q_avg": 0,
            "net_income": null,
            "net_income_4q": null,
            "revenue": null,
            "revenue_4q": null,
            "common_shares": null,
            "book_valuer_per_share": null,
            "book_valuer_per_share_4q_avg": 0,
            "equity": null,
            "current_ratio": null,
            "debt_ratio": null,
            "inventory_turnover_ratio": null,
            "account_receivable_turnover_ratio": null,
            "reinvestment_rate": null,
            "research_to_sale_ratio": null,
            "price_fair": 0,
            "eps_avg_yearly": 0,
            "eps_latest_yearly": 0,
            "eps_growth_yearly": 0
        },
        "20051": {
            "year_quarter": 20051,
            "year": 2005,
            "quarter": 1,
            "eps": null,
            "eps_growth_year": null,
            "eps_4q": null,
            "eps_4q_growth_year": null,
            "roe": null,
            "roe_4q": 0,
            "gross_profit": null,
            "gross_margin": null,
            "gross_margin_4q_avg": 0,
            "net_income": null,
            "net_income_4q": null,
            "revenue": null,
            "revenue_4q": null,
            "common_shares": null,
            "book_valuer_per_share": null,
            "book_valuer_per_share_4q_avg": 0,
            "equity": null,
            "current_ratio": null,
            "debt_ratio": null,
            "inventory_turnover_ratio": null,
            "account_receivable_turnover_ratio": null,
            "reinvestment_rate": null,
            "research_to_sale_ratio": null,
            "price_fair": 0,
            "eps_avg_yearly": 0,
            "eps_latest_yearly": 0,
            "eps_growth_yearly": 0
        },
        "20052": {
            "year_quarter": 20052,
            "year": 2005,
            "quarter": 2,
            "eps": null,
            "eps_growth_year": null,
            "eps_4q": null,
            "eps_4q_growth_year": null,
            "roe": null,
            "roe_4q": 0,
            "gross_profit": null,
            "gross_margin": null,
            "gross_margin_4q_avg": 0,
            "net_income": null,
            "net_income_4q": null,
            "revenue": null,
            "revenue_4q": null,
            "common_shares": null,
            "book_valuer_per_share": null,
            "book_valuer_per_share_4q_avg": 0,
            "equity": null,
            "current_ratio": null,
            "debt_ratio": null,
            "inventory_turnover_ratio": null,
            "account_receivable_turnover_ratio": null,
            "reinvestment_rate": null,
            "research_to_sale_ratio": null,
            "price_fair": 0,
            "eps_avg_yearly": 0,
            "eps_latest_yearly": 0,
            "eps_growth_yearly": 0
        },
        "20053": {
            "year_quarter": 20053,
            "year": 2005,
            "quarter": 3,
            "eps": null,
            "eps_growth_year": null,
            "eps_4q": null,
            "eps_4q_growth_year": null,
            "roe": null,
            "roe_4q": 0,
            "gross_profit": null,
            "gross_margin": null,
            "gross_margin_4q_avg": 0,
            "net_income": null,
            "net_income_4q": null,
            "revenue": null,
            "revenue_4q": null,
            "common_shares": null,
            "book_valuer_per_share": null,
            "book_valuer_per_share_4q_avg": 0,
            "equity": null,
            "current_ratio": null,
            "debt_ratio": null,
            "inventory_turnover_ratio": null,
            "account_receivable_turnover_ratio": null,
            "reinvestment_rate": null,
            "research_to_sale_ratio": null,
            "price_fair": 0,
            "eps_avg_yearly": 0,
            "eps_latest_yearly": 0,
            "eps_growth_yearly": 0
        },
        "20054": {
            "year_quarter": 20054,
            "year": 2005,
            "quarter": 4,
            "eps": null,
            "eps_growth_year": null,
            "eps_4q": null,
            "eps_4q_growth_year": null,
            "roe": null,
            "roe_4q": 0,
            "gross_profit": null,
            "gross_margin": null,
            "gross_margin_4q_avg": 0,
            "net_income": null,
            "net_income_4q": null,
            "revenue": null,
            "revenue_4q": null,
            "common_shares": null,
            "book_valuer_per_share": null,
            "book_valuer_per_share_4q_avg": 0,
            "equity": null,
            "current_ratio": null,
            "debt_ratio": null,
            "inventory_turnover_ratio": null,
            "account_receivable_turnover_ratio": null,
            "reinvestment_rate": null,
            "research_to_sale_ratio": null,
            "price_fair": 0,
            "eps_avg_yearly": 0,
            "eps_latest_yearly": 0,
            "eps_growth_yearly": 0
        },
        "20061": {
            "year_quarter": 20061,
            "year": 2006,
            "quarter": 1,
            "eps": null,
            "eps_growth_year": null,
            "eps_4q": null,
            "eps_4q_growth_year": null,
            "roe": null,
            "roe_4q": 0,
            "gross_profit": null,
            "gross_margin": null,
            "gross_margin_4q_avg": 0,
            "net_income": null,
            "net_income_4q": null,
            "revenue": null,
            "revenue_4q": null,
            "common_shares": null,
            "book_valuer_per_share": null,
            "book_valuer_per_share_4q_avg": 0,
            "equity": null,
            "current_ratio": null,
            "debt_ratio": null,
            "inventory_turnover_ratio": null,
            "account_receivable_turnover_ratio": null,
            "reinvestment_rate": null,
            "research_to_sale_ratio": null,
            "price_fair": 0,
            "eps_avg_yearly": 0,
            "eps_latest_yearly": 0,
            "eps_growth_yearly": 0
        },
        "20062": {
            "year_quarter": 20062,
            "year": 2006,
            "quarter": 2,
            "eps": null,
            "eps_growth_year": null,
            "eps_4q": null,
            "eps_4q_growth_year": null,
            "roe": null,
            "roe_4q": 0,
            "gross_profit": null,
            "gross_margin": null,
            "gross_margin_4q_avg": 0,
            "net_income": null,
            "net_income_4q": null,
            "revenue": null,
            "revenue_4q": null,
            "common_shares": null,
            "book_valuer_per_share": null,
            "book_valuer_per_share_4q_avg": 0,
            "equity": null,
            "current_ratio": null,
            "debt_ratio": null,
            "inventory_turnover_ratio": null,
            "account_receivable_turnover_ratio": null,
            "reinvestment_rate": null,
            "research_to_sale_ratio": null,
            "price_fair": 0,
            "eps_avg_yearly": 0,
            "eps_latest_yearly": 0,
            "eps_growth_yearly": 0
        },
        "20063": {
            "year_quarter": 20063,
            "year": 2006,
            "quarter": 3,
            "eps": null,
            "eps_growth_year": null,
            "eps_4q": null,
            "eps_4q_growth_year": null,
            "roe": null,
            "roe_4q": 0,
            "gross_profit": null,
            "gross_margin": null,
            "gross_margin_4q_avg": 0,
            "net_income": null,
            "net_income_4q": null,
            "revenue": null,
            "revenue_4q": null,
            "common_shares": null,
            "book_valuer_per_share": null,
            "book_valuer_per_share_4q_avg": 0,
            "equity": null,
            "current_ratio": null,
            "debt_ratio": null,
            "inventory_turnover_ratio": null,
            "account_receivable_turnover_ratio": null,
            "reinvestment_rate": null,
            "research_to_sale_ratio": null,
            "price_fair": 0,
            "eps_avg_yearly": 0,
            "eps_latest_yearly": 0,
            "eps_growth_yearly": 0
        },
        "20064": {
            "year_quarter": 20064,
            "year": 2006,
            "quarter": 4,
            "eps": null,
            "eps_growth_year": null,
            "eps_4q": null,
            "eps_4q_growth_year": null,
            "roe": null,
            "roe_4q": 0,
            "gross_profit": null,
            "gross_margin": null,
            "gross_margin_4q_avg": 0,
            "net_income": null,
            "net_income_4q": null,
            "revenue": null,
            "revenue_4q": null,
            "common_shares": null,
            "book_valuer_per_share": null,
            "book_valuer_per_share_4q_avg": 0,
            "equity": null,
            "current_ratio": null,
            "debt_ratio": null,
            "inventory_turnover_ratio": null,
            "account_receivable_turnover_ratio": null,
            "reinvestment_rate": null,
            "research_to_sale_ratio": null,
            "price_fair": 0,
            "eps_avg_yearly": 0,
            "eps_latest_yearly": 0,
            "eps_growth_yearly": 0
        },
        "20071": {
            "year_quarter": 20071,
            "year": 2007,
            "quarter": 1,
            "eps": null,
            "eps_growth_year": null,
            "eps_4q": null,
            "eps_4q_growth_year": null,
            "roe": null,
            "roe_4q": 0,
            "gross_profit": null,
            "gross_margin": null,
            "gross_margin_4q_avg": 0,
            "net_income": null,
            "net_income_4q": null,
            "revenue": null,
            "revenue_4q": null,
            "common_shares": null,
            "book_valuer_per_share": null,
            "book_valuer_per_share_4q_avg": 0,
            "equity": null,
            "current_ratio": null,
            "debt_ratio": null,
            "inventory_turnover_ratio": null,
            "account_receivable_turnover_ratio": null,
            "reinvestment_rate": null,
            "research_to_sale_ratio": null,
            "price_fair": 0,
            "eps_avg_yearly": 0,
            "eps_latest_yearly": 0,
            "eps_growth_yearly": 0
        },
        "20072": {
            "year_quarter": 20072,
            "year": 2007,
            "quarter": 2,
            "eps": null,
            "eps_growth_year": null,
            "eps_4q": null,
            "eps_4q_growth_year": null,
            "roe": null,
            "roe_4q": 0,
            "gross_profit": null,
            "gross_margin": null,
            "gross_margin_4q_avg": 0,
            "net_income": null,
            "net_income_4q": null,
            "revenue": null,
            "revenue_4q": null,
            "common_shares": null,
            "book_valuer_per_share": null,
            "book_valuer_per_share_4q_avg": 0,
            "equity": null,
            "current_ratio": null,
            "debt_ratio": null,
            "inventory_turnover_ratio": null,
            "account_receivable_turnover_ratio": null,
            "reinvestment_rate": null,
            "research_to_sale_ratio": null,
            "price_fair": 0,
            "eps_avg_yearly": 0,
            "eps_latest_yearly": 0,
            "eps_growth_yearly": 0
        },
        "20073": {
            "year_quarter": 20073,
            "year": 2007,
            "quarter": 3,
            "eps": null,
            "eps_growth_year": null,
            "eps_4q": null,
            "eps_4q_growth_year": null,
            "roe": null,
            "roe_4q": 0,
            "gross_profit": null,
            "gross_margin": null,
            "gross_margin_4q_avg": 0,
            "net_income": null,
            "net_income_4q": null,
            "revenue": null,
            "revenue_4q": null,
            "common_shares": null,
            "book_valuer_per_share": null,
            "book_valuer_per_share_4q_avg": 0,
            "equity": null,
            "current_ratio": null,
            "debt_ratio": null,
            "inventory_turnover_ratio": null,
            "account_receivable_turnover_ratio": null,
            "reinvestment_rate": null,
            "research_to_sale_ratio": null,
            "price_fair": 0,
            "eps_avg_yearly": 0,
            "eps_latest_yearly": 0,
            "eps_growth_yearly": 0
        },
        "20074": {
            "year_quarter": 20074,
            "year": 2007,
            "quarter": 4,
            "eps": null,
            "eps_growth_year": null,
            "eps_4q": null,
            "eps_4q_growth_year": null,
            "roe": null,
            "roe_4q": 0,
            "gross_profit": null,
            "gross_margin": null,
            "gross_margin_4q_avg": 0,
            "net_income": null,
            "net_income_4q": null,
            "revenue": null,
            "revenue_4q": null,
            "common_shares": 340000,
            "book_valuer_per_share": 2.91,
            "book_valuer_per_share_4q_avg": 0.73,
            "equity": 98995,
            "current_ratio": 12.15,
            "debt_ratio": 43.48,
            "inventory_turnover_ratio": null,
            "account_receivable_turnover_ratio": null,
            "reinvestment_rate": null,
            "research_to_sale_ratio": null,
            "price_fair": 0,
            "eps_avg_yearly": 0,
            "eps_latest_yearly": 0,
            "eps_growth_yearly": 0
        },
        "20081": {
            "year_quarter": 20081,
            "year": 2008,
            "quarter": 1,
            "eps": null,
            "eps_growth_year": null,
            "eps_4q": null,
            "eps_4q_growth_year": null,
            "roe": null,
            "roe_4q": 0,
            "gross_profit": null,
            "gross_margin": null,
            "gross_margin_4q_avg": 0,
            "net_income": null,
            "net_income_4q": null,
            "revenue": null,
            "revenue_4q": null,
            "common_shares": null,
            "book_valuer_per_share": null,
            "book_valuer_per_share_4q_avg": 0.73,
            "equity": null,
            "current_ratio": null,
            "debt_ratio": null,
            "inventory_turnover_ratio": null,
            "account_receivable_turnover_ratio": null,
            "reinvestment_rate": null,
            "research_to_sale_ratio": null,
            "price_fair": 0,
            "eps_avg_yearly": 0,
            "eps_latest_yearly": 0,
            "eps_growth_yearly": 0
        },
        "20082": {
            "year_quarter": 20082,
            "year": 2008,
            "quarter": 2,
            "eps": null,
            "eps_growth_year": null,
            "eps_4q": null,
            "eps_4q_growth_year": null,
            "roe": null,
            "roe_4q": 0,
            "gross_profit": null,
            "gross_margin": null,
            "gross_margin_4q_avg": 0,
            "net_income": null,
            "net_income_4q": null,
            "revenue": null,
            "revenue_4q": null,
            "common_shares": null,
            "book_valuer_per_share": null,
            "book_valuer_per_share_4q_avg": 0.73,
            "equity": null,
            "current_ratio": null,
            "debt_ratio": null,
            "inventory_turnover_ratio": null,
            "account_receivable_turnover_ratio": null,
            "reinvestment_rate": null,
            "research_to_sale_ratio": null,
            "price_fair": 0,
            "eps_avg_yearly": 0,
            "eps_latest_yearly": 0,
            "eps_growth_yearly": 0
        },
        "20083": {
            "year_quarter": 20083,
            "year": 2008,
            "quarter": 3,
            "eps": null,
            "eps_growth_year": null,
            "eps_4q": null,
            "eps_4q_growth_year": null,
            "roe": null,
            "roe_4q": 0,
            "gross_profit": null,
            "gross_margin": null,
            "gross_margin_4q_avg": 0,
            "net_income": null,
            "net_income_4q": null,
            "revenue": null,
            "revenue_4q": null,
            "common_shares": null,
            "book_valuer_per_share": null,
            "book_valuer_per_share_4q_avg": 0.73,
            "equity": null,
            "current_ratio": null,
            "debt_ratio": null,
            "inventory_turnover_ratio": null,
            "account_receivable_turnover_ratio": null,
            "reinvestment_rate": null,
            "research_to_sale_ratio": null,
            "price_fair": 0,
            "eps_avg_yearly": 0,
            "eps_latest_yearly": 0,
            "eps_growth_yearly": 0
        },
        "20084": {
            "year_quarter": 20084,
            "year": 2008,
            "quarter": 4,
            "eps": null,
            "eps_growth_year": null,
            "eps_4q": null,
            "eps_4q_growth_year": null,
            "roe": null,
            "roe_4q": 0,
            "gross_profit": null,
            "gross_margin": null,
            "gross_margin_4q_avg": 0,
            "net_income": null,
            "net_income_4q": null,
            "revenue": null,
            "revenue_4q": null,
            "common_shares": 340000,
            "book_valuer_per_share": 2,
            "book_valuer_per_share_4q_avg": 0.5,
            "equity": 67929,
            "current_ratio": 7.77,
            "debt_ratio": 58.2,
            "inventory_turnover_ratio": null,
            "account_receivable_turnover_ratio": null,
            "reinvestment_rate": null,
            "research_to_sale_ratio": null,
            "price_fair": 0,
            "eps_avg_yearly": 0,
            "eps_latest_yearly": 0,
            "eps_growth_yearly": 0
        },
        "20091": {
            "year_quarter": 20091,
            "year": 2009,
            "quarter": 1,
            "eps": null,
            "eps_growth_year": null,
            "eps_4q": null,
            "eps_4q_growth_year": null,
            "roe": null,
            "roe_4q": 0,
            "gross_profit": null,
            "gross_margin": null,
            "gross_margin_4q_avg": 0,
            "net_income": null,
            "net_income_4q": null,
            "revenue": null,
            "revenue_4q": null,
            "common_shares": null,
            "book_valuer_per_share": null,
            "book_valuer_per_share_4q_avg": 0.5,
            "equity": null,
            "current_ratio": null,
            "debt_ratio": null,
            "inventory_turnover_ratio": null,
            "account_receivable_turnover_ratio": null,
            "reinvestment_rate": null,
            "research_to_sale_ratio": null,
            "price_fair": 0,
            "eps_avg_yearly": 0,
            "eps_latest_yearly": 0,
            "eps_growth_yearly": 0
        },
        "20092": {
            "year_quarter": 20092,
            "year": 2009,
            "quarter": 2,
            "eps": null,
            "eps_growth_year": null,
            "eps_4q": null,
            "eps_4q_growth_year": null,
            "roe": null,
            "roe_4q": 0,
            "gross_profit": null,
            "gross_margin": null,
            "gross_margin_4q_avg": 0,
            "net_income": null,
            "net_income_4q": null,
            "revenue": null,
            "revenue_4q": null,
            "common_shares": null,
            "book_valuer_per_share": null,
            "book_valuer_per_share_4q_avg": 0.5,
            "equity": null,
            "current_ratio": null,
            "debt_ratio": null,
            "inventory_turnover_ratio": null,
            "account_receivable_turnover_ratio": null,
            "reinvestment_rate": null,
            "research_to_sale_ratio": null,
            "price_fair": 0,
            "eps_avg_yearly": 0,
            "eps_latest_yearly": 0,
            "eps_growth_yearly": 0
        },
        "20093": {
            "year_quarter": 20093,
            "year": 2009,
            "quarter": 3,
            "eps": null,
            "eps_growth_year": null,
            "eps_4q": null,
            "eps_4q_growth_year": null,
            "roe": null,
            "roe_4q": 0,
            "gross_profit": null,
            "gross_margin": null,
            "gross_margin_4q_avg": 0,
            "net_income": null,
            "net_income_4q": null,
            "revenue": null,
            "revenue_4q": null,
            "common_shares": null,
            "book_valuer_per_share": null,
            "book_valuer_per_share_4q_avg": 0.5,
            "equity": null,
            "current_ratio": null,
            "debt_ratio": null,
            "inventory_turnover_ratio": null,
            "account_receivable_turnover_ratio": null,
            "reinvestment_rate": null,
            "research_to_sale_ratio": null,
            "price_fair": 0,
            "eps_avg_yearly": 0,
            "eps_latest_yearly": 0,
            "eps_growth_yearly": 0
        },
        "20094": {
            "year_quarter": 20094,
            "year": 2009,
            "quarter": 4,
            "eps": null,
            "eps_growth_year": null,
            "eps_4q": null,
            "eps_4q_growth_year": null,
            "roe": null,
            "roe_4q": 0,
            "gross_profit": null,
            "gross_margin": null,
            "gross_margin_4q_avg": 0,
            "net_income": null,
            "net_income_4q": null,
            "revenue": null,
            "revenue_4q": null,
            "common_shares": 538000,
            "book_valuer_per_share": 4.81,
            "book_valuer_per_share_4q_avg": 1.2,
            "equity": 259037,
            "current_ratio": 29351.48,
            "debt_ratio": 0.26,
            "inventory_turnover_ratio": null,
            "account_receivable_turnover_ratio": null,
            "reinvestment_rate": null,
            "research_to_sale_ratio": null,
            "price_fair": 0,
            "eps_avg_yearly": 0,
            "eps_latest_yearly": 0,
            "eps_growth_yearly": 0
        },
        "20101": {
            "year_quarter": 20101,
            "year": 2010,
            "quarter": 1,
            "eps": null,
            "eps_growth_year": null,
            "eps_4q": null,
            "eps_4q_growth_year": null,
            "roe": null,
            "roe_4q": 0,
            "gross_profit": null,
            "gross_margin": null,
            "gross_margin_4q_avg": 0,
            "net_income": null,
            "net_income_4q": null,
            "revenue": null,
            "revenue_4q": null,
            "common_shares": null,
            "book_valuer_per_share": null,
            "book_valuer_per_share_4q_avg": 1.2,
            "equity": null,
            "current_ratio": null,
            "debt_ratio": null,
            "inventory_turnover_ratio": null,
            "account_receivable_turnover_ratio": null,
            "reinvestment_rate": null,
            "research_to_sale_ratio": null,
            "price_fair": 0,
            "eps_avg_yearly": 0,
            "eps_latest_yearly": 0,
            "eps_growth_yearly": 0
        },
        "20102": {
            "year_quarter": 20102,
            "year": 2010,
            "quarter": 2,
            "eps": null,
            "eps_growth_year": null,
            "eps_4q": null,
            "eps_4q_growth_year": null,
            "roe": null,
            "roe_4q": 0,
            "gross_profit": null,
            "gross_margin": null,
            "gross_margin_4q_avg": 0,
            "net_income": null,
            "net_income_4q": null,
            "revenue": null,
            "revenue_4q": null,
            "common_shares": null,
            "book_valuer_per_share": null,
            "book_valuer_per_share_4q_avg": 1.2,
            "equity": null,
            "current_ratio": null,
            "debt_ratio": null,
            "inventory_turnover_ratio": null,
            "account_receivable_turnover_ratio": null,
            "reinvestment_rate": null,
            "research_to_sale_ratio": null,
            "price_fair": 0,
            "eps_avg_yearly": 0,
            "eps_latest_yearly": 0,
            "eps_growth_yearly": 0
        },
        "20103": {
            "year_quarter": 20103,
            "year": 2010,
            "quarter": 3,
            "eps": null,
            "eps_growth_year": null,
            "eps_4q": null,
            "eps_4q_growth_year": null,
            "roe": null,
            "roe_4q": 0,
            "gross_profit": null,
            "gross_margin": null,
            "gross_margin_4q_avg": 0,
            "net_income": null,
            "net_income_4q": null,
            "revenue": null,
            "revenue_4q": null,
            "common_shares": null,
            "book_valuer_per_share": null,
            "book_valuer_per_share_4q_avg": 1.2,
            "equity": null,
            "current_ratio": null,
            "debt_ratio": null,
            "inventory_turnover_ratio": null,
            "account_receivable_turnover_ratio": null,
            "reinvestment_rate": null,
            "research_to_sale_ratio": null,
            "price_fair": 0,
            "eps_avg_yearly": 0,
            "eps_latest_yearly": 0,
            "eps_growth_yearly": 0
        },
        "20104": {
            "year_quarter": 20104,
            "year": 2010,
            "quarter": 4,
            "eps": null,
            "eps_growth_year": null,
            "eps_4q": null,
            "eps_4q_growth_year": null,
            "roe": null,
            "roe_4q": 0,
            "gross_profit": null,
            "gross_margin": null,
            "gross_margin_4q_avg": 0,
            "net_income": null,
            "net_income_4q": null,
            "revenue": null,
            "revenue_4q": null,
            "common_shares": 538000,
            "book_valuer_per_share": 3.15,
            "book_valuer_per_share_4q_avg": 0.79,
            "equity": 169441,
            "current_ratio": 8038.13,
            "debt_ratio": 0.81,
            "inventory_turnover_ratio": null,
            "account_receivable_turnover_ratio": null,
            "reinvestment_rate": null,
            "research_to_sale_ratio": null,
            "price_fair": 0,
            "eps_avg_yearly": 0,
            "eps_latest_yearly": 0,
            "eps_growth_yearly": 0
        },
        "20111": {
            "year_quarter": 20111,
            "year": 2011,
            "quarter": 1,
            "eps": null,
            "eps_growth_year": null,
            "eps_4q": null,
            "eps_4q_growth_year": null,
            "roe": null,
            "roe_4q": 0,
            "gross_profit": null,
            "gross_margin": null,
            "gross_margin_4q_avg": 0,
            "net_income": null,
            "net_income_4q": null,
            "revenue": null,
            "revenue_4q": null,
            "common_shares": null,
            "book_valuer_per_share": null,
            "book_valuer_per_share_4q_avg": 0.79,
            "equity": null,
            "current_ratio": null,
            "debt_ratio": null,
            "inventory_turnover_ratio": null,
            "account_receivable_turnover_ratio": null,
            "reinvestment_rate": null,
            "research_to_sale_ratio": null,
            "price_fair": 0,
            "eps_avg_yearly": 0,
            "eps_latest_yearly": 0,
            "eps_growth_yearly": 0
        },
        "20112": {
            "year_quarter": 20112,
            "year": 2011,
            "quarter": 2,
            "eps": null,
            "eps_growth_year": null,
            "eps_4q": null,
            "eps_4q_growth_year": null,
            "roe": null,
            "roe_4q": 0,
            "gross_profit": null,
            "gross_margin": null,
            "gross_margin_4q_avg": 0,
            "net_income": null,
            "net_income_4q": null,
            "revenue": null,
            "revenue_4q": null,
            "common_shares": 1000000,
            "book_valuer_per_share": null,
            "book_valuer_per_share_4q_avg": 0.79,
            "equity": 563494,
            "current_ratio": null,
            "debt_ratio": null,
            "inventory_turnover_ratio": null,
            "account_receivable_turnover_ratio": null,
            "reinvestment_rate": null,
            "research_to_sale_ratio": null,
            "price_fair": 0,
            "eps_avg_yearly": 0,
            "eps_latest_yearly": 0,
            "eps_growth_yearly": 0
        },
        "20113": {
            "year_quarter": 20113,
            "year": 2011,
            "quarter": 3,
            "eps": null,
            "eps_growth_year": null,
            "eps_4q": null,
            "eps_4q_growth_year": null,
            "roe": null,
            "roe_4q": 0,
            "gross_profit": null,
            "gross_margin": null,
            "gross_margin_4q_avg": 0,
            "net_income": null,
            "net_income_4q": null,
            "revenue": null,
            "revenue_4q": null,
            "common_shares": null,
            "book_valuer_per_share": null,
            "book_valuer_per_share_4q_avg": 0.79,
            "equity": null,
            "current_ratio": null,
            "debt_ratio": null,
            "inventory_turnover_ratio": null,
            "account_receivable_turnover_ratio": null,
            "reinvestment_rate": null,
            "research_to_sale_ratio": null,
            "price_fair": 0,
            "eps_avg_yearly": 0,
            "eps_latest_yearly": 0,
            "eps_growth_yearly": 0
        },
        "20114": {
            "year_quarter": 20114,
            "year": 2011,
            "quarter": 4,
            "eps": null,
            "eps_growth_year": null,
            "eps_4q": null,
            "eps_4q_growth_year": null,
            "roe": null,
            "roe_4q": 0,
            "gross_profit": null,
            "gross_margin": null,
            "gross_margin_4q_avg": 0,
            "net_income": null,
            "net_income_4q": null,
            "revenue": null,
            "revenue_4q": null,
            "common_shares": 1000000,
            "book_valuer_per_share": 5.08,
            "book_valuer_per_share_4q_avg": 1.27,
            "equity": 508444,
            "current_ratio": 3242.35,
            "debt_ratio": 2.73,
            "inventory_turnover_ratio": null,
            "account_receivable_turnover_ratio": null,
            "reinvestment_rate": null,
            "research_to_sale_ratio": null,
            "price_fair": 0,
            "eps_avg_yearly": 0,
            "eps_latest_yearly": 0,
            "eps_growth_yearly": 0
        },
        "20121": {
            "year_quarter": 20121,
            "year": 2012,
            "quarter": 1,
            "eps": null,
            "eps_growth_year": null,
            "eps_4q": null,
            "eps_4q_growth_year": null,
            "roe": null,
            "roe_4q": 0,
            "gross_profit": null,
            "gross_margin": null,
            "gross_margin_4q_avg": 0,
            "net_income": null,
            "net_income_4q": null,
            "revenue": null,
            "revenue_4q": null,
            "common_shares": null,
            "book_valuer_per_share": null,
            "book_valuer_per_share_4q_avg": 1.27,
            "equity": null,
            "current_ratio": null,
            "debt_ratio": null,
            "inventory_turnover_ratio": null,
            "account_receivable_turnover_ratio": null,
            "reinvestment_rate": null,
            "research_to_sale_ratio": null,
            "price_fair": 0,
            "eps_avg_yearly": 0,
            "eps_latest_yearly": 0,
            "eps_growth_yearly": 0
        },
        "20122": {
            "year_quarter": 20122,
            "year": 2012,
            "quarter": 2,
            "eps": null,
            "eps_growth_year": null,
            "eps_4q": null,
            "eps_4q_growth_year": null,
            "roe": null,
            "roe_4q": 0,
            "gross_profit": null,
            "gross_margin": null,
            "gross_margin_4q_avg": 0,
            "net_income": null,
            "net_income_4q": null,
            "revenue": null,
            "revenue_4q": null,
            "common_shares": 1363843,
            "book_valuer_per_share": 7.02,
            "book_valuer_per_share_4q_avg": 3.03,
            "equity": 957454,
            "current_ratio": 14018.93,
            "debt_ratio": 0.64,
            "inventory_turnover_ratio": null,
            "account_receivable_turnover_ratio": null,
            "reinvestment_rate": null,
            "research_to_sale_ratio": null,
            "price_fair": 0,
            "eps_avg_yearly": 0,
            "eps_latest_yearly": 0,
            "eps_growth_yearly": 0
        },
        "20123": {
            "year_quarter": 20123,
            "year": 2012,
            "quarter": 3,
            "eps": null,
            "eps_growth_year": null,
            "eps_4q": null,
            "eps_4q_growth_year": null,
            "roe": null,
            "roe_4q": 0,
            "gross_profit": null,
            "gross_margin": null,
            "gross_margin_4q_avg": 0,
            "net_income": null,
            "net_income_4q": null,
            "revenue": null,
            "revenue_4q": null,
            "common_shares": null,
            "book_valuer_per_share": null,
            "book_valuer_per_share_4q_avg": 3.03,
            "equity": null,
            "current_ratio": null,
            "debt_ratio": null,
            "inventory_turnover_ratio": null,
            "account_receivable_turnover_ratio": null,
            "reinvestment_rate": null,
            "research_to_sale_ratio": null,
            "price_fair": 0,
            "eps_avg_yearly": 0,
            "eps_latest_yearly": 0,
            "eps_growth_yearly": 0
        },
        "20124": {
            "year_quarter": 20124,
            "year": 2012,
            "quarter": 4,
            "eps": null,
            "eps_growth_year": null,
            "eps_4q": null,
            "eps_4q_growth_year": null,
            "roe": null,
            "roe_4q": 0,
            "gross_profit": null,
            "gross_margin": null,
            "gross_margin_4q_avg": 0,
            "net_income": null,
            "net_income_4q": null,
            "revenue": null,
            "revenue_4q": null,
            "common_shares": 1382520,
            "book_valuer_per_share": 6,
            "book_valuer_per_share_4q_avg": 3.26,
            "equity": 829772,
            "current_ratio": 1756.26,
            "debt_ratio": 5.08,
            "inventory_turnover_ratio": null,
            "account_receivable_turnover_ratio": null,
            "reinvestment_rate": null,
            "research_to_sale_ratio": null,
            "price_fair": 0,
            "eps_avg_yearly": 0,
            "eps_latest_yearly": 0,
            "eps_growth_yearly": 0
        },
        "20131": {
            "year_quarter": 20131,
            "year": 2013,
            "quarter": 1,
            "eps": null,
            "eps_growth_year": null,
            "eps_4q": null,
            "eps_4q_growth_year": null,
            "roe": null,
            "roe_4q": 0,
            "gross_profit": null,
            "gross_margin": null,
            "gross_margin_4q_avg": 0,
            "net_income": null,
            "net_income_4q": null,
            "revenue": null,
            "revenue_4q": null,
            "common_shares": null,
            "book_valuer_per_share": null,
            "book_valuer_per_share_4q_avg": 3.26,
            "equity": null,
            "current_ratio": null,
            "debt_ratio": null,
            "inventory_turnover_ratio": null,
            "account_receivable_turnover_ratio": null,
            "reinvestment_rate": null,
            "research_to_sale_ratio": null,
            "price_fair": 0,
            "eps_avg_yearly": 0,
            "eps_latest_yearly": 0,
            "eps_growth_yearly": 0
        },
        "20132": {
            "year_quarter": 20132,
            "year": 2013,
            "quarter": 2,
            "eps": null,
            "eps_growth_year": null,
            "eps_4q": null,
            "eps_4q_growth_year": null,
            "roe": null,
            "roe_4q": 0,
            "gross_profit": null,
            "gross_margin": null,
            "gross_margin_4q_avg": 0,
            "net_income": null,
            "net_income_4q": null,
            "revenue": null,
            "revenue_4q": null,
            "common_shares": 1389515,
            "book_valuer_per_share": 4.59,
            "book_valuer_per_share_4q_avg": 2.65,
            "equity": 637777,
            "current_ratio": 758.12,
            "debt_ratio": 10.09,
            "inventory_turnover_ratio": null,
            "account_receivable_turnover_ratio": null,
            "reinvestment_rate": null,
            "research_to_sale_ratio": null,
            "price_fair": 0,
            "eps_avg_yearly": 0,
            "eps_latest_yearly": 0,
            "eps_growth_yearly": 0
        },
        "20133": {
            "year_quarter": 20133,
            "year": 2013,
            "quarter": 3,
            "eps": null,
            "eps_growth_year": null,
            "eps_4q": null,
            "eps_4q_growth_year": null,
            "roe": null,
            "roe_4q": 0,
            "gross_profit": 0,
            "gross_margin": null,
            "gross_margin_4q_avg": 0,
            "net_income": -99335,
            "net_income_4q": null,
            "revenue": 0,
            "revenue_4q": null,
            "common_shares": 1394017,
            "book_valuer_per_share": 12.98,
            "book_valuer_per_share_4q_avg": 5.89,
            "equity": 1810047,
            "current_ratio": 2399.67,
            "debt_ratio": 3.8,
            "inventory_turnover_ratio": null,
            "account_receivable_turnover_ratio": null,
            "reinvestment_rate": null,
            "research_to_sale_ratio": null,
            "price_fair": 0,
            "eps_avg_yearly": 0,
            "eps_latest_yearly": 0,
            "eps_growth_yearly": 0
        },
        "20134": {
            "year_quarter": 20134,
            "year": 2013,
            "quarter": 4,
            "eps": null,
            "eps_growth_year": null,
            "eps_4q": null,
            "eps_4q_growth_year": null,
            "roe": null,
            "roe_4q": 0,
            "gross_profit": 0,
            "gross_margin": null,
            "gross_margin_4q_avg": 0,
            "net_income": -136784,
            "net_income_4q": null,
            "revenue": 0,
            "revenue_4q": null,
            "common_shares": 1489959,
            "book_valuer_per_share": 12.95,
            "book_valuer_per_share_4q_avg": 7.63,
            "equity": 1929202,
            "current_ratio": 3144.22,
            "debt_ratio": 2.1,
            "inventory_turnover_ratio": null,
            "account_receivable_turnover_ratio": null,
            "reinvestment_rate": null,
            "research_to_sale_ratio": null,
            "price_fair": 0,
            "eps_avg_yearly": 0,
            "eps_latest_yearly": 0,
            "eps_growth_yearly": 0
        },
        "20141": {
            "year_quarter": 20141,
            "year": 2014,
            "quarter": 1,
            "eps": null,
            "eps_growth_year": null,
            "eps_4q": null,
            "eps_4q_growth_year": null,
            "roe": null,
            "roe_4q": 0,
            "gross_profit": 0,
            "gross_margin": null,
            "gross_margin_4q_avg": 0,
            "net_income": -115692,
            "net_income_4q": null,
            "revenue": 0,
            "revenue_4q": null,
            "common_shares": 1491892,
            "book_valuer_per_share": 12.37,
            "book_valuer_per_share_4q_avg": 10.72,
            "equity": 1845768,
            "current_ratio": 1987.56,
            "debt_ratio": 3.36,
            "inventory_turnover_ratio": null,
            "account_receivable_turnover_ratio": null,
            "reinvestment_rate": null,
            "research_to_sale_ratio": null,
            "price_fair": 0,
            "eps_avg_yearly": 0,
            "eps_latest_yearly": 0,
            "eps_growth_yearly": 0
        },
        "20142": {
            "year_quarter": 20142,
            "year": 2014,
            "quarter": 2,
            "eps": -1.42,
            "eps_growth_year": null,
            "eps_4q": -1.42,
            "eps_4q_growth_year": null,
            "roe": -12.06,
            "roe_4q": -12.06,
            "gross_profit": 0,
            "gross_margin": null,
            "gross_margin_4q_avg": 0,
            "net_income": -213024,
            "net_income_4q": null,
            "revenue": 0,
            "revenue_4q": null,
            "common_shares": 1497858,
            "book_valuer_per_share": 11.26,
            "book_valuer_per_share_4q_avg": 12.39,
            "equity": 1686955,
            "current_ratio": 1670.64,
            "debt_ratio": 3.77,
            "inventory_turnover_ratio": null,
            "account_receivable_turnover_ratio": null,
            "reinvestment_rate": null,
            "research_to_sale_ratio": null,
            "price_fair": 0,
            "eps_avg_yearly": 0,
            "eps_latest_yearly": 0,
            "eps_growth_yearly": 0
        },
        "20143": {
            "year_quarter": 20143,
            "year": 2014,
            "quarter": 3,
            "eps": -1.01,
            "eps_growth_year": null,
            "eps_4q": -2.43,
            "eps_4q_growth_year": null,
            "roe": -9.27,
            "roe_4q": -21.33,
            "gross_profit": 0,
            "gross_margin": null,
            "gross_margin_4q_avg": 0,
            "net_income": -151653,
            "net_income_4q": null,
            "revenue": 0,
            "revenue_4q": null,
            "common_shares": 1498763,
            "book_valuer_per_share": 10.57,
            "book_valuer_per_share_4q_avg": 11.79,
            "equity": 1584020,
            "current_ratio": 2208.49,
            "debt_ratio": 2.73,
            "inventory_turnover_ratio": null,
            "account_receivable_turnover_ratio": null,
            "reinvestment_rate": null,
            "research_to_sale_ratio": null,
            "price_fair": 0,
            "eps_avg_yearly": 0,
            "eps_latest_yearly": 0,
            "eps_growth_yearly": 0
        },
        "20144": {
            "year_quarter": 20144,
            "year": 2014,
            "quarter": 4,
            "eps": -1.24,
            "eps_growth_year": null,
            "eps_4q": -3.68,
            "eps_4q_growth_year": null,
            "roe": -12.33,
            "roe_4q": -33.660000000000004,
            "gross_profit": 0,
            "gross_margin": null,
            "gross_margin_4q_avg": 0,
            "net_income": -186638,
            "net_income_4q": null,
            "revenue": 0,
            "revenue_4q": null,
            "common_shares": 1499936,
            "book_valuer_per_share": 9.63,
            "book_valuer_per_share_4q_avg": 10.96,
            "equity": 1443861,
            "current_ratio": 2118.82,
            "debt_ratio": 2.97,
            "inventory_turnover_ratio": null,
            "account_receivable_turnover_ratio": null,
            "reinvestment_rate": null,
            "research_to_sale_ratio": null,
            "price_fair": 0,
            "eps_avg_yearly": 0,
            "eps_latest_yearly": 0,
            "eps_growth_yearly": 0
        },
        "20151": {
            "year_quarter": 20151,
            "year": 2015,
            "quarter": 1,
            "eps": -2.43,
            "eps_growth_year": null,
            "eps_4q": -5.43,
            "eps_4q_growth_year": null,
            "roe": -8.34,
            "roe_4q": -42,
            "gross_profit": 0,
            "gross_margin": null,
            "gross_margin_4q_avg": 0,
            "net_income": -373349,
            "net_income_4q": null,
            "revenue": 0,
            "revenue_4q": null,
            "common_shares": 1702672,
            "book_valuer_per_share": 44.11,
            "book_valuer_per_share_4q_avg": 18.89,
            "equity": 7510488,
            "current_ratio": 12523.99,
            "debt_ratio": 0.74,
            "inventory_turnover_ratio": null,
            "account_receivable_turnover_ratio": null,
            "reinvestment_rate": null,
            "research_to_sale_ratio": null,
            "price_fair": 0,
            "eps_avg_yearly": 0,
            "eps_latest_yearly": 0,
            "eps_growth_yearly": 0
        },
        "20152": {
            "year_quarter": 20152,
            "year": 2015,
            "quarter": 2,
            "eps": -1.02,
            "eps_growth_year": null,
            "eps_4q": -5.18,
            "eps_4q_growth_year": null,
            "roe": -2.32,
            "roe_4q": -32.260000000000005,
            "gross_profit": 0,
            "gross_margin": null,
            "gross_margin_4q_avg": 0,
            "net_income": -173182,
            "net_income_4q": null,
            "revenue": 0,
            "revenue_4q": null,
            "common_shares": 1706564,
            "book_valuer_per_share": 43.29,
            "book_valuer_per_share_4q_avg": 26.9,
            "equity": 7387136,
            "current_ratio": 5585.33,
            "debt_ratio": 0.66,
            "inventory_turnover_ratio": null,
            "account_receivable_turnover_ratio": null,
            "reinvestment_rate": null,
            "research_to_sale_ratio": null,
            "price_fair": 0,
            "eps_avg_yearly": 0,
            "eps_latest_yearly": 0,
            "eps_growth_yearly": 0
        },
        "20153": {
            "year_quarter": 20153,
            "year": 2015,
            "quarter": 3,
            "eps": -0.79,
            "eps_growth_year": null,
            "eps_4q": -5.08,
            "eps_4q_growth_year": null,
            "roe": -1.82,
            "roe_4q": -24.810000000000002,
            "gross_profit": 0,
            "gross_margin": null,
            "gross_margin_4q_avg": 0,
            "net_income": -134440,
            "net_income_4q": null,
            "revenue": 0,
            "revenue_4q": null,
            "common_shares": 1706975,
            "book_valuer_per_share": 43.1,
            "book_valuer_per_share_4q_avg": 35.03,
            "equity": 7356586,
            "current_ratio": 7882.37,
            "debt_ratio": 0.55,
            "inventory_turnover_ratio": null,
            "account_receivable_turnover_ratio": null,
            "reinvestment_rate": null,
            "research_to_sale_ratio": null,
            "price_fair": 0,
            "eps_avg_yearly": 0,
            "eps_latest_yearly": 0,
            "eps_growth_yearly": 0
        },
        "20154": {
            "year_quarter": 20154,
            "year": 2015,
            "quarter": 4,
            "eps": -1.53,
            "eps_growth_year": null,
            "eps_4q": -5.51,
            "eps_4q_growth_year": null,
            "roe": -3.58,
            "roe_4q": -16.060000000000002,
            "gross_profit": 0,
            "gross_margin": null,
            "gross_margin_4q_avg": 0,
            "net_income": -260366,
            "net_income_4q": null,
            "revenue": 0,
            "revenue_4q": null,
            "common_shares": 1707200,
            "book_valuer_per_share": 42.08,
            "book_valuer_per_share_4q_avg": 43.15,
            "equity": 7183992,
            "current_ratio": 1856.85,
            "debt_ratio": 1.74,
            "inventory_turnover_ratio": null,
            "account_receivable_turnover_ratio": null,
            "reinvestment_rate": null,
            "research_to_sale_ratio": null,
            "price_fair": 0,
            "eps_avg_yearly": 0,
            "eps_latest_yearly": 0,
            "eps_growth_yearly": 0
        },
        "20161": {
            "year_quarter": 20161,
            "year": 2016,
            "quarter": 1,
            "eps": -2.04,
            "eps_growth_year": null,
            "eps_4q": -5.39,
            "eps_4q_growth_year": null,
            "roe": -5.06,
            "roe_4q": -12.780000000000001,
            "gross_profit": 0,
            "gross_margin": null,
            "gross_margin_4q_avg": 0,
            "net_income": -348081,
            "net_income_4q": null,
            "revenue": 0,
            "revenue_4q": null,
            "common_shares": 1709703,
            "book_valuer_per_share": 38.65,
            "book_valuer_per_share_4q_avg": 41.78,
            "equity": 6574560,
            "current_ratio": 820.44,
            "debt_ratio": 2.22,
            "inventory_turnover_ratio": null,
            "account_receivable_turnover_ratio": null,
            "reinvestment_rate": null,
            "research_to_sale_ratio": null,
            "price_fair": 0,
            "eps_avg_yearly": 0,
            "eps_latest_yearly": 0,
            "eps_growth_yearly": 0
        },
        "20162": {
            "year_quarter": 20162,
            "year": 2016,
            "quarter": 2,
            "eps": -0.69,
            "eps_growth_year": null,
            "eps_4q": -5.05,
            "eps_4q_growth_year": null,
            "roe": -1.78,
            "roe_4q": -12.24,
            "gross_profit": 92386,
            "gross_margin": 100,
            "gross_margin_4q_avg": 25,
            "net_income": -117093,
            "net_income_4q": null,
            "revenue": 92386,
            "revenue_4q": null,
            "common_shares": 1711996,
            "book_valuer_per_share": 38.69,
            "book_valuer_per_share_4q_avg": 40.63,
            "equity": 6589745,
            "current_ratio": 3702.8,
            "debt_ratio": 0.54,
            "inventory_turnover_ratio": null,
            "account_receivable_turnover_ratio": null,
            "reinvestment_rate": null,
            "research_to_sale_ratio": 162.42,
            "price_fair": 0,
            "eps_avg_yearly": 0,
            "eps_latest_yearly": 0,
            "eps_growth_yearly": 0
        },
        "20163": {
            "year_quarter": 20163,
            "year": 2016,
            "quarter": 3,
            "eps": -2.16,
            "eps_growth_year": null,
            "eps_4q": -6.41,
            "eps_4q_growth_year": null,
            "roe": -5.68,
            "roe_4q": -16.1,
            "gross_profit": 0,
            "gross_margin": null,
            "gross_margin_4q_avg": 25,
            "net_income": -367422,
            "net_income_4q": null,
            "revenue": 0,
            "revenue_4q": null,
            "common_shares": 1714646,
            "book_valuer_per_share": 37.15,
            "book_valuer_per_share_4q_avg": 39.14,
            "equity": 6337094,
            "current_ratio": 4173.7,
            "debt_ratio": 0.43,
            "inventory_turnover_ratio": null,
            "account_receivable_turnover_ratio": null,
            "reinvestment_rate": null,
            "research_to_sale_ratio": null,
            "price_fair": 0,
            "eps_avg_yearly": 0,
            "eps_latest_yearly": 0,
            "eps_growth_yearly": 0
        },
        "20164": {
            "year_quarter": 20164,
            "year": 2016,
            "quarter": 4,
            "eps": -1.63,
            "eps_growth_year": null,
            "eps_4q": -6.5,
            "eps_4q_growth_year": null,
            "roe": -4.44,
            "roe_4q": -16.96,
            "gross_profit": 36,
            "gross_margin": 100,
            "gross_margin_4q_avg": 50,
            "net_income": -277532,
            "net_income_4q": null,
            "revenue": 36,
            "revenue_4q": null,
            "common_shares": 1716119,
            "book_valuer_per_share": 36.08,
            "book_valuer_per_share_4q_avg": 37.64,
            "equity": 6160760,
            "current_ratio": 3980.78,
            "debt_ratio": 2.64,
            "inventory_turnover_ratio": null,
            "account_receivable_turnover_ratio": null,
            "reinvestment_rate": null,
            "research_to_sale_ratio": 777986.11,
            "price_fair": 0,
            "eps_avg_yearly": 0,
            "eps_latest_yearly": 0,
            "eps_growth_yearly": 0
        },
        "20171": {
            "year_quarter": 20171,
            "year": 2017,
            "quarter": 1,
            "eps": -2.37,
            "eps_growth_year": null,
            "eps_4q": -6.81,
            "eps_4q_growth_year": null,
            "roe": -6.76,
            "roe_4q": -18.66,
            "gross_profit": null,
            "gross_margin": null,
            "gross_margin_4q_avg": 50,
            "net_income": -404121,
            "net_income_4q": null,
            "revenue": null,
            "revenue_4q": null,
            "common_shares": 1720133,
            "book_valuer_per_share": 33.85,
            "book_valuer_per_share_4q_avg": 36.44,
            "equity": 5793023,
            "current_ratio": 12733.19,
            "debt_ratio": 1.83,
            "inventory_turnover_ratio": null,
            "account_receivable_turnover_ratio": null,
            "reinvestment_rate": null,
            "research_to_sale_ratio": null,
            "price_fair": 0,
            "eps_avg_yearly": 0,
            "eps_latest_yearly": 0,
            "eps_growth_yearly": 0
        },
        "20172": {
            "year_quarter": 20172,
            "year": 2017,
            "quarter": 2,
            "eps": -1.64,
            "eps_growth_year": null,
            "eps_4q": -7.76,
            "eps_4q_growth_year": null,
            "roe": -4.91,
            "roe_4q": -21.79,
            "gross_profit": 366,
            "gross_margin": 100,
            "gross_margin_4q_avg": 50,
            "net_income": -279948,
            "net_income_4q": null,
            "revenue": 366,
            "revenue_4q": null,
            "common_shares": 1720611,
            "book_valuer_per_share": 32.79,
            "book_valuer_per_share_4q_avg": 34.97,
            "equity": 5614380,
            "current_ratio": 16970.29,
            "debt_ratio": 1.69,
            "inventory_turnover_ratio": null,
            "account_receivable_turnover_ratio": null,
            "reinvestment_rate": null,
            "research_to_sale_ratio": 60828.42,
            "price_fair": 0,
            "eps_avg_yearly": 0,
            "eps_latest_yearly": 0,
            "eps_growth_yearly": 0
        },
        "20173": {
            "year_quarter": 20173,
            "year": 2017,
            "quarter": 3,
            "eps": -1.97,
            "eps_growth_year": null,
            "eps_4q": -7.58,
            "eps_4q_growth_year": null,
            "roe": -6.14,
            "roe_4q": -22.250000000000004,
            "gross_profit": 0,
            "gross_margin": null,
            "gross_margin_4q_avg": 50,
            "net_income": -336709,
            "net_income_4q": null,
            "revenue": 0,
            "revenue_4q": null,
            "common_shares": 1721157,
            "book_valuer_per_share": 31.23,
            "book_valuer_per_share_4q_avg": 33.49,
            "equity": 5348016,
            "current_ratio": 15629.41,
            "debt_ratio": 1.75,
            "inventory_turnover_ratio": null,
            "account_receivable_turnover_ratio": null,
            "reinvestment_rate": null,
            "research_to_sale_ratio": null,
            "price_fair": 0,
            "eps_avg_yearly": 0,
            "eps_latest_yearly": 0,
            "eps_growth_yearly": 0
        },
        "20174": {
            "year_quarter": 20174,
            "year": 2017,
            "quarter": 4,
            "eps": -2.09,
            "eps_growth_year": null,
            "eps_4q": -8.05,
            "eps_4q_growth_year": null,
            "roe": -6.89,
            "roe_4q": -24.699999999999996,
            "gross_profit": 10,
            "gross_margin": 100,
            "gross_margin_4q_avg": 50,
            "net_income": -358658,
            "net_income_4q": null,
            "revenue": 10,
            "revenue_4q": null,
            "common_shares": 1721657,
            "book_valuer_per_share": 29.54,
            "book_valuer_per_share_4q_avg": 31.85,
            "equity": 5060373,
            "current_ratio": 6865.72,
            "debt_ratio": 2.5,
            "inventory_turnover_ratio": null,
            "account_receivable_turnover_ratio": 0.19,
            "reinvestment_rate": null,
            "research_to_sale_ratio": 2257190,
            "price_fair": 0,
            "eps_avg_yearly": 0,
            "eps_latest_yearly": 0,
            "eps_growth_yearly": 0
        },
        "20181": {
            "year_quarter": 20181,
            "year": 2018,
            "quarter": 1,
            "eps": -1.52,
            "eps_growth_year": null,
            "eps_4q": -7.15,
            "eps_4q_growth_year": null,
            "roe": -5.14,
            "roe_4q": -23.08,
            "gross_profit": 12179,
            "gross_margin": 98.6,
            "gross_margin_4q_avg": 74.65,
            "net_income": -265131,
            "net_income_4q": null,
            "revenue": 12352,
            "revenue_4q": null,
            "common_shares": 1739907,
            "book_valuer_per_share": 29.71,
            "book_valuer_per_share_4q_avg": 30.82,
            "equity": 5252617,
            "current_ratio": 7022.36,
            "debt_ratio": 3.83,
            "inventory_turnover_ratio": null,
            "account_receivable_turnover_ratio": 5.31,
            "reinvestment_rate": null,
            "research_to_sale_ratio": 1289.35,
            "price_fair": 0,
            "eps_avg_yearly": 0,
            "eps_latest_yearly": 0,
            "eps_growth_yearly": 0
        },
        "20182": {
            "year_quarter": 20182,
            "year": 2018,
            "quarter": 2,
            "eps": -0.81,
            "eps_growth_year": null,
            "eps_4q": -6.34,
            "eps_4q_growth_year": null,
            "roe": -2.97,
            "roe_4q": -21.14,
            "gross_profit": 329,
            "gross_margin": 83.29,
            "gross_margin_4q_avg": 70.47,
            "net_income": -154888,
            "net_income_4q": null,
            "revenue": 395,
            "revenue_4q": null,
            "common_shares": 1739907,
            "book_valuer_per_share": 29.27,
            "book_valuer_per_share_4q_avg": 29.94,
            "equity": 5170738,
            "current_ratio": 6703.01,
            "debt_ratio": 3.85,
            "inventory_turnover_ratio": null,
            "account_receivable_turnover_ratio": 0.16,
            "reinvestment_rate": null,
            "research_to_sale_ratio": 63704.3,
            "price_fair": 0,
            "eps_avg_yearly": 0,
            "eps_latest_yearly": 0,
            "eps_growth_yearly": 0
        },
        "20183": {
            "year_quarter": 20183,
            "year": 2018,
            "quarter": 3,
            "eps": -2.4,
            "eps_growth_year": null,
            "eps_4q": -6.8,
            "eps_4q_growth_year": null,
            "roe": -8.44,
            "roe_4q": -23.44,
            "gross_profit": 315,
            "gross_margin": 100,
            "gross_margin_4q_avg": 95.47,
            "net_income": -422077,
            "net_income_4q": null,
            "revenue": 315,
            "revenue_4q": null,
            "common_shares": 1739907,
            "book_valuer_per_share": 27.16,
            "book_valuer_per_share_4q_avg": 28.92,
            "equity": 4828735,
            "current_ratio": 11773.23,
            "debt_ratio": 3.42,
            "inventory_turnover_ratio": null,
            "account_receivable_turnover_ratio": 0.52,
            "reinvestment_rate": null,
            "research_to_sale_ratio": 121778.73,
            "price_fair": 0,
            "eps_avg_yearly": 0,
            "eps_latest_yearly": 0,
            "eps_growth_yearly": 0
        },
        "20184": {
            "year_quarter": 20184,
            "year": 2018,
            "quarter": 4,
            "eps": -2.33,
            "eps_growth_year": null,
            "eps_4q": -7.06,
            "eps_4q_growth_year": null,
            "roe": -8.76,
            "roe_4q": -25.31,
            "gross_profit": -4770,
            "gross_margin": -1722.02,
            "gross_margin_4q_avg": -360.03,
            "net_income": -407397,
            "net_income_4q": null,
            "revenue": 277,
            "revenue_4q": null,
            "common_shares": 1739907,
            "book_valuer_per_share": 25.11,
            "book_valuer_per_share_4q_avg": 27.81,
            "equity": 4473466,
            "current_ratio": 3653.76,
            "debt_ratio": 5.01,
            "inventory_turnover_ratio": null,
            "account_receivable_turnover_ratio": 0.31,
            "reinvestment_rate": null,
            "research_to_sale_ratio": 120067.51,
            "price_fair": 0,
            "eps_avg_yearly": 0,
            "eps_latest_yearly": 0,
            "eps_growth_yearly": 0
        },
        "20191": {
            "year_quarter": 20191,
            "year": 2019,
            "quarter": 1,
            "eps": -1.23,
            "eps_growth_year": null,
            "eps_4q": -6.77,
            "eps_4q_growth_year": null,
            "roe": -5.03,
            "roe_4q": -25.199999999999996,
            "gross_profit": 214,
            "gross_margin": 100,
            "gross_margin_4q_avg": -359.68,
            "net_income": -220657,
            "net_income_4q": null,
            "revenue": 214,
            "revenue_4q": null,
            "common_shares": 1731287,
            "book_valuer_per_share": 24.14,
            "book_valuer_per_share_4q_avg": 26.42,
            "equity": 4299283,
            "current_ratio": 5830.04,
            "debt_ratio": 6.23,
            "inventory_turnover_ratio": null,
            "account_receivable_turnover_ratio": 0.22,
            "reinvestment_rate": null,
            "research_to_sale_ratio": 90632.71,
            "price_fair": 0,
            "eps_avg_yearly": 0,
            "eps_latest_yearly": 0,
            "eps_growth_yearly": 0
        },
        "20192": {
            "year_quarter": 20192,
            "year": 2019,
            "quarter": 2,
            "eps": -2.07,
            "eps_growth_year": null,
            "eps_4q": -7.41,
            "eps_4q_growth_year": null,
            "roe": -7.17,
            "roe_4q": -29.4,
            "gross_profit": 136,
            "gross_margin": 100,
            "gross_margin_4q_avg": -355.51,
            "net_income": -370096,
            "net_income_4q": null,
            "revenue": 136,
            "revenue_4q": null,
            "common_shares": 1881287,
            "book_valuer_per_share": 31.45,
            "book_valuer_per_share_4q_avg": 26.97,
            "equity": 6030656,
            "current_ratio": 6800.31,
            "debt_ratio": 4.65,
            "inventory_turnover_ratio": null,
            "account_receivable_turnover_ratio": 0.12,
            "reinvestment_rate": null,
            "research_to_sale_ratio": 239520.59,
            "price_fair": 0,
            "eps_avg_yearly": 0,
            "eps_latest_yearly": 0,
            "eps_growth_yearly": 0
        },
        "20193": {
            "year_quarter": 20193,
            "year": 2019,
            "quarter": 3,
            "eps": -1.71,
            "eps_growth_year": null,
            "eps_4q": -6.91,
            "eps_4q_growth_year": null,
            "roe": -5.61,
            "roe_4q": -26.57,
            "gross_profit": 217,
            "gross_margin": 100,
            "gross_margin_4q_avg": -355.51,
            "net_income": -329173,
            "net_income_4q": null,
            "revenue": 217,
            "revenue_4q": null,
            "common_shares": 1881287,
            "book_valuer_per_share": 29.71,
            "book_valuer_per_share_4q_avg": 27.6,
            "equity": 5695606,
            "current_ratio": 7415.37,
            "debt_ratio": 4.55,
            "inventory_turnover_ratio": null,
            "account_receivable_turnover_ratio": 0.24,
            "reinvestment_rate": null,
            "research_to_sale_ratio": 131347.47,
            "price_fair": 0,
            "eps_avg_yearly": 0,
            "eps_latest_yearly": 0,
            "eps_growth_yearly": 0
        },
        "20194": {
            "year_quarter": 20194,
            "year": 2019,
            "quarter": 4,
            "eps": -2.71,
            "eps_growth_year": null,
            "eps_4q": -7.48,
            "eps_4q_growth_year": null,
            "roe": -9.54,
            "roe_4q": -27.35,
            "gross_profit": 305,
            "gross_margin": 100,
            "gross_margin_4q_avg": 100,
            "net_income": -519664,
            "net_income_4q": null,
            "revenue": 305,
            "revenue_4q": null,
            "common_shares": 1881287,
            "book_valuer_per_share": 27.13,
            "book_valuer_per_share_4q_avg": 28.11,
            "equity": 5204021,
            "current_ratio": 2352.94,
            "debt_ratio": 8.11,
            "inventory_turnover_ratio": null,
            "account_receivable_turnover_ratio": 0.43,
            "reinvestment_rate": null,
            "research_to_sale_ratio": 124416.07,
            "price_fair": 0,
            "eps_avg_yearly": 0,
            "eps_latest_yearly": 0,
            "eps_growth_yearly": 0
        },
        "20201": {
            "year_quarter": 20201,
            "year": 2020,
            "quarter": 1,
            "eps": -1.67,
            "eps_growth_year": null,
            "eps_4q": -8.01,
            "eps_4q_growth_year": null,
            "roe": -6.39,
            "roe_4q": -28.71,
            "gross_profit": 279,
            "gross_margin": 100,
            "gross_margin_4q_avg": 100,
            "net_income": -322577,
            "net_income_4q": null,
            "revenue": 279,
            "revenue_4q": null,
            "common_shares": 1882287,
            "book_valuer_per_share": 25.55,
            "book_valuer_per_share_4q_avg": 28.46,
            "equity": 4899831,
            "current_ratio": 3801.45,
            "debt_ratio": 7,
            "inventory_turnover_ratio": null,
            "account_receivable_turnover_ratio": 0.28,
            "reinvestment_rate": null,
            "research_to_sale_ratio": 112958.06,
            "price_fair": 0,
            "eps_avg_yearly": 0,
            "eps_latest_yearly": 0,
            "eps_growth_yearly": 0
        },
        "20202": {
            "year_quarter": 20202,
            "year": 2020,
            "quarter": 2,
            "eps": -1.67,
            "eps_growth_year": null,
            "eps_4q": -7.76,
            "eps_4q_growth_year": null,
            "roe": -6.33,
            "roe_4q": -27.869999999999997,
            "gross_profit": 60187,
            "gross_margin": 100,
            "gross_margin_4q_avg": 100,
            "net_income": -305722,
            "net_income_4q": null,
            "revenue": 60187,
            "revenue_4q": null,
            "common_shares": 1882287,
            "book_valuer_per_share": 23.98,
            "book_valuer_per_share_4q_avg": 26.59,
            "equity": 4764539,
            "current_ratio": 3478.7,
            "debt_ratio": 7.06,
            "inventory_turnover_ratio": null,
            "account_receivable_turnover_ratio": 70.48,
            "reinvestment_rate": null,
            "research_to_sale_ratio": 463.22,
            "price_fair": 0,
            "eps_avg_yearly": 0,
            "eps_latest_yearly": 0,
            "eps_growth_yearly": 0
        },
        "20203": {
            "year_quarter": 20203,
            "year": 2020,
            "quarter": 3,
            "eps": -2.02,
            "eps_growth_year": null,
            "eps_4q": -8.06,
            "eps_4q_growth_year": null,
            "roe": -8.44,
            "roe_4q": -30.7,
            "gross_profit": 554,
            "gross_margin": 100,
            "gross_margin_4q_avg": 100,
            "net_income": -392241,
            "net_income_4q": null,
            "revenue": 554,
            "revenue_4q": null,
            "common_shares": 1885862,
            "book_valuer_per_share": 22.05,
            "book_valuer_per_share_4q_avg": 24.68,
            "equity": 4531464,
            "current_ratio": 2272.04,
            "debt_ratio": 7.1,
            "inventory_turnover_ratio": null,
            "account_receivable_turnover_ratio": 0.67,
            "reinvestment_rate": null,
            "research_to_sale_ratio": 53194.95,
            "price_fair": 0,
            "eps_avg_yearly": 0,
            "eps_latest_yearly": 0,
            "eps_growth_yearly": 0
        },
        "20204": {
            "year_quarter": 20204,
            "year": 2020,
            "quarter": 4,
            "eps": -1.86,
            "eps_growth_year": null,
            "eps_4q": -6.93,
            "eps_4q_growth_year": null,
            "roe": -10.02,
            "roe_4q": -31.18,
            "gross_profit": 73397,
            "gross_margin": 91.9,
            "gross_margin_4q_avg": 97.98,
            "net_income": -469357,
            "net_income_4q": null,
            "revenue": 79866,
            "revenue_4q": null,
            "common_shares": 1992794,
            "book_valuer_per_share": 21.26,
            "book_valuer_per_share_4q_avg": 23.21,
            "equity": 4837759,
            "current_ratio": 1567.4,
            "debt_ratio": 9.4,
            "inventory_turnover_ratio": 0.88,
            "account_receivable_turnover_ratio": 62.99,
            "reinvestment_rate": null,
            "research_to_sale_ratio": 527.42,
            "price_fair": 0,
            "eps_avg_yearly": 0,
            "eps_latest_yearly": 0,
            "eps_growth_yearly": 0
        },
        "20211": {
            "year_quarter": 20211,
            "year": 2021,
            "quarter": 1,
            "eps": -1.16,
            "eps_growth_year": null,
            "eps_4q": -6.51,
            "eps_4q_growth_year": null,
            "roe": -5.19,
            "roe_4q": -29.979999999999997,
            "gross_profit": -7068,
            "gross_margin": -158.48,
            "gross_margin_4q_avg": 33.36,
            "net_income": -259923,
            "net_income_4q": null,
            "revenue": 4460,
            "revenue_4q": null,
            "common_shares": 1992794,
            "book_valuer_per_share": 20.29,
            "book_valuer_per_share_4q_avg": 21.9,
            "equity": 5183588,
            "current_ratio": 2812.89,
            "debt_ratio": 7.03,
            "inventory_turnover_ratio": 1.49,
            "account_receivable_turnover_ratio": 2.63,
            "reinvestment_rate": null,
            "research_to_sale_ratio": 4802.58,
            "price_fair": 0,
            "eps_avg_yearly": 0,
            "eps_latest_yearly": 0,
            "eps_growth_yearly": 0
        },
        "20212": {
            "year_quarter": 20212,
            "year": 2021,
            "quarter": 2,
            "eps": -2.09,
            "eps_growth_year": null,
            "eps_4q": -7.02,
            "eps_4q_growth_year": null,
            "roe": -9.31,
            "roe_4q": -32.96,
            "gross_profit": -3379,
            "gross_margin": -37.48,
            "gross_margin_4q_avg": -1.01,
            "net_income": -466100,
            "net_income_4q": null,
            "revenue": 9016,
            "revenue_4q": null,
            "common_shares": 1992794,
            "book_valuer_per_share": 17.96,
            "book_valuer_per_share_4q_avg": 20.39,
            "equity": 4833191,
            "current_ratio": 3562.71,
            "debt_ratio": 7.46,
            "inventory_turnover_ratio": 1.42,
            "account_receivable_turnover_ratio": 1.8,
            "reinvestment_rate": null,
            "research_to_sale_ratio": 3978.69,
            "price_fair": 0,
            "eps_avg_yearly": 0,
            "eps_latest_yearly": 0,
            "eps_growth_yearly": 0
        },
        "20213": {
            "year_quarter": 20213,
            "year": 2021,
            "quarter": 3,
            "eps": -1.64,
            "eps_growth_year": null,
            "eps_4q": -6.74,
            "eps_4q_growth_year": null,
            "roe": -8.02,
            "roe_4q": -32.54,
            "gross_profit": -2770,
            "gross_margin": -99.43,
            "gross_margin_4q_avg": -50.87,
            "net_income": -372697,
            "net_income_4q": null,
            "revenue": 2786,
            "revenue_4q": null,
            "common_shares": 1992794,
            "book_valuer_per_share": 16.35,
            "book_valuer_per_share_4q_avg": 18.97,
            "equity": 4466792,
            "current_ratio": 2843.07,
            "debt_ratio": 8.63,
            "inventory_turnover_ratio": 0.68,
            "account_receivable_turnover_ratio": 0.6,
            "reinvestment_rate": null,
            "research_to_sale_ratio": 11816.26,
            "price_fair": 0,
            "eps_avg_yearly": 0,
            "eps_latest_yearly": 0,
            "eps_growth_yearly": 0
        },
        "20214": {
            "year_quarter": 20214,
            "year": 2021,
            "quarter": 4,
            "eps": -2.81,
            "eps_growth_year": null,
            "eps_4q": -7.69,
            "eps_4q_growth_year": null,
            "roe": -14.85,
            "roe_4q": -37.37,
            "gross_profit": -12373,
            "gross_margin": -492.95,
            "gross_margin_4q_avg": -197.09,
            "net_income": -619170,
            "net_income_4q": null,
            "revenue": 2510,
            "revenue_4q": null,
            "common_shares": 1992794,
            "book_valuer_per_share": 13.65,
            "book_valuer_per_share_4q_avg": 17.06,
            "equity": 3870803,
            "current_ratio": 872.23,
            "debt_ratio": 13.73,
            "inventory_turnover_ratio": 1.79,
            "account_receivable_turnover_ratio": 1.09,
            "reinvestment_rate": null,
            "research_to_sale_ratio": 21812.07,
            "price_fair": 0,
            "eps_avg_yearly": 0,
            "eps_latest_yearly": 0,
            "eps_growth_yearly": 0
        },
        "20221": {
            "year_quarter": 20221,
            "year": 2022,
            "quarter": 1,
            "eps": -1.52,
            "eps_growth_year": null,
            "eps_4q": -7.01,
            "eps_4q_growth_year": null,
            "roe": -7.09,
            "roe_4q": -39.269999999999996,
            "gross_profit": -11665,
            "gross_margin": -925.06,
            "gross_margin_4q_avg": -388.73,
            "net_income": -375144,
            "net_income_4q": null,
            "revenue": 1261,
            "revenue_4q": null,
            "common_shares": 2292794,
            "book_valuer_per_share": 24.49,
            "book_valuer_per_share_4q_avg": 18.11,
            "equity": 6708701,
            "current_ratio": 2709.46,
            "debt_ratio": 7.21,
            "inventory_turnover_ratio": 1.49,
            "account_receivable_turnover_ratio": 0.63,
            "reinvestment_rate": null,
            "research_to_sale_ratio": 24743.85,
            "price_fair": 0,
            "eps_avg_yearly": 0,
            "eps_latest_yearly": 0,
            "eps_growth_yearly": 0
        },
        "20222": {
            "year_quarter": 20222,
            "year": 2022,
            "quarter": 2,
            "eps": -1.5,
            "eps_growth_year": null,
            "eps_4q": -6.69,
            "eps_4q_growth_year": null,
            "roe": -6.32,
            "roe_4q": -36.28,
            "gross_profit": -12152,
            "gross_margin": -650.54,
            "gross_margin_4q_avg": -542,
            "net_income": -412015,
            "net_income_4q": null,
            "revenue": 1868,
            "revenue_4q": null,
            "common_shares": 2292794,
            "book_valuer_per_share": 23.09,
            "book_valuer_per_share_4q_avg": 19.4,
            "equity": 6325383,
            "current_ratio": 3256.51,
            "debt_ratio": 6.76,
            "inventory_turnover_ratio": 1.02,
            "account_receivable_turnover_ratio": 1.32,
            "reinvestment_rate": null,
            "research_to_sale_ratio": 20791.92,
            "price_fair": 0,
            "eps_avg_yearly": 0,
            "eps_latest_yearly": 0,
            "eps_growth_yearly": 0
        },
        "20223": {
            "year_quarter": 20223,
            "year": 2022,
            "quarter": 3,
            "eps": -1.7,
            "eps_growth_year": null,
            "eps_4q": -6.97,
            "eps_4q_growth_year": null,
            "roe": -7.03,
            "roe_4q": -35.29,
            "gross_profit": -8146,
            "gross_margin": -757.77,
            "gross_margin_4q_avg": -706.58,
            "net_income": -453344,
            "net_income_4q": null,
            "revenue": 1075,
            "revenue_4q": null,
            "common_shares": 2292794,
            "book_valuer_per_share": 22.55,
            "book_valuer_per_share_4q_avg": 20.95,
            "equity": 6579877,
            "current_ratio": 3144.37,
            "debt_ratio": 6.57,
            "inventory_turnover_ratio": 0.43,
            "account_receivable_turnover_ratio": 0.56,
            "reinvestment_rate": null,
            "research_to_sale_ratio": 48272.37,
            "price_fair": 0,
            "eps_avg_yearly": 0,
            "eps_latest_yearly": 0,
            "eps_growth_yearly": 0
        },
        "20224": {
            "year_quarter": 20224,
            "year": 2022,
            "quarter": 4,
            "eps": -2.52,
            "eps_growth_year": null,
            "eps_4q": -7.04,
            "eps_4q_growth_year": null,
            "roe": -10.36,
            "roe_4q": -30.8,
            "gross_profit": -8181,
            "gross_margin": -1613.61,
            "gross_margin_4q_avg": -986.75,
            "net_income": -658821,
            "net_income_4q": null,
            "revenue": 507,
            "revenue_4q": null,
            "common_shares": 2294394,
            "book_valuer_per_share": 20.22,
            "book_valuer_per_share_4q_avg": 22.59,
            "equity": 6136133,
            "current_ratio": 2276.44,
            "debt_ratio": 7.5,
            "inventory_turnover_ratio": 0.38,
            "account_receivable_turnover_ratio": 0.28,
            "reinvestment_rate": null,
            "research_to_sale_ratio": 109174.56,
            "price_fair": 0,
            "eps_avg_yearly": 0,
            "eps_latest_yearly": 0,
            "eps_growth_yearly": 0
        },
        "20231": {
            "year_quarter": 20231,
            "year": 2023,
            "quarter": 1,
            "eps": -1.59,
            "eps_growth_year": null,
            "eps_4q": -7.29,
            "eps_4q_growth_year": null,
            "roe": -6.73,
            "roe_4q": -30.44,
            "gross_profit": -19228,
            "gross_margin": -1076.6,
            "gross_margin_4q_avg": -1024.63,
            "net_income": -421805,
            "net_income_4q": null,
            "revenue": 1786,
            "revenue_4q": null,
            "common_shares": 2294394,
            "book_valuer_per_share": 19.34,
            "book_valuer_per_share_4q_avg": 21.3,
            "equity": 6406490,
            "current_ratio": 3682.6,
            "debt_ratio": 6,
            "inventory_turnover_ratio": 0.92,
            "account_receivable_turnover_ratio": 0.67,
            "reinvestment_rate": null,
            "research_to_sale_ratio": 18945.63,
            "price_fair": 0,
            "eps_avg_yearly": 0,
            "eps_latest_yearly": 0,
            "eps_growth_yearly": 0
        },
        "20232": {
            "year_quarter": 20232,
            "year": 2023,
            "quarter": 2,
            "eps": 1.79,
            "eps_growth_year": null,
            "eps_4q": -4.01,
            "eps_4q_growth_year": null,
            "roe": 5.37,
            "roe_4q": -18.75,
            "gross_profit": -18600,
            "gross_margin": -188.49,
            "gross_margin_4q_avg": -909.12,
            "net_income": 335271,
            "net_income_4q": null,
            "revenue": 9868,
            "revenue_4q": null,
            "common_shares": 2294394,
            "book_valuer_per_share": 21.25,
            "book_valuer_per_share_4q_avg": 20.84,
            "equity": 6077310,
            "current_ratio": 3463.88,
            "debt_ratio": 5.15,
            "inventory_turnover_ratio": 1.14,
            "account_receivable_turnover_ratio": 1.68,
            "reinvestment_rate": null,
            "research_to_sale_ratio": 4607.85,
            "price_fair": 0,
            "eps_avg_yearly": 0,
            "eps_latest_yearly": 0,
            "eps_growth_yearly": 0
        }
    },
    "months": {
        "2012-12": {
            "month": "2012-12",
            "price": "98.98",
            "revenue": 0
        },
        "2013-01": {
            "month": "2013-01",
            "price": "109.85",
            "revenue": 0
        },
        "2013-02": {
            "month": "2013-02",
            "price": "159.98",
            "revenue": 0
        },
        "2013-03": {
            "month": "2013-03",
            "price": "174.01",
            "revenue": 0
        },
        "2013-04": {
            "month": "2013-04",
            "price": "175.54",
            "revenue": 0
        },
        "2013-05": {
            "month": "2013-05",
            "price": "175.87",
            "revenue": 0
        },
        "2013-06": {
            "month": "2013-06",
            "price": "170.92",
            "revenue": 0
        },
        "2013-07": {
            "month": "2013-07",
            "price": "172.03",
            "revenue": 0
        },
        "2013-08": {
            "month": "2013-08",
            "price": "167.52",
            "revenue": 0
        },
        "2013-09": {
            "month": "2013-09",
            "price": "167.27",
            "revenue": 0
        },
        "2013-10": {
            "month": "2013-10",
            "price": "209.54",
            "revenue": 0
        },
        "2013-11": {
            "month": "2013-11",
            "price": "255.30",
            "revenue": 0
        },
        "2013-12": {
            "month": "2013-12",
            "price": "235.47",
            "revenue": 0
        },
        "2014-01": {
            "month": "2014-01",
            "price": "208.52",
            "revenue": 0
        },
        "2014-02": {
            "month": "2014-02",
            "price": "225.18",
            "revenue": 0
        },
        "2014-03": {
            "month": "2014-03",
            "price": "222.51",
            "revenue": 0
        },
        "2014-04": {
            "month": "2014-04",
            "price": "210.99",
            "revenue": 0
        },
        "2014-05": {
            "month": "2014-05",
            "price": "285.08",
            "revenue": 0
        },
        "2014-06": {
            "month": "2014-06",
            "price": "322.47",
            "revenue": 0
        },
        "2014-07": {
            "month": "2014-07",
            "price": "325.14",
            "revenue": 0
        },
        "2014-08": {
            "month": "2014-08",
            "price": "319.14",
            "revenue": 0
        },
        "2014-09": {
            "month": "2014-09",
            "price": "362.80",
            "revenue": 0
        },
        "2014-10": {
            "month": "2014-10",
            "price": "418.72",
            "revenue": 0
        },
        "2014-11": {
            "month": "2014-11",
            "price": "391.20",
            "revenue": 0
        },
        "2014-12": {
            "month": "2014-12",
            "price": "372.36",
            "revenue": 0
        },
        "2015-01": {
            "month": "2015-01",
            "price": "360.98",
            "revenue": 0
        },
        "2015-02": {
            "month": "2015-02",
            "price": "368.47",
            "revenue": 0
        },
        "2015-03": {
            "month": "2015-03",
            "price": "341.00",
            "revenue": 0
        },
        "2015-04": {
            "month": "2015-04",
            "price": "329.52",
            "revenue": 0
        },
        "2015-05": {
            "month": "2015-05",
            "price": "326.38",
            "revenue": 0
        },
        "2015-06": {
            "month": "2015-06",
            "price": "303.93",
            "revenue": 0
        },
        "2015-07": {
            "month": "2015-07",
            "price": "303.36",
            "revenue": 0
        },
        "2015-08": {
            "month": "2015-08",
            "price": "284.57",
            "revenue": 0
        },
        "2015-09": {
            "month": "2015-09",
            "price": "334.05",
            "revenue": 0
        },
        "2015-10": {
            "month": "2015-10",
            "price": "388.76",
            "revenue": 0
        },
        "2015-11": {
            "month": "2015-11",
            "price": "499.79",
            "revenue": 0
        },
        "2015-12": {
            "month": "2015-12",
            "price": "695.57",
            "revenue": 0
        },
        "2016-01": {
            "month": "2016-01",
            "price": "600.00",
            "revenue": 0
        },
        "2016-02": {
            "month": "2016-02",
            "price": "595.73",
            "revenue": 0
        },
        "2016-03": {
            "month": "2016-03",
            "price": "426.16",
            "revenue": 0
        },
        "2016-04": {
            "month": "2016-04",
            "price": "394.42",
            "revenue": 0
        },
        "2016-05": {
            "month": "2016-05",
            "price": "438.62",
            "revenue": 92386
        },
        "2016-06": {
            "month": "2016-06",
            "price": "529.07",
            "revenue": 0
        },
        "2016-07": {
            "month": "2016-07",
            "price": "487.58",
            "revenue": 0
        },
        "2016-08": {
            "month": "2016-08",
            "price": "466.80",
            "revenue": 0
        },
        "2016-09": {
            "month": "2016-09",
            "price": "394.42",
            "revenue": 0
        },
        "2016-10": {
            "month": "2016-10",
            "price": "348.25",
            "revenue": 0
        },
        "2016-11": {
            "month": "2016-11",
            "price": "283.30",
            "revenue": 36
        },
        "2016-12": {
            "month": "2016-12",
            "price": "260.07",
            "revenue": 0
        },
        "2017-01": {
            "month": "2017-01",
            "price": "282.97",
            "revenue": 0
        },
        "2017-02": {
            "month": "2017-02",
            "price": "307.36",
            "revenue": 0
        },
        "2017-03": {
            "month": "2017-03",
            "price": "317.02",
            "revenue": 0
        },
        "2017-04": {
            "month": "2017-04",
            "price": "270.08",
            "revenue": 0
        },
        "2017-05": {
            "month": "2017-05",
            "price": "264.38",
            "revenue": 366
        },
        "2017-06": {
            "month": "2017-06",
            "price": "254.59",
            "revenue": 0
        },
        "2017-07": {
            "month": "2017-07",
            "price": "221.00",
            "revenue": 0
        },
        "2017-08": {
            "month": "2017-08",
            "price": "191.15",
            "revenue": 0
        },
        "2017-09": {
            "month": "2017-09",
            "price": "187.05",
            "revenue": 0
        },
        "2017-10": {
            "month": "2017-10",
            "price": "161.55",
            "revenue": 0
        },
        "2017-11": {
            "month": "2017-11",
            "price": "162.48",
            "revenue": 10
        },
        "2017-12": {
            "month": "2017-12",
            "price": "145.55",
            "revenue": 0
        },
        "2018-01": {
            "month": "2018-01",
            "price": "169.59",
            "revenue": 7358
        },
        "2018-02": {
            "month": "2018-02",
            "price": "168.96",
            "revenue": 344
        },
        "2018-03": {
            "month": "2018-03",
            "price": "176.37",
            "revenue": 4650
        },
        "2018-04": {
            "month": "2018-04",
            "price": "177.22",
            "revenue": 238
        },
        "2018-05": {
            "month": "2018-05",
            "price": "160.02",
            "revenue": 0
        },
        "2018-06": {
            "month": "2018-06",
            "price": "160.88",
            "revenue": 157
        },
        "2018-07": {
            "month": "2018-07",
            "price": "155.80",
            "revenue": 0
        },
        "2018-08": {
            "month": "2018-08",
            "price": "146.15",
            "revenue": 0
        },
        "2018-09": {
            "month": "2018-09",
            "price": "137.13",
            "revenue": 315
        },
        "2018-10": {
            "month": "2018-10",
            "price": "134.32",
            "revenue": 0
        },
        "2018-11": {
            "month": "2018-11",
            "price": "126.77",
            "revenue": 0
        },
        "2018-12": {
            "month": "2018-12",
            "price": "142.76",
            "revenue": 277
        },
        "2019-01": {
            "month": "2019-01",
            "price": "165.79",
            "revenue": 0
        },
        "2019-02": {
            "month": "2019-02",
            "price": "183.27",
            "revenue": 0
        },
        "2019-03": {
            "month": "2019-03",
            "price": "167.90",
            "revenue": 214
        },
        "2019-04": {
            "month": "2019-04",
            "price": "160.60",
            "revenue": 0
        },
        "2019-05": {
            "month": "2019-05",
            "price": "144.61",
            "revenue": 0
        },
        "2019-06": {
            "month": "2019-06",
            "price": "152.08",
            "revenue": 136
        },
        "2019-07": {
            "month": "2019-07",
            "price": "160.87",
            "revenue": 0
        },
        "2019-08": {
            "month": "2019-08",
            "price": "142.83",
            "revenue": 0
        },
        "2019-09": {
            "month": "2019-09",
            "price": "143.61",
            "revenue": 217
        },
        "2019-10": {
            "month": "2019-10",
            "price": "138.10",
            "revenue": 0
        },
        "2019-11": {
            "month": "2019-11",
            "price": "132.38",
            "revenue": 0
        },
        "2019-12": {
            "month": "2019-12",
            "price": "132.98",
            "revenue": 305
        },
        "2020-01": {
            "month": "2020-01",
            "price": "128.07",
            "revenue": 0
        },
        "2020-02": {
            "month": "2020-02",
            "price": "120.68",
            "revenue": 0
        },
        "2020-03": {
            "month": "2020-03",
            "price": "83.38",
            "revenue": 279
        },
        "2020-04": {
            "month": "2020-04",
            "price": "87.70",
            "revenue": 59920
        },
        "2020-05": {
            "month": "2020-05",
            "price": "103.52",
            "revenue": 0
        },
        "2020-06": {
            "month": "2020-06",
            "price": "115.52",
            "revenue": 267
        },
        "2020-07": {
            "month": "2020-07",
            "price": "123.61",
            "revenue": 0
        },
        "2020-08": {
            "month": "2020-08",
            "price": "116.69",
            "revenue": 0
        },
        "2020-09": {
            "month": "2020-09",
            "price": "113.98",
            "revenue": 554
        },
        "2020-10": {
            "month": "2020-10",
            "price": "114.11",
            "revenue": 0
        },
        "2020-11": {
            "month": "2020-11",
            "price": "113.57",
            "revenue": 77640
        },
        "2020-12": {
            "month": "2020-12",
            "price": "126.96",
            "revenue": 389
        },
        "2021-01": {
            "month": "2021-01",
            "price": "122.08",
            "revenue": 4129
        },
        "2021-02": {
            "month": "2021-02",
            "price": "122.54",
            "revenue": 13
        },
        "2021-03": {
            "month": "2021-03",
            "price": "149.23",
            "revenue": 318
        },
        "2021-04": {
            "month": "2021-04",
            "price": "137.05",
            "revenue": 530
        },
        "2021-05": {
            "month": "2021-05",
            "price": "118.10",
            "revenue": 7672
        },
        "2021-06": {
            "month": "2021-06",
            "price": "116.64",
            "revenue": 814
        },
        "2021-07": {
            "month": "2021-07",
            "price": "110.11",
            "revenue": 1661
        },
        "2021-08": {
            "month": "2021-08",
            "price": "102.34",
            "revenue": 686
        },
        "2021-09": {
            "month": "2021-09",
            "price": "105.62",
            "revenue": 439
        },
        "2021-10": {
            "month": "2021-10",
            "price": "103.03",
            "revenue": 1690
        },
        "2021-11": {
            "month": "2021-11",
            "price": "106.84",
            "revenue": 110
        },
        "2021-12": {
            "month": "2021-12",
            "price": "114.16",
            "revenue": 710
        },
        "2022-01": {
            "month": "2022-01",
            "price": "109.78",
            "revenue": 0
        },
        "2022-02": {
            "month": "2022-02",
            "price": "121.97",
            "revenue": 706
        },
        "2022-03": {
            "month": "2022-03",
            "price": "110.67",
            "revenue": 555
        },
        "2022-04": {
            "month": "2022-04",
            "price": "108.47",
            "revenue": 84
        },
        "2022-05": {
            "month": "2022-05",
            "price": "111.79",
            "revenue": 1280
        },
        "2022-06": {
            "month": "2022-06",
            "price": "108.19",
            "revenue": 504
        },
        "2022-07": {
            "month": "2022-07",
            "price": "83.51",
            "revenue": 525
        },
        "2022-08": {
            "month": "2022-08",
            "price": "81.58",
            "revenue": 49
        },
        "2022-09": {
            "month": "2022-09",
            "price": "79.35",
            "revenue": 502
        },
        "2022-10": {
            "month": "2022-10",
            "price": "70.03",
            "revenue": 0
        },
        "2022-11": {
            "month": "2022-11",
            "price": "72.15",
            "revenue": 0
        },
        "2022-12": {
            "month": "2022-12",
            "price": "73.95",
            "revenue": 508
        },
        "2023-01": {
            "month": "2023-01",
            "price": "69.48",
            "revenue": 56
        },
        "2023-02": {
            "month": "2023-02",
            "price": "78.01",
            "revenue": 72
        },
        "2023-03": {
            "month": "2023-03",
            "price": "80.36",
            "revenue": 1658
        },
        "2023-04": {
            "month": "2023-04",
            "price": "85.96",
            "revenue": 109
        },
        "2023-05": {
            "month": "2023-05",
            "price": "84.88",
            "revenue": 1800
        },
        "2023-06": {
            "month": "2023-06",
            "price": "89.48",
            "revenue": 7959
        },
        "2023-07": {
            "month": "2023-07",
            "price": "91.90",
            "revenue": 3142
        },
        "2023-08": {
            "month": "2023-08",
            "price": "84.49",
            "revenue": 2970
        },
        "2023-09": {
            "month": "2023-09",
            "price": "81.90",
            "revenue": 5364
        }
    }
}
