{
    "summary": {
        "stock_name": "昇華",
        "stock_id": "4806",
        "category": "文化創意",
        "main_business": "電視劇製作<br>電視劇編劇<br>藝人經紀",
        "website_url": "http://www.shec.com.tw/",
        "ceo": "王貴戊",
        "pe_ratio": -2,
        "report_year_from": 2012,
        "report_year_to": 2022,
        "age": 11,
        "eps_negative_percentage": 75,
        "eps_growth_avg": {
            "last_all": -67.65,
            "last_2y": null,
            "last_4y": null,
            "last_8y": null,
            "last_12y": null,
            "last_16y": null,
            "last_20y": null,
            "at_2006_last_3y": null,
            "at_2007_last_3y": null,
            "at_2008_last_3y": null,
            "at_2009_last_3y": null,
            "at_2010_last_3y": null,
            "at_2011_last_3y": null,
            "at_2012_last_3y": null,
            "at_2013_last_3y": null,
            "at_2014_last_3y": null,
            "at_2015_last_3y": null,
            "at_2016_last_3y": null,
            "at_2017_last_3y": null,
            "at_2018_last_3y": null,
            "at_2019_last_3y": -67.65,
            "at_2020_last_3y": -100,
            "at_2021_last_3y": null,
            "at_2022_last_3y": null,
            "at_2023_last_3y": null,
            "at_2006_last_all": null,
            "at_2007_last_all": null,
            "at_2008_last_all": null,
            "at_2009_last_all": null,
            "at_2010_last_all": null,
            "at_2011_last_all": null,
            "at_2012_last_all": null,
            "at_2013_last_all": null,
            "at_2014_last_all": null,
            "at_2015_last_all": null,
            "at_2016_last_all": null,
            "at_2017_last_all": -67.65,
            "at_2018_last_all": -67.65,
            "at_2019_last_all": -67.65,
            "at_2020_last_all": -67.65,
            "at_2021_last_all": -67.65,
            "at_2022_last_all": -67.65,
            "at_2023_last_all": -67.65
        },
        "latest_eps": -2.53,
        "latest_price": 5.58,
        "latest_roe": -73.99,
        "latest_gross_margin": -682.63,
        "latest_equity": 160119,
        "latest_revenue": 403,
        "latest_gross_profit": -2751,
        "latest_net_income": -21638,
        "latest_debt_ratio": 63.47,
        "latest_current_ratio": 140.98,
        "latest_account_receivable_turnover_ratio": 1.61,
        "latest_inventory_turnover_ratio": 0.94,
        "latest_reinvestment_rate": null,
        "latest_research_to_sale_ratio": null
    },
    "eps_dividends": {
        "2001": {
            "cash": 0,
            "stock": 0,
            "eps": 0
        },
        "2002": {
            "cash": 0,
            "stock": 0,
            "eps": 0
        },
        "2003": {
            "cash": 0,
            "stock": 0,
            "eps": 0
        },
        "2004": {
            "cash": 0,
            "stock": 0,
            "eps": 0
        },
        "2005": {
            "cash": 0,
            "stock": 0,
            "eps": 0
        },
        "2006": {
            "cash": 0,
            "stock": 0,
            "eps": 0
        },
        "2007": {
            "cash": 0,
            "stock": 0,
            "eps": 0
        },
        "2008": {
            "cash": 0,
            "stock": 0,
            "eps": 0
        },
        "2009": {
            "cash": 0,
            "stock": 0,
            "eps": 0
        },
        "2010": {
            "cash": 0,
            "stock": 0,
            "eps": 0
        },
        "2011": {
            "cash": 0,
            "stock": 0,
            "eps": 0
        },
        "2012": {
            "cash": 0,
            "stock": 0,
            "eps": 0
        },
        "2013": {
            "cash": 0,
            "stock": 0,
            "eps": 0
        },
        "2014": {
            "cash": 0,
            "stock": 0,
            "eps": 0
        },
        "2015": {
            "cash": 2,
            "stock": 0,
            "eps": 1.7
        },
        "2016": {
            "cash": 2,
            "stock": 0,
            "eps": 1.1
        },
        "2017": {
            "cash": 0,
            "stock": 2,
            "eps": -11.31
        },
        "2018": {
            "cash": 0,
            "stock": 0,
            "eps": -1.96
        },
        "2019": {
            "cash": 0,
            "stock": 0,
            "eps": -3.67
        },
        "2020": {
            "cash": 0,
            "stock": 0,
            "eps": -2.78
        },
        "2021": {
            "cash": 0,
            "stock": 0,
            "eps": -4
        },
        "2022": {
            "cash": 0,
            "stock": 0,
            "eps": -1.13
        }
    },
    "dividends": {
        "2015-06-29": {
            "cash": 2,
            "stock": 0
        },
        "2016-08-02": {
            "cash": 1.5,
            "stock": 0
        },
        "2017-08-08": {
            "cash": 0.2,
            "stock": 1.8
        }
    },
    "prices": {
        "200101": "無",
        "200102": "無",
        "200103": "無",
        "200104": "無",
        "200105": "無",
        "200106": "無",
        "200107": "無",
        "200108": "無",
        "200109": "無",
        "200110": "無",
        "200111": "無",
        "200112": "無",
        "200201": "無",
        "200202": "無",
        "200203": "無",
        "200204": "無",
        "200205": "無",
        "200206": "無",
        "200207": "無",
        "200208": "無",
        "200209": "無",
        "200210": "無",
        "200211": "無",
        "200212": "無",
        "200301": "無",
        "200302": "無",
        "200303": "無",
        "200304": "無",
        "200305": "無",
        "200306": "無",
        "200307": "無",
        "200308": "無",
        "200309": "無",
        "200310": "無",
        "200311": "無",
        "200312": "無",
        "200401": "無",
        "200402": "無",
        "200403": "無",
        "200404": "無",
        "200405": "無",
        "200406": "無",
        "200407": "無",
        "200408": "無",
        "200409": "無",
        "200410": "無",
        "200411": "無",
        "200412": "無",
        "200501": "無",
        "200502": "無",
        "200503": "無",
        "200504": "無",
        "200505": "無",
        "200506": "無",
        "200507": "無",
        "200508": "無",
        "200509": "無",
        "200510": "無",
        "200511": "無",
        "200512": "無",
        "200601": "無",
        "200602": "無",
        "200603": "無",
        "200604": "無",
        "200605": "無",
        "200606": "無",
        "200607": "無",
        "200608": "無",
        "200609": "無",
        "200610": "無",
        "200611": "無",
        "200612": "無",
        "200701": "無",
        "200702": "無",
        "200703": "無",
        "200704": "無",
        "200705": "無",
        "200706": "無",
        "200707": "無",
        "200708": "無",
        "200709": "無",
        "200710": "無",
        "200711": "無",
        "200712": "無",
        "200801": "無",
        "200802": "無",
        "200803": "無",
        "200804": "無",
        "200805": "無",
        "200806": "無",
        "200807": "無",
        "200808": "無",
        "200809": "無",
        "200810": "無",
        "200811": "無",
        "200812": "無",
        "200901": "無",
        "200902": "無",
        "200903": "無",
        "200904": "無",
        "200905": "無",
        "200906": "無",
        "200907": "無",
        "200908": "無",
        "200909": "無",
        "200910": "無",
        "200911": "無",
        "200912": "無",
        "201001": "無",
        "201002": "無",
        "201003": "無",
        "201004": "無",
        "201005": "無",
        "201006": "無",
        "201007": "無",
        "201008": "無",
        "201009": "無",
        "201010": "無",
        "201011": "無",
        "201012": "無",
        "201101": "無",
        "201102": "無",
        "201103": "無",
        "201104": "無",
        "201105": "無",
        "201106": "無",
        "201107": "無",
        "201108": "無",
        "201109": "無",
        "201110": "無",
        "201111": "無",
        "201112": "無",
        "201201": "無",
        "201202": "無",
        "201203": "無",
        "201204": "無",
        "201205": "無",
        "201206": "無",
        "201207": "無",
        "201208": "無",
        "201209": "無",
        "201210": "無",
        "201211": "無",
        "201212": "無",
        "201301": "無",
        "201302": "無",
        "201303": "無",
        "201304": "無",
        "201305": "無",
        "201306": "無",
        "201307": "無",
        "201308": "無",
        "201309": "無",
        "201310": "無",
        "201311": "無",
        "201312": "無",
        "201401": "無",
        "201402": "無",
        "201403": "無",
        "201404": "無",
        "201405": "無",
        "201406": "無",
        "201407": "無",
        "201408": "無",
        "201409": "無",
        "201410": "無",
        "201411": "無",
        "201412": "97.75",
        "201501": "91.31",
        "201502": "94.42",
        "201503": "89.47",
        "201504": "102.90",
        "201505": "103.20",
        "201506": "110.89",
        "201507": "125.15",
        "201508": "125.39",
        "201509": "116.48",
        "201510": "120.81",
        "201511": "126.66",
        "201512": "140.56",
        "201601": "142.12",
        "201602": "146.46",
        "201603": "108.27",
        "201604": "93.77",
        "201605": "91.44",
        "201606": "83.06",
        "201607": "78.87",
        "201608": "76.89",
        "201609": "75.64",
        "201610": "75.60",
        "201611": "60.05",
        "201612": "61.76",
        "201701": "64.81",
        "201702": "61.92",
        "201703": "62.34",
        "201704": "63.06",
        "201705": "61.11",
        "201706": "53.90",
        "201707": "74.26",
        "201708": "62.73",
        "201709": "61.50",
        "201710": "59.22",
        "201711": "57.39",
        "201712": "43.76",
        "201801": "41.46",
        "201802": "40.01",
        "201803": "43.65",
        "201804": "45.01",
        "201805": "29.86",
        "201806": "15.26",
        "201807": "15.35",
        "201808": "17.65",
        "201809": "14.44",
        "201810": "13.57",
        "201811": "13.32",
        "201812": "12.86",
        "201901": "13.06",
        "201902": "14.36",
        "201903": "12.18",
        "201904": "11.84",
        "201905": "12.18",
        "201906": "12.13",
        "201907": "12.16",
        "201908": "11.99",
        "201909": "11.77",
        "201910": "10.03",
        "201911": "11.04",
        "201912": "10.40",
        "202001": "9.95",
        "202002": "9.46",
        "202003": "8.12",
        "202004": "7.55",
        "202005": "8.22",
        "202006": "8.71",
        "202007": "10.28",
        "202008": "9.26",
        "202009": "7.76",
        "202010": "7.38",
        "202011": "8.36",
        "202012": "10.29",
        "202101": "11.54",
        "202102": "11.62",
        "202103": "10.29",
        "202104": "9.61",
        "202105": "9.28",
        "202106": "9.87",
        "202107": "11.48",
        "202108": "10.98",
        "202109": "10.94",
        "202110": "10.26",
        "202111": "9.61",
        "202112": "9.97",
        "202201": "10.41",
        "202202": "10.44",
        "202203": "10.10",
        "202204": "10.79",
        "202205": "10.31",
        "202206": "9.84",
        "202207": "10.47",
        "202208": "10.25",
        "202209": "9.15",
        "202210": "8.74",
        "202211": "7.26",
        "202212": "6.12",
        "202301": "7.35",
        "202302": "7.65",
        "202303": "6.54",
        "202304": "5.89",
        "202305": "無"
    },
    "quarters": {
        "20011": {
            "year_quarter": 20011,
            "year": 2001,
            "quarter": 1,
            "eps": null,
            "eps_growth_year": null,
            "eps_4q": null,
            "eps_4q_growth_year": null,
            "roe": null,
            "roe_4q": 0,
            "gross_profit": null,
            "gross_margin": null,
            "gross_margin_4q_avg": 0,
            "net_income": null,
            "revenue": null,
            "common_shares": null,
            "book_valuer_per_share": null,
            "book_valuer_per_share_4q_avg": 0,
            "equity": null,
            "current_ratio": null,
            "debt_ratio": null,
            "inventory_turnover_ratio": null,
            "account_receivable_turnover_ratio": null,
            "reinvestment_rate": null,
            "research_to_sale_ratio": null,
            "price_fair": 0,
            "eps_avg_yearly": 0,
            "eps_latest_yearly": 0,
            "eps_growth_yearly": 0
        },
        "20012": {
            "year_quarter": 20012,
            "year": 2001,
            "quarter": 2,
            "eps": null,
            "eps_growth_year": null,
            "eps_4q": null,
            "eps_4q_growth_year": null,
            "roe": null,
            "roe_4q": 0,
            "gross_profit": null,
            "gross_margin": null,
            "gross_margin_4q_avg": 0,
            "net_income": null,
            "revenue": null,
            "common_shares": null,
            "book_valuer_per_share": null,
            "book_valuer_per_share_4q_avg": 0,
            "equity": null,
            "current_ratio": null,
            "debt_ratio": null,
            "inventory_turnover_ratio": null,
            "account_receivable_turnover_ratio": null,
            "reinvestment_rate": null,
            "research_to_sale_ratio": null,
            "price_fair": 0,
            "eps_avg_yearly": 0,
            "eps_latest_yearly": 0,
            "eps_growth_yearly": 0
        },
        "20013": {
            "year_quarter": 20013,
            "year": 2001,
            "quarter": 3,
            "eps": null,
            "eps_growth_year": null,
            "eps_4q": null,
            "eps_4q_growth_year": null,
            "roe": null,
            "roe_4q": 0,
            "gross_profit": null,
            "gross_margin": null,
            "gross_margin_4q_avg": 0,
            "net_income": null,
            "revenue": null,
            "common_shares": null,
            "book_valuer_per_share": null,
            "book_valuer_per_share_4q_avg": 0,
            "equity": null,
            "current_ratio": null,
            "debt_ratio": null,
            "inventory_turnover_ratio": null,
            "account_receivable_turnover_ratio": null,
            "reinvestment_rate": null,
            "research_to_sale_ratio": null,
            "price_fair": 0,
            "eps_avg_yearly": 0,
            "eps_latest_yearly": 0,
            "eps_growth_yearly": 0
        },
        "20014": {
            "year_quarter": 20014,
            "year": 2001,
            "quarter": 4,
            "eps": null,
            "eps_growth_year": null,
            "eps_4q": null,
            "eps_4q_growth_year": null,
            "roe": null,
            "roe_4q": 0,
            "gross_profit": null,
            "gross_margin": null,
            "gross_margin_4q_avg": 0,
            "net_income": null,
            "revenue": null,
            "common_shares": null,
            "book_valuer_per_share": null,
            "book_valuer_per_share_4q_avg": 0,
            "equity": null,
            "current_ratio": null,
            "debt_ratio": null,
            "inventory_turnover_ratio": null,
            "account_receivable_turnover_ratio": null,
            "reinvestment_rate": null,
            "research_to_sale_ratio": null,
            "price_fair": 0,
            "eps_avg_yearly": 0,
            "eps_latest_yearly": 0,
            "eps_growth_yearly": 0
        },
        "20021": {
            "year_quarter": 20021,
            "year": 2002,
            "quarter": 1,
            "eps": null,
            "eps_growth_year": null,
            "eps_4q": null,
            "eps_4q_growth_year": null,
            "roe": null,
            "roe_4q": 0,
            "gross_profit": null,
            "gross_margin": null,
            "gross_margin_4q_avg": 0,
            "net_income": null,
            "revenue": null,
            "common_shares": null,
            "book_valuer_per_share": null,
            "book_valuer_per_share_4q_avg": 0,
            "equity": null,
            "current_ratio": null,
            "debt_ratio": null,
            "inventory_turnover_ratio": null,
            "account_receivable_turnover_ratio": null,
            "reinvestment_rate": null,
            "research_to_sale_ratio": null,
            "price_fair": 0,
            "eps_avg_yearly": 0,
            "eps_latest_yearly": 0,
            "eps_growth_yearly": 0
        },
        "20022": {
            "year_quarter": 20022,
            "year": 2002,
            "quarter": 2,
            "eps": null,
            "eps_growth_year": null,
            "eps_4q": null,
            "eps_4q_growth_year": null,
            "roe": null,
            "roe_4q": 0,
            "gross_profit": null,
            "gross_margin": null,
            "gross_margin_4q_avg": 0,
            "net_income": null,
            "revenue": null,
            "common_shares": null,
            "book_valuer_per_share": null,
            "book_valuer_per_share_4q_avg": 0,
            "equity": null,
            "current_ratio": null,
            "debt_ratio": null,
            "inventory_turnover_ratio": null,
            "account_receivable_turnover_ratio": null,
            "reinvestment_rate": null,
            "research_to_sale_ratio": null,
            "price_fair": 0,
            "eps_avg_yearly": 0,
            "eps_latest_yearly": 0,
            "eps_growth_yearly": 0
        },
        "20023": {
            "year_quarter": 20023,
            "year": 2002,
            "quarter": 3,
            "eps": null,
            "eps_growth_year": null,
            "eps_4q": null,
            "eps_4q_growth_year": null,
            "roe": null,
            "roe_4q": 0,
            "gross_profit": null,
            "gross_margin": null,
            "gross_margin_4q_avg": 0,
            "net_income": null,
            "revenue": null,
            "common_shares": null,
            "book_valuer_per_share": null,
            "book_valuer_per_share_4q_avg": 0,
            "equity": null,
            "current_ratio": null,
            "debt_ratio": null,
            "inventory_turnover_ratio": null,
            "account_receivable_turnover_ratio": null,
            "reinvestment_rate": null,
            "research_to_sale_ratio": null,
            "price_fair": 0,
            "eps_avg_yearly": 0,
            "eps_latest_yearly": 0,
            "eps_growth_yearly": 0
        },
        "20024": {
            "year_quarter": 20024,
            "year": 2002,
            "quarter": 4,
            "eps": null,
            "eps_growth_year": null,
            "eps_4q": null,
            "eps_4q_growth_year": null,
            "roe": null,
            "roe_4q": 0,
            "gross_profit": null,
            "gross_margin": null,
            "gross_margin_4q_avg": 0,
            "net_income": null,
            "revenue": null,
            "common_shares": null,
            "book_valuer_per_share": null,
            "book_valuer_per_share_4q_avg": 0,
            "equity": null,
            "current_ratio": null,
            "debt_ratio": null,
            "inventory_turnover_ratio": null,
            "account_receivable_turnover_ratio": null,
            "reinvestment_rate": null,
            "research_to_sale_ratio": null,
            "price_fair": 0,
            "eps_avg_yearly": 0,
            "eps_latest_yearly": 0,
            "eps_growth_yearly": 0
        },
        "20031": {
            "year_quarter": 20031,
            "year": 2003,
            "quarter": 1,
            "eps": null,
            "eps_growth_year": null,
            "eps_4q": null,
            "eps_4q_growth_year": null,
            "roe": null,
            "roe_4q": 0,
            "gross_profit": null,
            "gross_margin": null,
            "gross_margin_4q_avg": 0,
            "net_income": null,
            "revenue": null,
            "common_shares": null,
            "book_valuer_per_share": null,
            "book_valuer_per_share_4q_avg": 0,
            "equity": null,
            "current_ratio": null,
            "debt_ratio": null,
            "inventory_turnover_ratio": null,
            "account_receivable_turnover_ratio": null,
            "reinvestment_rate": null,
            "research_to_sale_ratio": null,
            "price_fair": 0,
            "eps_avg_yearly": 0,
            "eps_latest_yearly": 0,
            "eps_growth_yearly": 0
        },
        "20032": {
            "year_quarter": 20032,
            "year": 2003,
            "quarter": 2,
            "eps": null,
            "eps_growth_year": null,
            "eps_4q": null,
            "eps_4q_growth_year": null,
            "roe": null,
            "roe_4q": 0,
            "gross_profit": null,
            "gross_margin": null,
            "gross_margin_4q_avg": 0,
            "net_income": null,
            "revenue": null,
            "common_shares": null,
            "book_valuer_per_share": null,
            "book_valuer_per_share_4q_avg": 0,
            "equity": null,
            "current_ratio": null,
            "debt_ratio": null,
            "inventory_turnover_ratio": null,
            "account_receivable_turnover_ratio": null,
            "reinvestment_rate": null,
            "research_to_sale_ratio": null,
            "price_fair": 0,
            "eps_avg_yearly": 0,
            "eps_latest_yearly": 0,
            "eps_growth_yearly": 0
        },
        "20033": {
            "year_quarter": 20033,
            "year": 2003,
            "quarter": 3,
            "eps": null,
            "eps_growth_year": null,
            "eps_4q": null,
            "eps_4q_growth_year": null,
            "roe": null,
            "roe_4q": 0,
            "gross_profit": null,
            "gross_margin": null,
            "gross_margin_4q_avg": 0,
            "net_income": null,
            "revenue": null,
            "common_shares": null,
            "book_valuer_per_share": null,
            "book_valuer_per_share_4q_avg": 0,
            "equity": null,
            "current_ratio": null,
            "debt_ratio": null,
            "inventory_turnover_ratio": null,
            "account_receivable_turnover_ratio": null,
            "reinvestment_rate": null,
            "research_to_sale_ratio": null,
            "price_fair": 0,
            "eps_avg_yearly": 0,
            "eps_latest_yearly": 0,
            "eps_growth_yearly": 0
        },
        "20034": {
            "year_quarter": 20034,
            "year": 2003,
            "quarter": 4,
            "eps": null,
            "eps_growth_year": null,
            "eps_4q": null,
            "eps_4q_growth_year": null,
            "roe": null,
            "roe_4q": 0,
            "gross_profit": null,
            "gross_margin": null,
            "gross_margin_4q_avg": 0,
            "net_income": null,
            "revenue": null,
            "common_shares": null,
            "book_valuer_per_share": null,
            "book_valuer_per_share_4q_avg": 0,
            "equity": null,
            "current_ratio": null,
            "debt_ratio": null,
            "inventory_turnover_ratio": null,
            "account_receivable_turnover_ratio": null,
            "reinvestment_rate": null,
            "research_to_sale_ratio": null,
            "price_fair": 0,
            "eps_avg_yearly": 0,
            "eps_latest_yearly": 0,
            "eps_growth_yearly": 0
        },
        "20041": {
            "year_quarter": 20041,
            "year": 2004,
            "quarter": 1,
            "eps": null,
            "eps_growth_year": null,
            "eps_4q": null,
            "eps_4q_growth_year": null,
            "roe": null,
            "roe_4q": 0,
            "gross_profit": null,
            "gross_margin": null,
            "gross_margin_4q_avg": 0,
            "net_income": null,
            "revenue": null,
            "common_shares": null,
            "book_valuer_per_share": null,
            "book_valuer_per_share_4q_avg": 0,
            "equity": null,
            "current_ratio": null,
            "debt_ratio": null,
            "inventory_turnover_ratio": null,
            "account_receivable_turnover_ratio": null,
            "reinvestment_rate": null,
            "research_to_sale_ratio": null,
            "price_fair": 0,
            "eps_avg_yearly": 0,
            "eps_latest_yearly": 0,
            "eps_growth_yearly": 0
        },
        "20042": {
            "year_quarter": 20042,
            "year": 2004,
            "quarter": 2,
            "eps": null,
            "eps_growth_year": null,
            "eps_4q": null,
            "eps_4q_growth_year": null,
            "roe": null,
            "roe_4q": 0,
            "gross_profit": null,
            "gross_margin": null,
            "gross_margin_4q_avg": 0,
            "net_income": null,
            "revenue": null,
            "common_shares": null,
            "book_valuer_per_share": null,
            "book_valuer_per_share_4q_avg": 0,
            "equity": null,
            "current_ratio": null,
            "debt_ratio": null,
            "inventory_turnover_ratio": null,
            "account_receivable_turnover_ratio": null,
            "reinvestment_rate": null,
            "research_to_sale_ratio": null,
            "price_fair": 0,
            "eps_avg_yearly": 0,
            "eps_latest_yearly": 0,
            "eps_growth_yearly": 0
        },
        "20043": {
            "year_quarter": 20043,
            "year": 2004,
            "quarter": 3,
            "eps": null,
            "eps_growth_year": null,
            "eps_4q": null,
            "eps_4q_growth_year": null,
            "roe": null,
            "roe_4q": 0,
            "gross_profit": null,
            "gross_margin": null,
            "gross_margin_4q_avg": 0,
            "net_income": null,
            "revenue": null,
            "common_shares": null,
            "book_valuer_per_share": null,
            "book_valuer_per_share_4q_avg": 0,
            "equity": null,
            "current_ratio": null,
            "debt_ratio": null,
            "inventory_turnover_ratio": null,
            "account_receivable_turnover_ratio": null,
            "reinvestment_rate": null,
            "research_to_sale_ratio": null,
            "price_fair": 0,
            "eps_avg_yearly": 0,
            "eps_latest_yearly": 0,
            "eps_growth_yearly": 0
        },
        "20044": {
            "year_quarter": 20044,
            "year": 2004,
            "quarter": 4,
            "eps": null,
            "eps_growth_year": null,
            "eps_4q": null,
            "eps_4q_growth_year": null,
            "roe": null,
            "roe_4q": 0,
            "gross_profit": null,
            "gross_margin": null,
            "gross_margin_4q_avg": 0,
            "net_income": null,
            "revenue": null,
            "common_shares": null,
            "book_valuer_per_share": null,
            "book_valuer_per_share_4q_avg": 0,
            "equity": null,
            "current_ratio": null,
            "debt_ratio": null,
            "inventory_turnover_ratio": null,
            "account_receivable_turnover_ratio": null,
            "reinvestment_rate": null,
            "research_to_sale_ratio": null,
            "price_fair": 0,
            "eps_avg_yearly": 0,
            "eps_latest_yearly": 0,
            "eps_growth_yearly": 0
        },
        "20051": {
            "year_quarter": 20051,
            "year": 2005,
            "quarter": 1,
            "eps": null,
            "eps_growth_year": null,
            "eps_4q": null,
            "eps_4q_growth_year": null,
            "roe": null,
            "roe_4q": 0,
            "gross_profit": null,
            "gross_margin": null,
            "gross_margin_4q_avg": 0,
            "net_income": null,
            "revenue": null,
            "common_shares": null,
            "book_valuer_per_share": null,
            "book_valuer_per_share_4q_avg": 0,
            "equity": null,
            "current_ratio": null,
            "debt_ratio": null,
            "inventory_turnover_ratio": null,
            "account_receivable_turnover_ratio": null,
            "reinvestment_rate": null,
            "research_to_sale_ratio": null,
            "price_fair": 0,
            "eps_avg_yearly": 0,
            "eps_latest_yearly": 0,
            "eps_growth_yearly": 0
        },
        "20052": {
            "year_quarter": 20052,
            "year": 2005,
            "quarter": 2,
            "eps": null,
            "eps_growth_year": null,
            "eps_4q": null,
            "eps_4q_growth_year": null,
            "roe": null,
            "roe_4q": 0,
            "gross_profit": null,
            "gross_margin": null,
            "gross_margin_4q_avg": 0,
            "net_income": null,
            "revenue": null,
            "common_shares": null,
            "book_valuer_per_share": null,
            "book_valuer_per_share_4q_avg": 0,
            "equity": null,
            "current_ratio": null,
            "debt_ratio": null,
            "inventory_turnover_ratio": null,
            "account_receivable_turnover_ratio": null,
            "reinvestment_rate": null,
            "research_to_sale_ratio": null,
            "price_fair": 0,
            "eps_avg_yearly": 0,
            "eps_latest_yearly": 0,
            "eps_growth_yearly": 0
        },
        "20053": {
            "year_quarter": 20053,
            "year": 2005,
            "quarter": 3,
            "eps": null,
            "eps_growth_year": null,
            "eps_4q": null,
            "eps_4q_growth_year": null,
            "roe": null,
            "roe_4q": 0,
            "gross_profit": null,
            "gross_margin": null,
            "gross_margin_4q_avg": 0,
            "net_income": null,
            "revenue": null,
            "common_shares": null,
            "book_valuer_per_share": null,
            "book_valuer_per_share_4q_avg": 0,
            "equity": null,
            "current_ratio": null,
            "debt_ratio": null,
            "inventory_turnover_ratio": null,
            "account_receivable_turnover_ratio": null,
            "reinvestment_rate": null,
            "research_to_sale_ratio": null,
            "price_fair": 0,
            "eps_avg_yearly": 0,
            "eps_latest_yearly": 0,
            "eps_growth_yearly": 0
        },
        "20054": {
            "year_quarter": 20054,
            "year": 2005,
            "quarter": 4,
            "eps": null,
            "eps_growth_year": null,
            "eps_4q": null,
            "eps_4q_growth_year": null,
            "roe": null,
            "roe_4q": 0,
            "gross_profit": null,
            "gross_margin": null,
            "gross_margin_4q_avg": 0,
            "net_income": null,
            "revenue": null,
            "common_shares": null,
            "book_valuer_per_share": null,
            "book_valuer_per_share_4q_avg": 0,
            "equity": null,
            "current_ratio": null,
            "debt_ratio": null,
            "inventory_turnover_ratio": null,
            "account_receivable_turnover_ratio": null,
            "reinvestment_rate": null,
            "research_to_sale_ratio": null,
            "price_fair": 0,
            "eps_avg_yearly": 0,
            "eps_latest_yearly": 0,
            "eps_growth_yearly": 0
        },
        "20061": {
            "year_quarter": 20061,
            "year": 2006,
            "quarter": 1,
            "eps": null,
            "eps_growth_year": null,
            "eps_4q": null,
            "eps_4q_growth_year": null,
            "roe": null,
            "roe_4q": 0,
            "gross_profit": null,
            "gross_margin": null,
            "gross_margin_4q_avg": 0,
            "net_income": null,
            "revenue": null,
            "common_shares": null,
            "book_valuer_per_share": null,
            "book_valuer_per_share_4q_avg": 0,
            "equity": null,
            "current_ratio": null,
            "debt_ratio": null,
            "inventory_turnover_ratio": null,
            "account_receivable_turnover_ratio": null,
            "reinvestment_rate": null,
            "research_to_sale_ratio": null,
            "price_fair": 0,
            "eps_avg_yearly": 0,
            "eps_latest_yearly": 0,
            "eps_growth_yearly": 0
        },
        "20062": {
            "year_quarter": 20062,
            "year": 2006,
            "quarter": 2,
            "eps": null,
            "eps_growth_year": null,
            "eps_4q": null,
            "eps_4q_growth_year": null,
            "roe": null,
            "roe_4q": 0,
            "gross_profit": null,
            "gross_margin": null,
            "gross_margin_4q_avg": 0,
            "net_income": null,
            "revenue": null,
            "common_shares": null,
            "book_valuer_per_share": null,
            "book_valuer_per_share_4q_avg": 0,
            "equity": null,
            "current_ratio": null,
            "debt_ratio": null,
            "inventory_turnover_ratio": null,
            "account_receivable_turnover_ratio": null,
            "reinvestment_rate": null,
            "research_to_sale_ratio": null,
            "price_fair": 0,
            "eps_avg_yearly": 0,
            "eps_latest_yearly": 0,
            "eps_growth_yearly": 0
        },
        "20063": {
            "year_quarter": 20063,
            "year": 2006,
            "quarter": 3,
            "eps": null,
            "eps_growth_year": null,
            "eps_4q": null,
            "eps_4q_growth_year": null,
            "roe": null,
            "roe_4q": 0,
            "gross_profit": null,
            "gross_margin": null,
            "gross_margin_4q_avg": 0,
            "net_income": null,
            "revenue": null,
            "common_shares": null,
            "book_valuer_per_share": null,
            "book_valuer_per_share_4q_avg": 0,
            "equity": null,
            "current_ratio": null,
            "debt_ratio": null,
            "inventory_turnover_ratio": null,
            "account_receivable_turnover_ratio": null,
            "reinvestment_rate": null,
            "research_to_sale_ratio": null,
            "price_fair": 0,
            "eps_avg_yearly": 0,
            "eps_latest_yearly": 0,
            "eps_growth_yearly": 0
        },
        "20064": {
            "year_quarter": 20064,
            "year": 2006,
            "quarter": 4,
            "eps": null,
            "eps_growth_year": null,
            "eps_4q": null,
            "eps_4q_growth_year": null,
            "roe": null,
            "roe_4q": 0,
            "gross_profit": null,
            "gross_margin": null,
            "gross_margin_4q_avg": 0,
            "net_income": null,
            "revenue": null,
            "common_shares": null,
            "book_valuer_per_share": null,
            "book_valuer_per_share_4q_avg": 0,
            "equity": null,
            "current_ratio": null,
            "debt_ratio": null,
            "inventory_turnover_ratio": null,
            "account_receivable_turnover_ratio": null,
            "reinvestment_rate": null,
            "research_to_sale_ratio": null,
            "price_fair": 0,
            "eps_avg_yearly": 0,
            "eps_latest_yearly": 0,
            "eps_growth_yearly": 0
        },
        "20071": {
            "year_quarter": 20071,
            "year": 2007,
            "quarter": 1,
            "eps": null,
            "eps_growth_year": null,
            "eps_4q": null,
            "eps_4q_growth_year": null,
            "roe": null,
            "roe_4q": 0,
            "gross_profit": null,
            "gross_margin": null,
            "gross_margin_4q_avg": 0,
            "net_income": null,
            "revenue": null,
            "common_shares": null,
            "book_valuer_per_share": null,
            "book_valuer_per_share_4q_avg": 0,
            "equity": null,
            "current_ratio": null,
            "debt_ratio": null,
            "inventory_turnover_ratio": null,
            "account_receivable_turnover_ratio": null,
            "reinvestment_rate": null,
            "research_to_sale_ratio": null,
            "price_fair": 0,
            "eps_avg_yearly": 0,
            "eps_latest_yearly": 0,
            "eps_growth_yearly": 0
        },
        "20072": {
            "year_quarter": 20072,
            "year": 2007,
            "quarter": 2,
            "eps": null,
            "eps_growth_year": null,
            "eps_4q": null,
            "eps_4q_growth_year": null,
            "roe": null,
            "roe_4q": 0,
            "gross_profit": null,
            "gross_margin": null,
            "gross_margin_4q_avg": 0,
            "net_income": null,
            "revenue": null,
            "common_shares": null,
            "book_valuer_per_share": null,
            "book_valuer_per_share_4q_avg": 0,
            "equity": null,
            "current_ratio": null,
            "debt_ratio": null,
            "inventory_turnover_ratio": null,
            "account_receivable_turnover_ratio": null,
            "reinvestment_rate": null,
            "research_to_sale_ratio": null,
            "price_fair": 0,
            "eps_avg_yearly": 0,
            "eps_latest_yearly": 0,
            "eps_growth_yearly": 0
        },
        "20073": {
            "year_quarter": 20073,
            "year": 2007,
            "quarter": 3,
            "eps": null,
            "eps_growth_year": null,
            "eps_4q": null,
            "eps_4q_growth_year": null,
            "roe": null,
            "roe_4q": 0,
            "gross_profit": null,
            "gross_margin": null,
            "gross_margin_4q_avg": 0,
            "net_income": null,
            "revenue": null,
            "common_shares": null,
            "book_valuer_per_share": null,
            "book_valuer_per_share_4q_avg": 0,
            "equity": null,
            "current_ratio": null,
            "debt_ratio": null,
            "inventory_turnover_ratio": null,
            "account_receivable_turnover_ratio": null,
            "reinvestment_rate": null,
            "research_to_sale_ratio": null,
            "price_fair": 0,
            "eps_avg_yearly": 0,
            "eps_latest_yearly": 0,
            "eps_growth_yearly": 0
        },
        "20074": {
            "year_quarter": 20074,
            "year": 2007,
            "quarter": 4,
            "eps": null,
            "eps_growth_year": null,
            "eps_4q": null,
            "eps_4q_growth_year": null,
            "roe": null,
            "roe_4q": 0,
            "gross_profit": null,
            "gross_margin": null,
            "gross_margin_4q_avg": 0,
            "net_income": null,
            "revenue": null,
            "common_shares": null,
            "book_valuer_per_share": null,
            "book_valuer_per_share_4q_avg": 0,
            "equity": null,
            "current_ratio": null,
            "debt_ratio": null,
            "inventory_turnover_ratio": null,
            "account_receivable_turnover_ratio": null,
            "reinvestment_rate": null,
            "research_to_sale_ratio": null,
            "price_fair": 0,
            "eps_avg_yearly": 0,
            "eps_latest_yearly": 0,
            "eps_growth_yearly": 0
        },
        "20081": {
            "year_quarter": 20081,
            "year": 2008,
            "quarter": 1,
            "eps": null,
            "eps_growth_year": null,
            "eps_4q": null,
            "eps_4q_growth_year": null,
            "roe": null,
            "roe_4q": 0,
            "gross_profit": null,
            "gross_margin": null,
            "gross_margin_4q_avg": 0,
            "net_income": null,
            "revenue": null,
            "common_shares": null,
            "book_valuer_per_share": null,
            "book_valuer_per_share_4q_avg": 0,
            "equity": null,
            "current_ratio": null,
            "debt_ratio": null,
            "inventory_turnover_ratio": null,
            "account_receivable_turnover_ratio": null,
            "reinvestment_rate": null,
            "research_to_sale_ratio": null,
            "price_fair": 0,
            "eps_avg_yearly": 0,
            "eps_latest_yearly": 0,
            "eps_growth_yearly": 0
        },
        "20082": {
            "year_quarter": 20082,
            "year": 2008,
            "quarter": 2,
            "eps": null,
            "eps_growth_year": null,
            "eps_4q": null,
            "eps_4q_growth_year": null,
            "roe": null,
            "roe_4q": 0,
            "gross_profit": null,
            "gross_margin": null,
            "gross_margin_4q_avg": 0,
            "net_income": null,
            "revenue": null,
            "common_shares": null,
            "book_valuer_per_share": null,
            "book_valuer_per_share_4q_avg": 0,
            "equity": null,
            "current_ratio": null,
            "debt_ratio": null,
            "inventory_turnover_ratio": null,
            "account_receivable_turnover_ratio": null,
            "reinvestment_rate": null,
            "research_to_sale_ratio": null,
            "price_fair": 0,
            "eps_avg_yearly": 0,
            "eps_latest_yearly": 0,
            "eps_growth_yearly": 0
        },
        "20083": {
            "year_quarter": 20083,
            "year": 2008,
            "quarter": 3,
            "eps": null,
            "eps_growth_year": null,
            "eps_4q": null,
            "eps_4q_growth_year": null,
            "roe": null,
            "roe_4q": 0,
            "gross_profit": null,
            "gross_margin": null,
            "gross_margin_4q_avg": 0,
            "net_income": null,
            "revenue": null,
            "common_shares": null,
            "book_valuer_per_share": null,
            "book_valuer_per_share_4q_avg": 0,
            "equity": null,
            "current_ratio": null,
            "debt_ratio": null,
            "inventory_turnover_ratio": null,
            "account_receivable_turnover_ratio": null,
            "reinvestment_rate": null,
            "research_to_sale_ratio": null,
            "price_fair": 0,
            "eps_avg_yearly": 0,
            "eps_latest_yearly": 0,
            "eps_growth_yearly": 0
        },
        "20084": {
            "year_quarter": 20084,
            "year": 2008,
            "quarter": 4,
            "eps": null,
            "eps_growth_year": null,
            "eps_4q": null,
            "eps_4q_growth_year": null,
            "roe": null,
            "roe_4q": 0,
            "gross_profit": null,
            "gross_margin": null,
            "gross_margin_4q_avg": 0,
            "net_income": null,
            "revenue": null,
            "common_shares": null,
            "book_valuer_per_share": null,
            "book_valuer_per_share_4q_avg": 0,
            "equity": null,
            "current_ratio": null,
            "debt_ratio": null,
            "inventory_turnover_ratio": null,
            "account_receivable_turnover_ratio": null,
            "reinvestment_rate": null,
            "research_to_sale_ratio": null,
            "price_fair": 0,
            "eps_avg_yearly": 0,
            "eps_latest_yearly": 0,
            "eps_growth_yearly": 0
        },
        "20091": {
            "year_quarter": 20091,
            "year": 2009,
            "quarter": 1,
            "eps": null,
            "eps_growth_year": null,
            "eps_4q": null,
            "eps_4q_growth_year": null,
            "roe": null,
            "roe_4q": 0,
            "gross_profit": null,
            "gross_margin": null,
            "gross_margin_4q_avg": 0,
            "net_income": null,
            "revenue": null,
            "common_shares": null,
            "book_valuer_per_share": null,
            "book_valuer_per_share_4q_avg": 0,
            "equity": null,
            "current_ratio": null,
            "debt_ratio": null,
            "inventory_turnover_ratio": null,
            "account_receivable_turnover_ratio": null,
            "reinvestment_rate": null,
            "research_to_sale_ratio": null,
            "price_fair": 0,
            "eps_avg_yearly": 0,
            "eps_latest_yearly": 0,
            "eps_growth_yearly": 0
        },
        "20092": {
            "year_quarter": 20092,
            "year": 2009,
            "quarter": 2,
            "eps": null,
            "eps_growth_year": null,
            "eps_4q": null,
            "eps_4q_growth_year": null,
            "roe": null,
            "roe_4q": 0,
            "gross_profit": null,
            "gross_margin": null,
            "gross_margin_4q_avg": 0,
            "net_income": null,
            "revenue": null,
            "common_shares": null,
            "book_valuer_per_share": null,
            "book_valuer_per_share_4q_avg": 0,
            "equity": null,
            "current_ratio": null,
            "debt_ratio": null,
            "inventory_turnover_ratio": null,
            "account_receivable_turnover_ratio": null,
            "reinvestment_rate": null,
            "research_to_sale_ratio": null,
            "price_fair": 0,
            "eps_avg_yearly": 0,
            "eps_latest_yearly": 0,
            "eps_growth_yearly": 0
        },
        "20093": {
            "year_quarter": 20093,
            "year": 2009,
            "quarter": 3,
            "eps": null,
            "eps_growth_year": null,
            "eps_4q": null,
            "eps_4q_growth_year": null,
            "roe": null,
            "roe_4q": 0,
            "gross_profit": null,
            "gross_margin": null,
            "gross_margin_4q_avg": 0,
            "net_income": null,
            "revenue": null,
            "common_shares": null,
            "book_valuer_per_share": null,
            "book_valuer_per_share_4q_avg": 0,
            "equity": null,
            "current_ratio": null,
            "debt_ratio": null,
            "inventory_turnover_ratio": null,
            "account_receivable_turnover_ratio": null,
            "reinvestment_rate": null,
            "research_to_sale_ratio": null,
            "price_fair": 0,
            "eps_avg_yearly": 0,
            "eps_latest_yearly": 0,
            "eps_growth_yearly": 0
        },
        "20094": {
            "year_quarter": 20094,
            "year": 2009,
            "quarter": 4,
            "eps": null,
            "eps_growth_year": null,
            "eps_4q": null,
            "eps_4q_growth_year": null,
            "roe": null,
            "roe_4q": 0,
            "gross_profit": null,
            "gross_margin": null,
            "gross_margin_4q_avg": 0,
            "net_income": null,
            "revenue": null,
            "common_shares": null,
            "book_valuer_per_share": null,
            "book_valuer_per_share_4q_avg": 0,
            "equity": null,
            "current_ratio": null,
            "debt_ratio": null,
            "inventory_turnover_ratio": null,
            "account_receivable_turnover_ratio": null,
            "reinvestment_rate": null,
            "research_to_sale_ratio": null,
            "price_fair": 0,
            "eps_avg_yearly": 0,
            "eps_latest_yearly": 0,
            "eps_growth_yearly": 0
        },
        "20101": {
            "year_quarter": 20101,
            "year": 2010,
            "quarter": 1,
            "eps": null,
            "eps_growth_year": null,
            "eps_4q": null,
            "eps_4q_growth_year": null,
            "roe": null,
            "roe_4q": 0,
            "gross_profit": null,
            "gross_margin": null,
            "gross_margin_4q_avg": 0,
            "net_income": null,
            "revenue": null,
            "common_shares": null,
            "book_valuer_per_share": null,
            "book_valuer_per_share_4q_avg": 0,
            "equity": null,
            "current_ratio": null,
            "debt_ratio": null,
            "inventory_turnover_ratio": null,
            "account_receivable_turnover_ratio": null,
            "reinvestment_rate": null,
            "research_to_sale_ratio": null,
            "price_fair": 0,
            "eps_avg_yearly": 0,
            "eps_latest_yearly": 0,
            "eps_growth_yearly": 0
        },
        "20102": {
            "year_quarter": 20102,
            "year": 2010,
            "quarter": 2,
            "eps": null,
            "eps_growth_year": null,
            "eps_4q": null,
            "eps_4q_growth_year": null,
            "roe": null,
            "roe_4q": 0,
            "gross_profit": null,
            "gross_margin": null,
            "gross_margin_4q_avg": 0,
            "net_income": null,
            "revenue": null,
            "common_shares": null,
            "book_valuer_per_share": null,
            "book_valuer_per_share_4q_avg": 0,
            "equity": null,
            "current_ratio": null,
            "debt_ratio": null,
            "inventory_turnover_ratio": null,
            "account_receivable_turnover_ratio": null,
            "reinvestment_rate": null,
            "research_to_sale_ratio": null,
            "price_fair": 0,
            "eps_avg_yearly": 0,
            "eps_latest_yearly": 0,
            "eps_growth_yearly": 0
        },
        "20103": {
            "year_quarter": 20103,
            "year": 2010,
            "quarter": 3,
            "eps": null,
            "eps_growth_year": null,
            "eps_4q": null,
            "eps_4q_growth_year": null,
            "roe": null,
            "roe_4q": 0,
            "gross_profit": null,
            "gross_margin": null,
            "gross_margin_4q_avg": 0,
            "net_income": null,
            "revenue": null,
            "common_shares": null,
            "book_valuer_per_share": null,
            "book_valuer_per_share_4q_avg": 0,
            "equity": null,
            "current_ratio": null,
            "debt_ratio": null,
            "inventory_turnover_ratio": null,
            "account_receivable_turnover_ratio": null,
            "reinvestment_rate": null,
            "research_to_sale_ratio": null,
            "price_fair": 0,
            "eps_avg_yearly": 0,
            "eps_latest_yearly": 0,
            "eps_growth_yearly": 0
        },
        "20104": {
            "year_quarter": 20104,
            "year": 2010,
            "quarter": 4,
            "eps": null,
            "eps_growth_year": null,
            "eps_4q": null,
            "eps_4q_growth_year": null,
            "roe": null,
            "roe_4q": 0,
            "gross_profit": null,
            "gross_margin": null,
            "gross_margin_4q_avg": 0,
            "net_income": null,
            "revenue": null,
            "common_shares": null,
            "book_valuer_per_share": null,
            "book_valuer_per_share_4q_avg": 0,
            "equity": null,
            "current_ratio": null,
            "debt_ratio": null,
            "inventory_turnover_ratio": null,
            "account_receivable_turnover_ratio": null,
            "reinvestment_rate": null,
            "research_to_sale_ratio": null,
            "price_fair": 0,
            "eps_avg_yearly": 0,
            "eps_latest_yearly": 0,
            "eps_growth_yearly": 0
        },
        "20111": {
            "year_quarter": 20111,
            "year": 2011,
            "quarter": 1,
            "eps": null,
            "eps_growth_year": null,
            "eps_4q": null,
            "eps_4q_growth_year": null,
            "roe": null,
            "roe_4q": 0,
            "gross_profit": null,
            "gross_margin": null,
            "gross_margin_4q_avg": 0,
            "net_income": null,
            "revenue": null,
            "common_shares": null,
            "book_valuer_per_share": null,
            "book_valuer_per_share_4q_avg": 0,
            "equity": null,
            "current_ratio": null,
            "debt_ratio": null,
            "inventory_turnover_ratio": null,
            "account_receivable_turnover_ratio": null,
            "reinvestment_rate": null,
            "research_to_sale_ratio": null,
            "price_fair": 0,
            "eps_avg_yearly": 0,
            "eps_latest_yearly": 0,
            "eps_growth_yearly": 0
        },
        "20112": {
            "year_quarter": 20112,
            "year": 2011,
            "quarter": 2,
            "eps": null,
            "eps_growth_year": null,
            "eps_4q": null,
            "eps_4q_growth_year": null,
            "roe": null,
            "roe_4q": 0,
            "gross_profit": null,
            "gross_margin": null,
            "gross_margin_4q_avg": 0,
            "net_income": null,
            "revenue": null,
            "common_shares": null,
            "book_valuer_per_share": null,
            "book_valuer_per_share_4q_avg": 0,
            "equity": null,
            "current_ratio": null,
            "debt_ratio": null,
            "inventory_turnover_ratio": null,
            "account_receivable_turnover_ratio": null,
            "reinvestment_rate": null,
            "research_to_sale_ratio": null,
            "price_fair": 0,
            "eps_avg_yearly": 0,
            "eps_latest_yearly": 0,
            "eps_growth_yearly": 0
        },
        "20113": {
            "year_quarter": 20113,
            "year": 2011,
            "quarter": 3,
            "eps": null,
            "eps_growth_year": null,
            "eps_4q": null,
            "eps_4q_growth_year": null,
            "roe": null,
            "roe_4q": 0,
            "gross_profit": null,
            "gross_margin": null,
            "gross_margin_4q_avg": 0,
            "net_income": null,
            "revenue": null,
            "common_shares": null,
            "book_valuer_per_share": null,
            "book_valuer_per_share_4q_avg": 0,
            "equity": null,
            "current_ratio": null,
            "debt_ratio": null,
            "inventory_turnover_ratio": null,
            "account_receivable_turnover_ratio": null,
            "reinvestment_rate": null,
            "research_to_sale_ratio": null,
            "price_fair": 0,
            "eps_avg_yearly": 0,
            "eps_latest_yearly": 0,
            "eps_growth_yearly": 0
        },
        "20114": {
            "year_quarter": 20114,
            "year": 2011,
            "quarter": 4,
            "eps": null,
            "eps_growth_year": null,
            "eps_4q": null,
            "eps_4q_growth_year": null,
            "roe": null,
            "roe_4q": 0,
            "gross_profit": null,
            "gross_margin": null,
            "gross_margin_4q_avg": 0,
            "net_income": null,
            "revenue": null,
            "common_shares": null,
            "book_valuer_per_share": null,
            "book_valuer_per_share_4q_avg": 0,
            "equity": null,
            "current_ratio": null,
            "debt_ratio": null,
            "inventory_turnover_ratio": null,
            "account_receivable_turnover_ratio": null,
            "reinvestment_rate": null,
            "research_to_sale_ratio": null,
            "price_fair": 0,
            "eps_avg_yearly": 0,
            "eps_latest_yearly": 0,
            "eps_growth_yearly": 0
        },
        "20121": {
            "year_quarter": 20121,
            "year": 2012,
            "quarter": 1,
            "eps": null,
            "eps_growth_year": null,
            "eps_4q": null,
            "eps_4q_growth_year": null,
            "roe": null,
            "roe_4q": 0,
            "gross_profit": null,
            "gross_margin": null,
            "gross_margin_4q_avg": 0,
            "net_income": null,
            "revenue": null,
            "common_shares": null,
            "book_valuer_per_share": null,
            "book_valuer_per_share_4q_avg": 0,
            "equity": null,
            "current_ratio": null,
            "debt_ratio": null,
            "inventory_turnover_ratio": null,
            "account_receivable_turnover_ratio": null,
            "reinvestment_rate": null,
            "research_to_sale_ratio": null,
            "price_fair": 0,
            "eps_avg_yearly": 0,
            "eps_latest_yearly": 0,
            "eps_growth_yearly": 0
        },
        "20122": {
            "year_quarter": 20122,
            "year": 2012,
            "quarter": 2,
            "eps": null,
            "eps_growth_year": null,
            "eps_4q": null,
            "eps_4q_growth_year": null,
            "roe": null,
            "roe_4q": 0,
            "gross_profit": null,
            "gross_margin": null,
            "gross_margin_4q_avg": 0,
            "net_income": null,
            "revenue": null,
            "common_shares": null,
            "book_valuer_per_share": null,
            "book_valuer_per_share_4q_avg": 0,
            "equity": null,
            "current_ratio": null,
            "debt_ratio": null,
            "inventory_turnover_ratio": null,
            "account_receivable_turnover_ratio": null,
            "reinvestment_rate": null,
            "research_to_sale_ratio": null,
            "price_fair": 0,
            "eps_avg_yearly": 0,
            "eps_latest_yearly": 0,
            "eps_growth_yearly": 0
        },
        "20123": {
            "year_quarter": 20123,
            "year": 2012,
            "quarter": 3,
            "eps": null,
            "eps_growth_year": null,
            "eps_4q": null,
            "eps_4q_growth_year": null,
            "roe": null,
            "roe_4q": 0,
            "gross_profit": null,
            "gross_margin": null,
            "gross_margin_4q_avg": 0,
            "net_income": null,
            "revenue": null,
            "common_shares": null,
            "book_valuer_per_share": null,
            "book_valuer_per_share_4q_avg": 0,
            "equity": null,
            "current_ratio": null,
            "debt_ratio": null,
            "inventory_turnover_ratio": null,
            "account_receivable_turnover_ratio": null,
            "reinvestment_rate": null,
            "research_to_sale_ratio": null,
            "price_fair": 0,
            "eps_avg_yearly": 0,
            "eps_latest_yearly": 0,
            "eps_growth_yearly": 0
        },
        "20124": {
            "year_quarter": 20124,
            "year": 2012,
            "quarter": 4,
            "eps": null,
            "eps_growth_year": null,
            "eps_4q": null,
            "eps_4q_growth_year": null,
            "roe": null,
            "roe_4q": 0,
            "gross_profit": null,
            "gross_margin": null,
            "gross_margin_4q_avg": 0,
            "net_income": null,
            "revenue": null,
            "common_shares": 110000,
            "book_valuer_per_share": 10.25,
            "book_valuer_per_share_4q_avg": 2.56,
            "equity": 112753,
            "current_ratio": 295.46,
            "debt_ratio": 48.58,
            "inventory_turnover_ratio": null,
            "account_receivable_turnover_ratio": null,
            "reinvestment_rate": null,
            "research_to_sale_ratio": null,
            "price_fair": 0,
            "eps_avg_yearly": 0,
            "eps_latest_yearly": 0,
            "eps_growth_yearly": 0
        },
        "20131": {
            "year_quarter": 20131,
            "year": 2013,
            "quarter": 1,
            "eps": null,
            "eps_growth_year": null,
            "eps_4q": null,
            "eps_4q_growth_year": null,
            "roe": null,
            "roe_4q": 0,
            "gross_profit": null,
            "gross_margin": null,
            "gross_margin_4q_avg": 0,
            "net_income": null,
            "revenue": null,
            "common_shares": null,
            "book_valuer_per_share": null,
            "book_valuer_per_share_4q_avg": 2.56,
            "equity": null,
            "current_ratio": null,
            "debt_ratio": null,
            "inventory_turnover_ratio": null,
            "account_receivable_turnover_ratio": null,
            "reinvestment_rate": null,
            "research_to_sale_ratio": null,
            "price_fair": 0,
            "eps_avg_yearly": 0,
            "eps_latest_yearly": 0,
            "eps_growth_yearly": 0
        },
        "20132": {
            "year_quarter": 20132,
            "year": 2013,
            "quarter": 2,
            "eps": null,
            "eps_growth_year": null,
            "eps_4q": null,
            "eps_4q_growth_year": null,
            "roe": null,
            "roe_4q": 0,
            "gross_profit": null,
            "gross_margin": null,
            "gross_margin_4q_avg": 0,
            "net_income": null,
            "revenue": null,
            "common_shares": null,
            "book_valuer_per_share": null,
            "book_valuer_per_share_4q_avg": 2.56,
            "equity": null,
            "current_ratio": null,
            "debt_ratio": null,
            "inventory_turnover_ratio": null,
            "account_receivable_turnover_ratio": null,
            "reinvestment_rate": null,
            "research_to_sale_ratio": null,
            "price_fair": 0,
            "eps_avg_yearly": 0,
            "eps_latest_yearly": 0,
            "eps_growth_yearly": 0
        },
        "20133": {
            "year_quarter": 20133,
            "year": 2013,
            "quarter": 3,
            "eps": null,
            "eps_growth_year": null,
            "eps_4q": null,
            "eps_4q_growth_year": null,
            "roe": null,
            "roe_4q": 0,
            "gross_profit": null,
            "gross_margin": null,
            "gross_margin_4q_avg": 0,
            "net_income": null,
            "revenue": null,
            "common_shares": null,
            "book_valuer_per_share": null,
            "book_valuer_per_share_4q_avg": 2.56,
            "equity": null,
            "current_ratio": null,
            "debt_ratio": null,
            "inventory_turnover_ratio": null,
            "account_receivable_turnover_ratio": null,
            "reinvestment_rate": null,
            "research_to_sale_ratio": null,
            "price_fair": 0,
            "eps_avg_yearly": 0,
            "eps_latest_yearly": 0,
            "eps_growth_yearly": 0
        },
        "20134": {
            "year_quarter": 20134,
            "year": 2013,
            "quarter": 4,
            "eps": null,
            "eps_growth_year": null,
            "eps_4q": null,
            "eps_4q_growth_year": null,
            "roe": null,
            "roe_4q": 0,
            "gross_profit": null,
            "gross_margin": null,
            "gross_margin_4q_avg": 0,
            "net_income": null,
            "revenue": null,
            "common_shares": 145000,
            "book_valuer_per_share": null,
            "book_valuer_per_share_4q_avg": 0,
            "equity": 214324,
            "current_ratio": null,
            "debt_ratio": null,
            "inventory_turnover_ratio": null,
            "account_receivable_turnover_ratio": null,
            "reinvestment_rate": null,
            "research_to_sale_ratio": null,
            "price_fair": 0,
            "eps_avg_yearly": 0,
            "eps_latest_yearly": 0,
            "eps_growth_yearly": 0
        },
        "20141": {
            "year_quarter": 20141,
            "year": 2014,
            "quarter": 1,
            "eps": null,
            "eps_growth_year": null,
            "eps_4q": null,
            "eps_4q_growth_year": null,
            "roe": null,
            "roe_4q": 0,
            "gross_profit": null,
            "gross_margin": null,
            "gross_margin_4q_avg": 0,
            "net_income": null,
            "revenue": null,
            "common_shares": null,
            "book_valuer_per_share": null,
            "book_valuer_per_share_4q_avg": 0,
            "equity": null,
            "current_ratio": null,
            "debt_ratio": null,
            "inventory_turnover_ratio": null,
            "account_receivable_turnover_ratio": null,
            "reinvestment_rate": null,
            "research_to_sale_ratio": null,
            "price_fair": 0,
            "eps_avg_yearly": 0,
            "eps_latest_yearly": 0,
            "eps_growth_yearly": 0
        },
        "20142": {
            "year_quarter": 20142,
            "year": 2014,
            "quarter": 2,
            "eps": null,
            "eps_growth_year": null,
            "eps_4q": null,
            "eps_4q_growth_year": null,
            "roe": null,
            "roe_4q": 0,
            "gross_profit": null,
            "gross_margin": null,
            "gross_margin_4q_avg": 0,
            "net_income": null,
            "revenue": null,
            "common_shares": 190000,
            "book_valuer_per_share": null,
            "book_valuer_per_share_4q_avg": 0,
            "equity": 409137,
            "current_ratio": null,
            "debt_ratio": null,
            "inventory_turnover_ratio": null,
            "account_receivable_turnover_ratio": null,
            "reinvestment_rate": null,
            "research_to_sale_ratio": null,
            "price_fair": 0,
            "eps_avg_yearly": 0,
            "eps_latest_yearly": 0,
            "eps_growth_yearly": 0
        },
        "20143": {
            "year_quarter": 20143,
            "year": 2014,
            "quarter": 3,
            "eps": null,
            "eps_growth_year": null,
            "eps_4q": null,
            "eps_4q_growth_year": null,
            "roe": null,
            "roe_4q": 0,
            "gross_profit": 942,
            "gross_margin": null,
            "gross_margin_4q_avg": 0,
            "net_income": -3720,
            "revenue": 6563,
            "common_shares": 190000,
            "book_valuer_per_share": null,
            "book_valuer_per_share_4q_avg": 0,
            "equity": 664247,
            "current_ratio": null,
            "debt_ratio": null,
            "inventory_turnover_ratio": null,
            "account_receivable_turnover_ratio": null,
            "reinvestment_rate": null,
            "research_to_sale_ratio": null,
            "price_fair": 0,
            "eps_avg_yearly": 0,
            "eps_latest_yearly": 0,
            "eps_growth_yearly": 0
        },
        "20144": {
            "year_quarter": 20144,
            "year": 2014,
            "quarter": 4,
            "eps": null,
            "eps_growth_year": null,
            "eps_4q": null,
            "eps_4q_growth_year": null,
            "roe": null,
            "roe_4q": 0,
            "gross_profit": 51200,
            "gross_margin": null,
            "gross_margin_4q_avg": 0,
            "net_income": 39193,
            "revenue": 113404,
            "common_shares": 220000,
            "book_valuer_per_share": 31.98,
            "book_valuer_per_share_4q_avg": 8,
            "equity": 703453,
            "current_ratio": 969,
            "debt_ratio": 30.86,
            "inventory_turnover_ratio": null,
            "account_receivable_turnover_ratio": null,
            "reinvestment_rate": null,
            "research_to_sale_ratio": null,
            "price_fair": 0,
            "eps_avg_yearly": 0,
            "eps_latest_yearly": 0,
            "eps_growth_yearly": 0
        },
        "20151": {
            "year_quarter": 20151,
            "year": 2015,
            "quarter": 1,
            "eps": null,
            "eps_growth_year": null,
            "eps_4q": null,
            "eps_4q_growth_year": null,
            "roe": null,
            "roe_4q": 0,
            "gross_profit": 42298,
            "gross_margin": null,
            "gross_margin_4q_avg": 0,
            "net_income": 28652,
            "revenue": 124438,
            "common_shares": 220000,
            "book_valuer_per_share": 32.69,
            "book_valuer_per_share_4q_avg": 16.17,
            "equity": 719125,
            "current_ratio": 816.04,
            "debt_ratio": 30.48,
            "inventory_turnover_ratio": null,
            "account_receivable_turnover_ratio": null,
            "reinvestment_rate": null,
            "research_to_sale_ratio": null,
            "price_fair": 0,
            "eps_avg_yearly": 0,
            "eps_latest_yearly": 0,
            "eps_growth_yearly": 0
        },
        "20152": {
            "year_quarter": 20152,
            "year": 2015,
            "quarter": 2,
            "eps": 0.22,
            "eps_growth_year": null,
            "eps_4q": 0.22,
            "eps_4q_growth_year": null,
            "roe": 0.71,
            "roe_4q": 0.71,
            "gross_profit": 18110,
            "gross_margin": 87.26,
            "gross_margin_4q_avg": 21.82,
            "net_income": 4949,
            "revenue": 20755,
            "common_shares": 220000,
            "book_valuer_per_share": 30.95,
            "book_valuer_per_share_4q_avg": 23.91,
            "equity": 680853,
            "current_ratio": 656.98,
            "debt_ratio": 30.63,
            "inventory_turnover_ratio": null,
            "account_receivable_turnover_ratio": 0.39,
            "reinvestment_rate": null,
            "research_to_sale_ratio": null,
            "price_fair": 0,
            "eps_avg_yearly": 0,
            "eps_latest_yearly": 0,
            "eps_growth_yearly": 0
        },
        "20153": {
            "year_quarter": 20153,
            "year": 2015,
            "quarter": 3,
            "eps": 0.02,
            "eps_growth_year": null,
            "eps_4q": 0.25,
            "eps_4q_growth_year": null,
            "roe": 0.08,
            "roe_4q": 0.7899999999999999,
            "gross_profit": 5157,
            "gross_margin": 14.82,
            "gross_margin_4q_avg": 25.52,
            "net_income": 530,
            "revenue": 34798,
            "common_shares": 220000,
            "book_valuer_per_share": 31.68,
            "book_valuer_per_share_4q_avg": 31.83,
            "equity": 696872,
            "current_ratio": 382.87,
            "debt_ratio": 32.61,
            "inventory_turnover_ratio": 2.03,
            "account_receivable_turnover_ratio": 0.56,
            "reinvestment_rate": null,
            "research_to_sale_ratio": null,
            "price_fair": 0.24,
            "eps_avg_yearly": 0.08,
            "eps_latest_yearly": 0.08,
            "eps_growth_yearly": -363.64
        },
        "20154": {
            "year_quarter": 20154,
            "year": 2015,
            "quarter": 4,
            "eps": 1.46,
            "eps_growth_year": null,
            "eps_4q": 1.71,
            "eps_4q_growth_year": null,
            "roe": 4.52,
            "roe_4q": 5.31,
            "gross_profit": 47955,
            "gross_margin": 36.11,
            "gross_margin_4q_avg": 34.55,
            "net_income": 32052,
            "revenue": 132786,
            "common_shares": 220000,
            "book_valuer_per_share": 32.76,
            "book_valuer_per_share_4q_avg": 32.02,
            "equity": 720693,
            "current_ratio": 403.45,
            "debt_ratio": 33.33,
            "inventory_turnover_ratio": 1.36,
            "account_receivable_turnover_ratio": 3.59,
            "reinvestment_rate": null,
            "research_to_sale_ratio": null,
            "price_fair": 103.6,
            "eps_avg_yearly": 2.96,
            "eps_latest_yearly": 5.84,
            "eps_growth_yearly": 14218.18
        },
        "20161": {
            "year_quarter": 20161,
            "year": 2016,
            "quarter": 1,
            "eps": 0.7,
            "eps_growth_year": null,
            "eps_4q": 2.11,
            "eps_4q_growth_year": null,
            "roe": 1.75,
            "roe_4q": 7.06,
            "gross_profit": 32826,
            "gross_margin": 28.67,
            "gross_margin_4q_avg": 41.72,
            "net_income": 16168,
            "revenue": 114514,
            "common_shares": 255000,
            "book_valuer_per_share": 44.2,
            "book_valuer_per_share_4q_avg": 34.9,
            "equity": 1126988,
            "current_ratio": 770.94,
            "debt_ratio": 23.9,
            "inventory_turnover_ratio": 0.57,
            "account_receivable_turnover_ratio": 2.03,
            "reinvestment_rate": null,
            "research_to_sale_ratio": null,
            "price_fair": 101.73,
            "eps_avg_yearly": 2.91,
            "eps_latest_yearly": 2.8,
            "eps_growth_yearly": 9409.38
        },
        "20162": {
            "year_quarter": 20162,
            "year": 2016,
            "quarter": 2,
            "eps": -0.51,
            "eps_growth_year": -326.71,
            "eps_4q": 1.4,
            "eps_4q_growth_year": 520.99,
            "roe": -1.18,
            "roe_4q": 5.17,
            "gross_profit": -2008,
            "gross_margin": -2.12,
            "gross_margin_4q_avg": 19.37,
            "net_income": -13128,
            "revenue": 94927,
            "common_shares": 255000,
            "book_valuer_per_share": 42.86,
            "book_valuer_per_share_4q_avg": 37.88,
            "equity": 1092833,
            "current_ratio": 463.18,
            "debt_ratio": 25.31,
            "inventory_turnover_ratio": 0.53,
            "account_receivable_turnover_ratio": 1.97,
            "reinvestment_rate": null,
            "research_to_sale_ratio": null,
            "price_fair": 101.73,
            "eps_avg_yearly": 2.91,
            "eps_latest_yearly": 2.8,
            "eps_growth_yearly": 9409.38
        },
        "20163": {
            "year_quarter": 20163,
            "year": 2016,
            "quarter": 3,
            "eps": -0.08,
            "eps_growth_year": -500,
            "eps_4q": 1.3,
            "eps_4q_growth_year": 421.16,
            "roe": -0.18,
            "roe_4q": 4.91,
            "gross_profit": 10213,
            "gross_margin": 5.01,
            "gross_margin_4q_avg": 16.92,
            "net_income": -1995,
            "revenue": 203751,
            "common_shares": 255000,
            "book_valuer_per_share": 42.3,
            "book_valuer_per_share_4q_avg": 40.53,
            "equity": 1078663,
            "current_ratio": 583.73,
            "debt_ratio": 22.72,
            "inventory_turnover_ratio": 1.42,
            "account_receivable_turnover_ratio": 2.3,
            "reinvestment_rate": null,
            "research_to_sale_ratio": null,
            "price_fair": 101.73,
            "eps_avg_yearly": 2.91,
            "eps_latest_yearly": 2.8,
            "eps_growth_yearly": 9409.38
        },
        "20164": {
            "year_quarter": 20164,
            "year": 2016,
            "quarter": 4,
            "eps": 0.99,
            "eps_growth_year": -32.13,
            "eps_4q": 1.03,
            "eps_4q_growth_year": -39.64,
            "roe": 2.32,
            "roe_4q": 2.71,
            "gross_profit": 39926,
            "gross_margin": 30.83,
            "gross_margin_4q_avg": 15.6,
            "net_income": 25214,
            "revenue": 129500,
            "common_shares": 255000,
            "book_valuer_per_share": 43.02,
            "book_valuer_per_share_4q_avg": 43.1,
            "equity": 1097033,
            "current_ratio": 636.66,
            "debt_ratio": 21.9,
            "inventory_turnover_ratio": 0.52,
            "account_receivable_turnover_ratio": 0.91,
            "reinvestment_rate": null,
            "research_to_sale_ratio": null,
            "price_fair": 101.73,
            "eps_avg_yearly": 2.91,
            "eps_latest_yearly": 2.8,
            "eps_growth_yearly": 9409.38
        },
        "20171": {
            "year_quarter": 20171,
            "year": 2017,
            "quarter": 1,
            "eps": 0.78,
            "eps_growth_year": 11.43,
            "eps_4q": 1.18,
            "eps_4q_growth_year": -44.09,
            "roe": 1.82,
            "roe_4q": 2.7799999999999994,
            "gross_profit": 45165,
            "gross_margin": 31.5,
            "gross_margin_4q_avg": 16.31,
            "net_income": 19932,
            "revenue": 143358,
            "common_shares": 255000,
            "book_valuer_per_share": 43.02,
            "book_valuer_per_share_4q_avg": 42.8,
            "equity": 1096930,
            "current_ratio": 650.79,
            "debt_ratio": 21.83,
            "inventory_turnover_ratio": 0.4,
            "account_receivable_turnover_ratio": 0.9,
            "reinvestment_rate": null,
            "research_to_sale_ratio": null,
            "price_fair": 103.6,
            "eps_avg_yearly": 2.96,
            "eps_latest_yearly": 3.12,
            "eps_growth_yearly": 7035.82
        },
        "20172": {
            "year_quarter": 20172,
            "year": 2017,
            "quarter": 2,
            "eps": 0.75,
            "eps_growth_year": null,
            "eps_4q": 2.18,
            "eps_4q_growth_year": 56.23,
            "roe": 2.03,
            "roe_4q": 5.99,
            "gross_profit": 37242,
            "gross_margin": 31.83,
            "gross_margin_4q_avg": 24.79,
            "net_income": 22517,
            "revenue": 116996,
            "common_shares": 255000,
            "book_valuer_per_share": 43.78,
            "book_valuer_per_share_4q_avg": 43.03,
            "equity": 1116265,
            "current_ratio": 1302.8,
            "debt_ratio": 38.28,
            "inventory_turnover_ratio": 0.34,
            "account_receivable_turnover_ratio": 0.55,
            "reinvestment_rate": null,
            "research_to_sale_ratio": null,
            "price_fair": 103.88,
            "eps_avg_yearly": 2.97,
            "eps_latest_yearly": 3,
            "eps_growth_yearly": 5625.58
        },
        "20173": {
            "year_quarter": 20173,
            "year": 2017,
            "quarter": 3,
            "eps": -0.57,
            "eps_growth_year": null,
            "eps_4q": 1.58,
            "eps_4q_growth_year": 21.92,
            "roe": -1.52,
            "roe_4q": 4.65,
            "gross_profit": 43930,
            "gross_margin": 35.47,
            "gross_margin_4q_avg": 32.41,
            "net_income": -17425,
            "revenue": 123856,
            "common_shares": 300900,
            "book_valuer_per_share": 37.28,
            "book_valuer_per_share_4q_avg": 41.78,
            "equity": 1183498,
            "current_ratio": 1694.41,
            "debt_ratio": 33.95,
            "inventory_turnover_ratio": 0.38,
            "account_receivable_turnover_ratio": 0.44,
            "reinvestment_rate": null,
            "research_to_sale_ratio": null,
            "price_fair": 103.88,
            "eps_avg_yearly": 2.97,
            "eps_latest_yearly": 3,
            "eps_growth_yearly": 5625.58
        },
        "20174": {
            "year_quarter": 20174,
            "year": 2017,
            "quarter": 4,
            "eps": -12.27,
            "eps_growth_year": -1341.21,
            "eps_4q": -11.49,
            "eps_4q_growth_year": -1215.46,
            "roe": -39.03,
            "roe_4q": -36.7,
            "gross_profit": 780,
            "gross_margin": 32.1,
            "gross_margin_4q_avg": 32.73,
            "net_income": -390574,
            "revenue": 2430,
            "common_shares": 317465,
            "book_valuer_per_share": 25.7,
            "book_valuer_per_share_4q_avg": 37.45,
            "equity": 817975,
            "current_ratio": 1016.32,
            "debt_ratio": 43.75,
            "inventory_turnover_ratio": 0.01,
            "account_receivable_turnover_ratio": 0.01,
            "reinvestment_rate": null,
            "research_to_sale_ratio": null,
            "price_fair": 103.88,
            "eps_avg_yearly": 2.97,
            "eps_latest_yearly": 3,
            "eps_growth_yearly": 5625.58
        },
        "20181": {
            "year_quarter": 20181,
            "year": 2018,
            "quarter": 1,
            "eps": 0.22,
            "eps_growth_year": -71.79,
            "eps_4q": -11.89,
            "eps_4q_growth_year": -1110.03,
            "roe": 0.86,
            "roe_4q": -37.660000000000004,
            "gross_profit": 19849,
            "gross_margin": 31.09,
            "gross_margin_4q_avg": 32.62,
            "net_income": 7036,
            "revenue": 63834,
            "common_shares": 318241,
            "book_valuer_per_share": 25.9,
            "book_valuer_per_share_4q_avg": 33.17,
            "equity": 824392,
            "current_ratio": 104.92,
            "debt_ratio": 59.27,
            "inventory_turnover_ratio": 0.24,
            "account_receivable_turnover_ratio": 0.63,
            "reinvestment_rate": null,
            "research_to_sale_ratio": null,
            "price_fair": 103.88,
            "eps_avg_yearly": 2.97,
            "eps_latest_yearly": 3,
            "eps_growth_yearly": 5625.58
        },
        "20182": {
            "year_quarter": 20182,
            "year": 2018,
            "quarter": 2,
            "eps": -0.14,
            "eps_growth_year": -118.67,
            "eps_4q": -12.74,
            "eps_4q_growth_year": -683.59,
            "roe": -0.53,
            "roe_4q": -40.220000000000006,
            "gross_profit": 20990,
            "gross_margin": 97.16,
            "gross_margin_4q_avg": 48.96,
            "net_income": -4358,
            "revenue": 21604,
            "common_shares": 318241,
            "book_valuer_per_share": 25.76,
            "book_valuer_per_share_4q_avg": 28.66,
            "equity": 819934,
            "current_ratio": 202.66,
            "debt_ratio": 50.95,
            "inventory_turnover_ratio": 0,
            "account_receivable_turnover_ratio": 0.17,
            "reinvestment_rate": null,
            "research_to_sale_ratio": null,
            "price_fair": 103.88,
            "eps_avg_yearly": 2.97,
            "eps_latest_yearly": 3,
            "eps_growth_yearly": 5625.58
        },
        "20183": {
            "year_quarter": 20183,
            "year": 2018,
            "quarter": 3,
            "eps": -0.62,
            "eps_growth_year": null,
            "eps_4q": -12.07,
            "eps_4q_growth_year": -862.56,
            "roe": -2.46,
            "roe_4q": -41.160000000000004,
            "gross_profit": -1427,
            "gross_margin": -49.16,
            "gross_margin_4q_avg": 27.8,
            "net_income": -20268,
            "revenue": 2903,
            "common_shares": 338241,
            "book_valuer_per_share": 24.56,
            "book_valuer_per_share_4q_avg": 25.48,
            "equity": 830574,
            "current_ratio": 200.13,
            "debt_ratio": 50.02,
            "inventory_turnover_ratio": 0.03,
            "account_receivable_turnover_ratio": 0.02,
            "reinvestment_rate": null,
            "research_to_sale_ratio": null,
            "price_fair": 103.88,
            "eps_avg_yearly": 2.97,
            "eps_latest_yearly": 3,
            "eps_growth_yearly": 5625.58
        },
        "20184": {
            "year_quarter": 20184,
            "year": 2018,
            "quarter": 4,
            "eps": -1.42,
            "eps_growth_year": null,
            "eps_4q": -1.94,
            "eps_4q_growth_year": null,
            "roe": -5.95,
            "roe_4q": -8.08,
            "gross_profit": -24490,
            "gross_margin": -482.28,
            "gross_margin_4q_avg": -100.8,
            "net_income": -48123,
            "revenue": 5078,
            "common_shares": 338241,
            "book_valuer_per_share": 23.26,
            "book_valuer_per_share_4q_avg": 24.87,
            "equity": 786841,
            "current_ratio": 221.9,
            "debt_ratio": 49.41,
            "inventory_turnover_ratio": 0.18,
            "account_receivable_turnover_ratio": 0.04,
            "reinvestment_rate": null,
            "research_to_sale_ratio": null,
            "price_fair": 103.88,
            "eps_avg_yearly": 2.97,
            "eps_latest_yearly": 3,
            "eps_growth_yearly": 5625.58
        },
        "20191": {
            "year_quarter": 20191,
            "year": 2019,
            "quarter": 1,
            "eps": 1.03,
            "eps_growth_year": 368.18,
            "eps_4q": -3.18,
            "eps_4q_growth_year": null,
            "roe": -4.55,
            "roe_4q": -13.49,
            "gross_profit": -21520,
            "gross_margin": -375.24,
            "gross_margin_4q_avg": -202.38,
            "net_income": -34969,
            "revenue": 5735,
            "common_shares": 338241,
            "book_valuer_per_share": 22.21,
            "book_valuer_per_share_4q_avg": 23.95,
            "equity": 751258,
            "current_ratio": 212.24,
            "debt_ratio": 50.9,
            "inventory_turnover_ratio": 0.17,
            "account_receivable_turnover_ratio": 0.05,
            "reinvestment_rate": null,
            "research_to_sale_ratio": null,
            "price_fair": 103.88,
            "eps_avg_yearly": 2.97,
            "eps_latest_yearly": 3,
            "eps_growth_yearly": 5625.58
        },
        "20192": {
            "year_quarter": 20192,
            "year": 2019,
            "quarter": 2,
            "eps": -2.57,
            "eps_growth_year": null,
            "eps_4q": -4.93,
            "eps_4q_growth_year": null,
            "roe": -13,
            "roe_4q": -25.96,
            "gross_profit": -22304,
            "gross_margin": -615.62,
            "gross_margin_4q_avg": -380.58,
            "net_income": -95973,
            "revenue": 3623,
            "common_shares": 399741,
            "book_valuer_per_share": 18.14,
            "book_valuer_per_share_4q_avg": 22.04,
            "equity": 725238,
            "current_ratio": 463.23,
            "debt_ratio": 32.56,
            "inventory_turnover_ratio": 0.17,
            "account_receivable_turnover_ratio": 0.04,
            "reinvestment_rate": null,
            "research_to_sale_ratio": null,
            "price_fair": 103.88,
            "eps_avg_yearly": 2.97,
            "eps_latest_yearly": 3,
            "eps_growth_yearly": 5625.58
        },
        "20193": {
            "year_quarter": 20193,
            "year": 2019,
            "quarter": 3,
            "eps": -2.67,
            "eps_growth_year": null,
            "eps_4q": -6.9,
            "eps_4q_growth_year": null,
            "roe": -16.25,
            "roe_4q": -39.75,
            "gross_profit": 9656,
            "gross_margin": 86.21,
            "gross_margin_4q_avg": -346.73,
            "net_income": -110426,
            "revenue": 11201,
            "common_shares": 419741,
            "book_valuer_per_share": 15.1,
            "book_valuer_per_share_4q_avg": 19.68,
            "equity": 633953,
            "current_ratio": 401.31,
            "debt_ratio": 35.21,
            "inventory_turnover_ratio": 0.01,
            "account_receivable_turnover_ratio": 0.25,
            "reinvestment_rate": null,
            "research_to_sale_ratio": null,
            "price_fair": 129.15,
            "eps_avg_yearly": 3.69,
            "eps_latest_yearly": 3,
            "eps_growth_yearly": 7122.89
        },
        "20194": {
            "year_quarter": 20194,
            "year": 2019,
            "quarter": 4,
            "eps": 0.54,
            "eps_growth_year": null,
            "eps_4q": -5.21,
            "eps_4q_growth_year": null,
            "roe": 4.33,
            "roe_4q": -29.470000000000002,
            "gross_profit": 22720,
            "gross_margin": 84148.15,
            "gross_margin_4q_avg": 20810.88,
            "net_income": 22767,
            "revenue": 27,
            "common_shares": 419741,
            "book_valuer_per_share": 9.95,
            "book_valuer_per_share_4q_avg": 16.35,
            "equity": 417470,
            "current_ratio": 243.9,
            "debt_ratio": 46.3,
            "inventory_turnover_ratio": -0.29,
            "account_receivable_turnover_ratio": 0,
            "reinvestment_rate": null,
            "research_to_sale_ratio": null,
            "price_fair": 8.92,
            "eps_avg_yearly": 2.97,
            "eps_latest_yearly": 3,
            "eps_growth_yearly": -102.82
        },
        "20201": {
            "year_quarter": 20201,
            "year": 2020,
            "quarter": 1,
            "eps": -0.33,
            "eps_growth_year": -132.04,
            "eps_4q": -4.7,
            "eps_4q_growth_year": null,
            "roe": -3.4,
            "roe_4q": -28.32,
            "gross_profit": -3336,
            "gross_margin": -5560,
            "gross_margin_4q_avg": 19514.69,
            "net_income": -13854,
            "revenue": 60,
            "common_shares": 419741,
            "book_valuer_per_share": 9.44,
            "book_valuer_per_share_4q_avg": 13.16,
            "equity": 396310,
            "current_ratio": 217.29,
            "debt_ratio": 47.8,
            "inventory_turnover_ratio": 0.23,
            "account_receivable_turnover_ratio": 0,
            "reinvestment_rate": null,
            "research_to_sale_ratio": null,
            "price_fair": 9.18,
            "eps_avg_yearly": 3.06,
            "eps_latest_yearly": 3,
            "eps_growth_yearly": -50.12
        },
        "20202": {
            "year_quarter": 20202,
            "year": 2020,
            "quarter": 2,
            "eps": -1.3,
            "eps_growth_year": null,
            "eps_4q": -3.72,
            "eps_4q_growth_year": null,
            "roe": -14.88,
            "roe_4q": -30.200000000000003,
            "gross_profit": -20893,
            "gross_margin": -17.8,
            "gross_margin_4q_avg": 19664.14,
            "net_income": -54726,
            "revenue": 117404,
            "common_shares": 419741,
            "book_valuer_per_share": 8.08,
            "book_valuer_per_share_4q_avg": 10.64,
            "equity": 339335,
            "current_ratio": 201.27,
            "debt_ratio": 51.84,
            "inventory_turnover_ratio": 10.33,
            "account_receivable_turnover_ratio": 2.05,
            "reinvestment_rate": null,
            "research_to_sale_ratio": null,
            "price_fair": 9.18,
            "eps_avg_yearly": 3.06,
            "eps_latest_yearly": 3,
            "eps_growth_yearly": -50.12
        },
        "20203": {
            "year_quarter": 20203,
            "year": 2020,
            "quarter": 3,
            "eps": -0.39,
            "eps_growth_year": null,
            "eps_4q": -1.47,
            "eps_4q_growth_year": null,
            "roe": -4.86,
            "roe_4q": -18.810000000000002,
            "gross_profit": -6476,
            "gross_margin": -591.42,
            "gross_margin_4q_avg": 19494.73,
            "net_income": -16042,
            "revenue": 1095,
            "common_shares": 419741,
            "book_valuer_per_share": 7.65,
            "book_valuer_per_share_4q_avg": 8.78,
            "equity": 321203,
            "current_ratio": 179.57,
            "debt_ratio": 53.38,
            "inventory_turnover_ratio": 0.57,
            "account_receivable_turnover_ratio": 0.01,
            "reinvestment_rate": null,
            "research_to_sale_ratio": null,
            "price_fair": 9.18,
            "eps_avg_yearly": 3.06,
            "eps_latest_yearly": 3,
            "eps_growth_yearly": -50.12
        },
        "20204": {
            "year_quarter": 20204,
            "year": 2020,
            "quarter": 4,
            "eps": -0.76,
            "eps_growth_year": -239.5,
            "eps_4q": -2.77,
            "eps_4q_growth_year": null,
            "roe": -10.39,
            "roe_4q": -33.53,
            "gross_profit": 40,
            "gross_margin": 55.56,
            "gross_margin_4q_avg": -1528.42,
            "net_income": -31760,
            "revenue": 72,
            "common_shares": 419741,
            "book_valuer_per_share": 6.91,
            "book_valuer_per_share_4q_avg": 8.02,
            "equity": 289967,
            "current_ratio": 169.23,
            "debt_ratio": 57.5,
            "inventory_turnover_ratio": 0,
            "account_receivable_turnover_ratio": 0,
            "reinvestment_rate": null,
            "research_to_sale_ratio": null,
            "price_fair": 9.18,
            "eps_avg_yearly": 3.06,
            "eps_latest_yearly": 3,
            "eps_growth_yearly": -50.12
        },
        "20211": {
            "year_quarter": 20211,
            "year": 2021,
            "quarter": 1,
            "eps": -0.91,
            "eps_growth_year": null,
            "eps_4q": -3.17,
            "eps_4q_growth_year": null,
            "roe": -14.25,
            "roe_4q": -44.38,
            "gross_profit": -27154,
            "gross_margin": -246854.55,
            "gross_margin_4q_avg": -61852.05,
            "net_income": -40714,
            "revenue": 11,
            "common_shares": 451941,
            "book_valuer_per_share": 6.23,
            "book_valuer_per_share_4q_avg": 7.22,
            "equity": 281413,
            "current_ratio": 173.83,
            "debt_ratio": 54.87,
            "inventory_turnover_ratio": 2.5,
            "account_receivable_turnover_ratio": 0,
            "reinvestment_rate": null,
            "research_to_sale_ratio": null,
            "price_fair": 9,
            "eps_avg_yearly": 3,
            "eps_latest_yearly": 3,
            "eps_growth_yearly": -15.38
        },
        "20212": {
            "year_quarter": 20212,
            "year": 2021,
            "quarter": 2,
            "eps": -1.14,
            "eps_growth_year": null,
            "eps_4q": -3.1,
            "eps_4q_growth_year": null,
            "roe": -20.31,
            "roe_4q": -49.81,
            "gross_profit": 64,
            "gross_margin": 88.89,
            "gross_margin_4q_avg": -61825.38,
            "net_income": -51590,
            "revenue": 72,
            "common_shares": 451941,
            "book_valuer_per_share": 5.02,
            "book_valuer_per_share_4q_avg": 6.45,
            "equity": 226672,
            "current_ratio": 160.24,
            "debt_ratio": 57.27,
            "inventory_turnover_ratio": 0,
            "account_receivable_turnover_ratio": 0,
            "reinvestment_rate": null,
            "research_to_sale_ratio": null,
            "price_fair": 0,
            "eps_avg_yearly": 0,
            "eps_latest_yearly": 0,
            "eps_growth_yearly": 0
        },
        "20213": {
            "year_quarter": 20213,
            "year": 2021,
            "quarter": 3,
            "eps": -0.35,
            "eps_growth_year": null,
            "eps_4q": -3.09,
            "eps_4q_growth_year": null,
            "roe": -7.19,
            "roe_4q": -52.14,
            "gross_profit": -9977,
            "gross_margin": null,
            "gross_margin_4q_avg": -61677.53,
            "net_income": -15714,
            "revenue": 0,
            "common_shares": 451941,
            "book_valuer_per_share": 4.66,
            "book_valuer_per_share_4q_avg": 5.71,
            "equity": 210589,
            "current_ratio": 152.93,
            "debt_ratio": 59.32,
            "inventory_turnover_ratio": 1.19,
            "account_receivable_turnover_ratio": 0,
            "reinvestment_rate": null,
            "research_to_sale_ratio": null,
            "price_fair": 0,
            "eps_avg_yearly": 0,
            "eps_latest_yearly": 0,
            "eps_growth_yearly": 0
        },
        "20214": {
            "year_quarter": 20214,
            "year": 2021,
            "quarter": 4,
            "eps": -1.6,
            "eps_growth_year": null,
            "eps_4q": -3.8,
            "eps_4q_growth_year": null,
            "roe": -41.17,
            "roe_4q": -82.92,
            "gross_profit": -8955,
            "gross_margin": -1732.11,
            "gross_margin_4q_avg": -62124.44,
            "net_income": -78730,
            "revenue": 517,
            "common_shares": 491941,
            "book_valuer_per_share": 3.49,
            "book_valuer_per_share_4q_avg": 4.85,
            "equity": 171902,
            "current_ratio": 135.3,
            "debt_ratio": 62.63,
            "inventory_turnover_ratio": 1.13,
            "account_receivable_turnover_ratio": 0.02,
            "reinvestment_rate": null,
            "research_to_sale_ratio": null,
            "price_fair": 0,
            "eps_avg_yearly": 0,
            "eps_latest_yearly": 0,
            "eps_growth_yearly": 0
        },
        "20221": {
            "year_quarter": 20221,
            "year": 2022,
            "quarter": 1,
            "eps": -0.43,
            "eps_growth_year": null,
            "eps_4q": -3.37,
            "eps_4q_growth_year": null,
            "roe": -12.87,
            "roe_4q": -81.53999999999999,
            "gross_profit": -13117,
            "gross_margin": null,
            "gross_margin_4q_avg": -410.81,
            "net_income": -21067,
            "revenue": 0,
            "common_shares": 491941,
            "book_valuer_per_share": 3.16,
            "book_valuer_per_share_4q_avg": 4.08,
            "equity": 155494,
            "current_ratio": 121.39,
            "debt_ratio": 64.81,
            "inventory_turnover_ratio": 2.24,
            "account_receivable_turnover_ratio": 0,
            "reinvestment_rate": null,
            "research_to_sale_ratio": null,
            "price_fair": 0,
            "eps_avg_yearly": 0,
            "eps_latest_yearly": 0,
            "eps_growth_yearly": 0
        },
        "20222": {
            "year_quarter": 20222,
            "year": 2022,
            "quarter": 2,
            "eps": -0.3,
            "eps_growth_year": null,
            "eps_4q": -2.42,
            "eps_4q_growth_year": null,
            "roe": -9.35,
            "roe_4q": -70.58,
            "gross_profit": -6684,
            "gross_margin": -2918.78,
            "gross_margin_4q_avg": -1162.72,
            "net_income": -15702,
            "revenue": 229,
            "common_shares": 541941,
            "book_valuer_per_share": 3.33,
            "book_valuer_per_share_4q_avg": 3.66,
            "equity": 180228,
            "current_ratio": 151.44,
            "debt_ratio": 61.84,
            "inventory_turnover_ratio": 2.06,
            "account_receivable_turnover_ratio": 3.27,
            "reinvestment_rate": null,
            "research_to_sale_ratio": null,
            "price_fair": 0,
            "eps_avg_yearly": 0,
            "eps_latest_yearly": 0,
            "eps_growth_yearly": 0
        },
        "20223": {
            "year_quarter": 20223,
            "year": 2022,
            "quarter": 3,
            "eps": -0.4,
            "eps_growth_year": null,
            "eps_4q": -2.53,
            "eps_4q_growth_year": null,
            "roe": -12.72,
            "roe_4q": -76.11,
            "gross_profit": -2751,
            "gross_margin": -682.63,
            "gross_margin_4q_avg": -1333.38,
            "net_income": -21638,
            "revenue": 403,
            "common_shares": 541941,
            "book_valuer_per_share": 2.93,
            "book_valuer_per_share_4q_avg": 3.23,
            "equity": 160119,
            "current_ratio": 140.98,
            "debt_ratio": 63.47,
            "inventory_turnover_ratio": 0.94,
            "account_receivable_turnover_ratio": 1.61,
            "reinvestment_rate": null,
            "research_to_sale_ratio": null,
            "price_fair": 0,
            "eps_avg_yearly": 0,
            "eps_latest_yearly": 0,
            "eps_growth_yearly": 0
        }
    },
    "months": {
        "2014-12": {
            "month": "2014-12",
            "price": "97.75",
            "revenue": 70173
        },
        "2015-01": {
            "month": "2015-01",
            "price": "91.31",
            "revenue": 3071
        },
        "2015-02": {
            "month": "2015-02",
            "price": "94.42",
            "revenue": 5816
        },
        "2015-03": {
            "month": "2015-03",
            "price": "89.47",
            "revenue": 115551
        },
        "2015-04": {
            "month": "2015-04",
            "price": "102.90",
            "revenue": 1841
        },
        "2015-05": {
            "month": "2015-05",
            "price": "103.20",
            "revenue": 892
        },
        "2015-06": {
            "month": "2015-06",
            "price": "110.89",
            "revenue": 18022
        },
        "2015-07": {
            "month": "2015-07",
            "price": "125.15",
            "revenue": 1070
        },
        "2015-08": {
            "month": "2015-08",
            "price": "125.39",
            "revenue": 6680
        },
        "2015-09": {
            "month": "2015-09",
            "price": "116.48",
            "revenue": 27048
        },
        "2015-10": {
            "month": "2015-10",
            "price": "120.81",
            "revenue": 36382
        },
        "2015-11": {
            "month": "2015-11",
            "price": "126.66",
            "revenue": 25252
        },
        "2015-12": {
            "month": "2015-12",
            "price": "140.56",
            "revenue": 71152
        },
        "2016-01": {
            "month": "2016-01",
            "price": "142.12",
            "revenue": 33241
        },
        "2016-02": {
            "month": "2016-02",
            "price": "146.46",
            "revenue": 41367
        },
        "2016-03": {
            "month": "2016-03",
            "price": "108.27",
            "revenue": 39906
        },
        "2016-04": {
            "month": "2016-04",
            "price": "93.77",
            "revenue": 37881
        },
        "2016-05": {
            "month": "2016-05",
            "price": "91.44",
            "revenue": 25926
        },
        "2016-06": {
            "month": "2016-06",
            "price": "83.06",
            "revenue": 35719
        },
        "2016-07": {
            "month": "2016-07",
            "price": "78.87",
            "revenue": 20920
        },
        "2016-08": {
            "month": "2016-08",
            "price": "76.89",
            "revenue": 48274
        },
        "2016-09": {
            "month": "2016-09",
            "price": "75.64",
            "revenue": 134558
        },
        "2016-10": {
            "month": "2016-10",
            "price": "75.60",
            "revenue": 30601
        },
        "2016-11": {
            "month": "2016-11",
            "price": "60.05",
            "revenue": 48822
        },
        "2016-12": {
            "month": "2016-12",
            "price": "61.76",
            "revenue": 55123
        },
        "2017-01": {
            "month": "2017-01",
            "price": "64.81",
            "revenue": 31406
        },
        "2017-02": {
            "month": "2017-02",
            "price": "61.92",
            "revenue": 45608
        },
        "2017-03": {
            "month": "2017-03",
            "price": "62.34",
            "revenue": 66344
        },
        "2017-04": {
            "month": "2017-04",
            "price": "63.06",
            "revenue": 25123
        },
        "2017-05": {
            "month": "2017-05",
            "price": "61.11",
            "revenue": 34224
        },
        "2017-06": {
            "month": "2017-06",
            "price": "53.90",
            "revenue": 53862
        },
        "2017-07": {
            "month": "2017-07",
            "price": "74.26",
            "revenue": 22927
        },
        "2017-08": {
            "month": "2017-08",
            "price": "62.73",
            "revenue": 10447
        },
        "2017-09": {
            "month": "2017-09",
            "price": "61.50",
            "revenue": 90660
        },
        "2017-10": {
            "month": "2017-10",
            "price": "59.22",
            "revenue": 684
        },
        "2017-11": {
            "month": "2017-11",
            "price": "57.39",
            "revenue": 911
        },
        "2017-12": {
            "month": "2017-12",
            "price": "43.76",
            "revenue": 837
        },
        "2018-01": {
            "month": "2018-01",
            "price": "41.46",
            "revenue": 440
        },
        "2018-02": {
            "month": "2018-02",
            "price": "40.01",
            "revenue": 46700
        },
        "2018-03": {
            "month": "2018-03",
            "price": "43.65",
            "revenue": 16694
        },
        "2018-04": {
            "month": "2018-04",
            "price": "45.01",
            "revenue": 156
        },
        "2018-05": {
            "month": "2018-05",
            "price": "29.86",
            "revenue": 17334
        },
        "2018-06": {
            "month": "2018-06",
            "price": "15.26",
            "revenue": 4703
        },
        "2018-07": {
            "month": "2018-07",
            "price": "15.35",
            "revenue": 1924
        },
        "2018-08": {
            "month": "2018-08",
            "price": "17.65",
            "revenue": 443
        },
        "2018-09": {
            "month": "2018-09",
            "price": "14.44",
            "revenue": 536
        },
        "2018-10": {
            "month": "2018-10",
            "price": "13.57",
            "revenue": 556
        },
        "2018-11": {
            "month": "2018-11",
            "price": "13.32",
            "revenue": 35
        },
        "2018-12": {
            "month": "2018-12",
            "price": "12.86",
            "revenue": 4532
        },
        "2019-01": {
            "month": "2019-01",
            "price": "13.06",
            "revenue": 4514
        },
        "2019-02": {
            "month": "2019-02",
            "price": "14.36",
            "revenue": 18
        },
        "2019-03": {
            "month": "2019-03",
            "price": "12.18",
            "revenue": 1200
        },
        "2019-04": {
            "month": "2019-04",
            "price": "11.84",
            "revenue": 1623
        },
        "2019-05": {
            "month": "2019-05",
            "price": "12.18",
            "revenue": 1075
        },
        "2019-06": {
            "month": "2019-06",
            "price": "12.13",
            "revenue": 920
        },
        "2019-07": {
            "month": "2019-07",
            "price": "12.16",
            "revenue": 9696
        },
        "2019-08": {
            "month": "2019-08",
            "price": "11.99",
            "revenue": 25
        },
        "2019-09": {
            "month": "2019-09",
            "price": "11.77",
            "revenue": 1486
        },
        "2019-10": {
            "month": "2019-10",
            "price": "10.03",
            "revenue": 30
        },
        "2019-11": {
            "month": "2019-11",
            "price": "11.04",
            "revenue": 44
        },
        "2019-12": {
            "month": "2019-12",
            "price": "10.40",
            "revenue": -11
        },
        "2020-01": {
            "month": "2020-01",
            "price": "9.95",
            "revenue": 37
        },
        "2020-02": {
            "month": "2020-02",
            "price": "9.46",
            "revenue": 3
        },
        "2020-03": {
            "month": "2020-03",
            "price": "8.12",
            "revenue": 20
        },
        "2020-04": {
            "month": "2020-04",
            "price": "7.55",
            "revenue": 0
        },
        "2020-05": {
            "month": "2020-05",
            "price": "8.22",
            "revenue": 0
        },
        "2020-06": {
            "month": "2020-06",
            "price": "8.71",
            "revenue": 117404
        },
        "2020-07": {
            "month": "2020-07",
            "price": "10.28",
            "revenue": 1000
        },
        "2020-08": {
            "month": "2020-08",
            "price": "9.26",
            "revenue": 0
        },
        "2020-09": {
            "month": "2020-09",
            "price": "7.76",
            "revenue": 95
        },
        "2020-10": {
            "month": "2020-10",
            "price": "7.38",
            "revenue": 29
        },
        "2020-11": {
            "month": "2020-11",
            "price": "8.36",
            "revenue": 0
        },
        "2020-12": {
            "month": "2020-12",
            "price": "10.29",
            "revenue": 43
        },
        "2021-01": {
            "month": "2021-01",
            "price": "11.54",
            "revenue": 11
        },
        "2021-02": {
            "month": "2021-02",
            "price": "11.62",
            "revenue": 0
        },
        "2021-03": {
            "month": "2021-03",
            "price": "10.29",
            "revenue": 0
        },
        "2021-04": {
            "month": "2021-04",
            "price": "9.61",
            "revenue": 0
        },
        "2021-05": {
            "month": "2021-05",
            "price": "9.28",
            "revenue": 72
        },
        "2021-06": {
            "month": "2021-06",
            "price": "9.87",
            "revenue": 0
        },
        "2021-07": {
            "month": "2021-07",
            "price": "11.48",
            "revenue": 0
        },
        "2021-08": {
            "month": "2021-08",
            "price": "10.98",
            "revenue": 0
        },
        "2021-09": {
            "month": "2021-09",
            "price": "10.94",
            "revenue": 0
        },
        "2021-10": {
            "month": "2021-10",
            "price": "10.26",
            "revenue": 286
        },
        "2021-11": {
            "month": "2021-11",
            "price": "9.61",
            "revenue": 22
        },
        "2021-12": {
            "month": "2021-12",
            "price": "9.97",
            "revenue": 210
        },
        "2022-01": {
            "month": "2022-01",
            "price": "10.41",
            "revenue": 0
        },
        "2022-02": {
            "month": "2022-02",
            "price": "10.44",
            "revenue": 0
        },
        "2022-03": {
            "month": "2022-03",
            "price": "10.10",
            "revenue": 0
        },
        "2022-04": {
            "month": "2022-04",
            "price": "10.79",
            "revenue": 0
        },
        "2022-05": {
            "month": "2022-05",
            "price": "10.31",
            "revenue": 95
        },
        "2022-06": {
            "month": "2022-06",
            "price": "9.84",
            "revenue": 133
        },
        "2022-07": {
            "month": "2022-07",
            "price": "10.47",
            "revenue": 152
        },
        "2022-08": {
            "month": "2022-08",
            "price": "10.25",
            "revenue": 219
        },
        "2022-09": {
            "month": "2022-09",
            "price": "9.15",
            "revenue": 32
        },
        "2022-10": {
            "month": "2022-10",
            "price": "8.74",
            "revenue": 1535
        },
        "2022-11": {
            "month": "2022-11",
            "price": "7.26",
            "revenue": 5
        },
        "2022-12": {
            "month": "2022-12",
            "price": "6.12",
            "revenue": 15
        },
        "2023-01": {
            "month": "2023-01",
            "price": "7.35",
            "revenue": 0
        },
        "2023-02": {
            "month": "2023-02",
            "price": "7.65",
            "revenue": 0
        },
        "2023-03": {
            "month": "2023-03",
            "price": "6.54",
            "revenue": 170
        },
        "2023-04": {
            "month": "2023-04",
            "price": "5.89",
            "revenue": 1000
        }
    }
}
