{
    "summary": {
        "stock_name": "Apple Inc",
        "stock_id": "AAPL",
        "category": "Computer and Technology",
        "main_business": "蘋果公司於1977年1月3日根據加利福尼亞州法律註冊成立。公司設計，製造和銷售智慧手機，個人計算機，平板電腦，可穿戴裝置和配件，並提供各種相關服務。",
        "website_url": "https://www.apple.com/",
        "ceo": "Timothy D. Cook",
        "pe_ratio": 30,
        "report_year_from": 1994,
        "report_year_to": 2023,
        "age": 29,
        "eps_negative_percentage": 0,
        "eps_growth_avg": {
            "last_all": 36.45,
            "last_2y": 30.23,
            "last_4y": 24.09,
            "last_8y": 19.75,
            "last_12y": 29.16,
            "last_16y": 36.45,
            "last_20y": 36.45,
            "at_2006_last_3y": 60,
            "at_2007_last_3y": 61.25,
            "at_2008_last_3y": 69.04,
            "at_2009_last_3y": 60.11,
            "at_2010_last_3y": 63.08,
            "at_2011_last_3y": 67.46,
            "at_2012_last_3y": 61.2,
            "at_2013_last_3y": 50.34,
            "at_2014_last_3y": 35.71,
            "at_2015_last_3y": 26.43,
            "at_2016_last_3y": 9.03,
            "at_2017_last_3y": 14.34,
            "at_2018_last_3y": 18.93,
            "at_2019_last_3y": 7.72,
            "at_2020_last_3y": 12.74,
            "at_2021_last_3y": 27.93,
            "at_2022_last_3y": 22.18,
            "at_2023_last_3y": 22.18,
            "at_2006_last_all": 60,
            "at_2007_last_all": 61.25,
            "at_2008_last_all": 69.04,
            "at_2009_last_all": 60.11,
            "at_2010_last_all": 62.46,
            "at_2011_last_all": 65.39,
            "at_2012_last_all": 64.56,
            "at_2013_last_all": 55.22,
            "at_2014_last_all": 50.57,
            "at_2015_last_all": 49.8,
            "at_2016_last_all": 44.37,
            "at_2017_last_all": 41.6,
            "at_2018_last_all": 40.84,
            "at_2019_last_all": 37.78,
            "at_2020_last_all": 35.93,
            "at_2021_last_all": 38.18,
            "at_2022_last_all": 36.45,
            "at_2023_last_all": 36.45
        },
        "latest_eps": 5.89,
        "latest_price": 175.43,
        "latest_roe": 165.72,
        "latest_gross_margin": 44.26,
        "latest_equity": 62158000,
        "latest_revenue": 94836000,
        "latest_gross_profit": 41976000,
        "latest_net_income": 24160000,
        "latest_debt_ratio": 81.29,
        "latest_current_ratio": 94.04,
        "latest_account_receivable_turnover_ratio": 2.11,
        "latest_inventory_turnover_ratio": 7.39,
        "latest_reinvestment_rate": 0.07,
        "latest_research_to_sale_ratio": 7.86
    },
    "eps_dividends": {
        "1995": {
            "cash": 0,
            "stock": 0,
            "eps": 0
        },
        "2001": {
            "cash": 0,
            "stock": 0,
            "eps": 0
        },
        "2002": {
            "cash": 0,
            "stock": 0,
            "eps": 0
        },
        "2003": {
            "cash": 0,
            "stock": 0,
            "eps": 0
        },
        "2004": {
            "cash": 0,
            "stock": 0,
            "eps": 0
        },
        "2005": {
            "cash": 0,
            "stock": 0,
            "eps": 0.05
        },
        "2006": {
            "cash": 0,
            "stock": 0,
            "eps": 0.08
        },
        "2007": {
            "cash": 0,
            "stock": 0,
            "eps": 0.13
        },
        "2008": {
            "cash": 0,
            "stock": 0,
            "eps": 0.24
        },
        "2009": {
            "cash": 0,
            "stock": 0,
            "eps": 0.32
        },
        "2010": {
            "cash": 0,
            "stock": 0,
            "eps": 0.55
        },
        "2011": {
            "cash": 0,
            "stock": 0,
            "eps": 0.99
        },
        "2012": {
            "cash": 0,
            "stock": 0,
            "eps": 1.58
        },
        "2013": {
            "cash": 0,
            "stock": 0,
            "eps": 1.42
        },
        "2014": {
            "cash": 0,
            "stock": 0,
            "eps": 1.61
        },
        "2015": {
            "cash": 0,
            "stock": 0,
            "eps": 2.3
        },
        "2016": {
            "cash": 0,
            "stock": 0,
            "eps": 2.07
        },
        "2017": {
            "cash": 0,
            "stock": 0,
            "eps": 2.3
        },
        "2018": {
            "cash": 0,
            "stock": 0,
            "eps": 3.03
        },
        "2019": {
            "cash": 0,
            "stock": 0,
            "eps": 2.97
        },
        "2020": {
            "cash": 0,
            "stock": 0,
            "eps": 3.27
        },
        "2021": {
            "cash": 0,
            "stock": 0,
            "eps": 5.62
        },
        "2022": {
            "cash": 0,
            "stock": 0,
            "eps": 6.11
        },
        "2023": {
            "cash": 0,
            "stock": 0,
            "eps": 3.4
        }
    },
    "dividends": {
        "1995-06-23": {
            "cash": 0,
            "stock": 0
        },
        "1995-09-08": {
            "cash": 0,
            "stock": 0
        },
        "1995-12-15": {
            "cash": 0,
            "stock": 0
        },
        "2012-08-16": {
            "cash": 0.09,
            "stock": 0
        },
        "2012-11-15": {
            "cash": 0.09,
            "stock": 0
        },
        "2013-02-14": {
            "cash": 0.09,
            "stock": 0
        },
        "2013-05-16": {
            "cash": 0.11,
            "stock": 0
        },
        "2013-08-15": {
            "cash": 0.11,
            "stock": 0
        },
        "2013-11-14": {
            "cash": 0.11,
            "stock": 0
        },
        "2014-02-13": {
            "cash": 0.11,
            "stock": 0
        },
        "2014-05-15": {
            "cash": 0.12,
            "stock": 0
        },
        "2014-08-14": {
            "cash": 0.12,
            "stock": 0
        },
        "2014-11-13": {
            "cash": 0.12,
            "stock": 0
        },
        "2015-02-12": {
            "cash": 0.12,
            "stock": 0
        },
        "2015-05-14": {
            "cash": 0.13,
            "stock": 0
        },
        "2015-08-13": {
            "cash": 0.13,
            "stock": 0
        },
        "2015-11-12": {
            "cash": 0.13,
            "stock": 0
        },
        "2016-02-11": {
            "cash": 0.13,
            "stock": 0
        },
        "2016-05-12": {
            "cash": 0.14,
            "stock": 0
        },
        "2016-08-11": {
            "cash": 0.14,
            "stock": 0
        },
        "2016-11-10": {
            "cash": 0.14,
            "stock": 0
        },
        "2017-02-16": {
            "cash": 0.14,
            "stock": 0
        },
        "2017-05-18": {
            "cash": 0.16,
            "stock": 0
        },
        "2017-08-17": {
            "cash": 0.16,
            "stock": 0
        },
        "2017-11-16": {
            "cash": 0.16,
            "stock": 0
        },
        "2018-02-15": {
            "cash": 0.16,
            "stock": 0
        },
        "2018-05-17": {
            "cash": 0.18,
            "stock": 0
        },
        "2018-08-16": {
            "cash": 0.18,
            "stock": 0
        },
        "2018-11-15": {
            "cash": 0.18,
            "stock": 0
        },
        "2019-02-14": {
            "cash": 0.18,
            "stock": 0
        },
        "2019-05-16": {
            "cash": 0.19,
            "stock": 0
        },
        "2019-08-15": {
            "cash": 0.19,
            "stock": 0
        },
        "2019-11-14": {
            "cash": 0.19,
            "stock": 0
        },
        "2020-02-13": {
            "cash": 0.19,
            "stock": 0
        },
        "2020-05-14": {
            "cash": 0.21,
            "stock": 0
        },
        "2020-08-13": {
            "cash": 0.21,
            "stock": 0
        },
        "2020-11-12": {
            "cash": 0.21,
            "stock": 0
        },
        "2021-02-11": {
            "cash": 0.21,
            "stock": 0
        },
        "2021-05-13": {
            "cash": 0.22,
            "stock": 0
        },
        "2021-08-12": {
            "cash": 0.22,
            "stock": 0
        },
        "2021-11-11": {
            "cash": 0.22,
            "stock": 0
        },
        "2022-02-10": {
            "cash": 0.22,
            "stock": 0
        },
        "2022-05-12": {
            "cash": 0.23,
            "stock": 0
        },
        "2022-11-12": {
            "cash": 0.23,
            "stock": 0
        },
        "2023-02-10": {
            "cash": 0.23,
            "stock": 0
        },
        "2023-05-12": {
            "cash": 0.23,
            "stock": 0
        },
        "2023-08-11": {
            "cash": 0.23,
            "stock": 0
        }
    },
    "prices": {
        "200101": "0.33",
        "200102": "0.35",
        "200103": "0.37",
        "200104": "0.41",
        "200105": "0.42",
        "200106": "0.38",
        "200107": "0.38",
        "200108": "0.33",
        "200109": "0.30",
        "200110": "0.31",
        "200111": "0.35",
        "200112": "0.39",
        "200201": "0.40",
        "200202": "0.43",
        "200203": "0.43",
        "200204": "0.44",
        "200205": "0.43",
        "200206": "0.35",
        "200207": "0.29",
        "200208": "0.27",
        "200209": "0.26",
        "200210": "0.26",
        "200211": "0.29",
        "200212": "0.26",
        "200301": "0.26",
        "200302": "0.26",
        "200303": "0.26",
        "200304": "0.25",
        "200305": "0.32",
        "200306": "0.32",
        "200307": "0.36",
        "200308": "0.37",
        "200309": "0.40",
        "200310": "0.41",
        "200311": "0.39",
        "200312": "0.37",
        "200401": "0.41",
        "200402": "0.41",
        "200403": "0.47",
        "200404": "0.49",
        "200405": "0.48",
        "200406": "0.56",
        "200407": "0.56",
        "200408": "0.57",
        "200409": "0.66",
        "200410": "0.79",
        "200411": "1.03",
        "200412": "1.15",
        "200501": "1.24",
        "200502": "1.50",
        "200503": "1.50",
        "200504": "1.38",
        "200505": "1.33",
        "200506": "1.34",
        "200507": "1.46",
        "200508": "1.61",
        "200509": "1.82",
        "200510": "1.93",
        "200511": "2.27",
        "200512": "2.61",
        "200601": "2.78",
        "200602": "2.48",
        "200603": "2.29",
        "200604": "2.39",
        "200605": "2.39",
        "200606": "2.10",
        "200607": "2.07",
        "200608": "2.39",
        "200609": "2.64",
        "200610": "2.75",
        "200611": "3.05",
        "200612": "3.09",
        "200701": "3.17",
        "200702": "3.06",
        "200703": "3.24",
        "200704": "3.35",
        "200705": "3.89",
        "200706": "4.35",
        "200707": "4.86",
        "200708": "4.64",
        "200709": "5.07",
        "200710": "6.14",
        "200711": "6.24",
        "200712": "6.80",
        "200801": "5.73",
        "200802": "4.47",
        "200803": "4.67",
        "200804": "5.65",
        "200805": "6.60",
        "200806": "6.37",
        "200807": "5.99",
        "200808": "6.11",
        "200809": "5.04",
        "200810": "3.54",
        "200811": "3.36",
        "200812": "3.27",
        "200901": "3.17",
        "200902": "3.36",
        "200903": "3.48",
        "200904": "4.29",
        "200905": "4.58",
        "200906": "4.98",
        "200907": "5.33",
        "200908": "5.94",
        "200909": "6.35",
        "200910": "6.89",
        "200911": "7.15",
        "200912": "7.11",
        "201001": "7.42",
        "201002": "7.10",
        "201003": "7.98",
        "201004": "8.97",
        "201005": "8.98",
        "201006": "9.33",
        "201007": "9.11",
        "201008": "8.98",
        "201009": "9.78",
        "201010": "10.75",
        "201011": "11.13",
        "201012": "11.48",
        "201101": "12.09",
        "201102": "12.54",
        "201103": "12.41",
        "201104": "12.16",
        "201105": "12.21",
        "201106": "11.82",
        "201107": "13.29",
        "201108": "13.46",
        "201109": "14.02",
        "201110": "14.19",
        "201111": "13.74",
        "201112": "14.03",
        "201201": "15.31",
        "201202": "17.77",
        "201203": "20.63",
        "201204": "21.64",
        "201205": "20.17",
        "201206": "20.52",
        "201207": "21.47",
        "201208": "22.95",
        "201209": "24.34",
        "201210": "22.67",
        "201211": "20.16",
        "201212": "19.00",
        "201301": "17.78",
        "201302": "16.31",
        "201303": "15.78",
        "201304": "14.99",
        "201305": "15.94",
        "201306": "15.20",
        "201307": "15.33",
        "201308": "17.32",
        "201309": "17.15",
        "201310": "18.03",
        "201311": "18.74",
        "201312": "19.99",
        "201401": "19.19",
        "201402": "18.81",
        "201403": "19.04",
        "201404": "19.32",
        "201405": "21.54",
        "201406": "22.97",
        "201407": "23.91",
        "201408": "24.61",
        "201409": "25.14",
        "201410": "25.42",
        "201411": "28.32",
        "201412": "28.10",
        "201501": "27.66",
        "201502": "31.36",
        "201503": "31.49",
        "201504": "31.82",
        "201505": "32.19",
        "201506": "31.95",
        "201507": "31.33",
        "201508": "28.35",
        "201509": "28.20",
        "201510": "28.34",
        "201511": "29.54",
        "201512": "27.93",
        "201601": "24.61",
        "201602": "23.94",
        "201603": "26.07",
        "201604": "26.68",
        "201605": "23.74",
        "201606": "24.16",
        "201607": "24.64",
        "201608": "26.92",
        "201609": "27.71",
        "201610": "28.93",
        "201611": "27.54",
        "201612": "28.58",
        "201701": "29.89",
        "201702": "33.43",
        "201703": "35.15",
        "201704": "35.72",
        "201705": "38.06",
        "201706": "36.96",
        "201707": "37.07",
        "201708": "39.76",
        "201709": "39.40",
        "201710": "39.45",
        "201711": "43.10",
        "201712": "42.97",
        "201801": "43.50",
        "201802": "41.91",
        "201803": "43.62",
        "201804": "42.46",
        "201805": "46.38",
        "201806": "47.16",
        "201807": "47.58",
        "201808": "53.34",
        "201809": "55.52",
        "201810": "55.21",
        "201811": "47.81",
        "201812": "41.07",
        "201901": "38.54",
        "201902": "42.93",
        "201903": "45.82",
        "201904": "50.13",
        "201905": "47.82",
        "201906": "48.24",
        "201907": "51.30",
        "201908": "51.24",
        "201909": "54.50",
        "201910": "58.82",
        "201911": "65.63",
        "201912": "69.13",
        "202001": "77.98",
        "202002": "77.82",
        "202003": "65.61",
        "202004": "68.10",
        "202005": "77.50",
        "202006": "86.45",
        "202007": "95.56",
        "202008": "117.30",
        "202009": "115.12",
        "202010": "116.41",
        "202011": "116.83",
        "202012": "127.29",
        "202101": "133.04",
        "202102": "131.53",
        "202103": "121.87",
        "202104": "131.81",
        "202105": "126.78",
        "202106": "129.96",
        "202107": "145.14",
        "202108": "148.18",
        "202109": "148.31",
        "202110": "145.56",
        "202111": "154.26",
        "202112": "173.55",
        "202201": "169.86",
        "202202": "169.83",
        "202203": "165.31",
        "202204": "166.82",
        "202205": "148.43",
        "202206": "139.80",
        "202207": "149.67",
        "202208": "166.89",
        "202209": "153.00",
        "202210": "145.01",
        "202211": "145.84",
        "202212": "137.88",
        "202301": "135.78",
        "202302": "150.97",
        "202303": "154.96",
        "202304": "165.05",
        "202305": "172.16"
    },
    "quarters": {
        "20012": {
            "year_quarter": 20012,
            "year": 2001,
            "quarter": 2,
            "eps": 0,
            "eps_growth_year": -80.93,
            "eps_4q": 0.01,
            "eps_4q_growth_year": -75.03,
            "roe": 1.15,
            "roe_4q": 1.15,
            "gross_profit": 385000,
            "gross_margin": 26.9,
            "gross_margin_4q_avg": 26.9,
            "net_income": 43000,
            "revenue": 1431000,
            "common_shares": 1599000,
            "book_valuer_per_share": 0.19,
            "book_valuer_per_share_4q_avg": 0.19,
            "equity": 3738000,
            "current_ratio": 297.77,
            "debt_ratio": 39.02,
            "inventory_turnover_ratio": 67.48,
            "account_receivable_turnover_ratio": 2.65,
            "reinvestment_rate": -4.41,
            "research_to_sale_ratio": 7.06,
            "price_fair": 0,
            "eps_avg_yearly": 0,
            "eps_latest_yearly": 0,
            "eps_growth_yearly": 0
        },
        "20013": {
            "year_quarter": 20013,
            "year": 2001,
            "quarter": 3,
            "eps": 0,
            "eps_growth_year": -61.7,
            "eps_4q": 0,
            "eps_4q_growth_year": -90.86,
            "roe": 1.61,
            "roe_4q": 2.76,
            "gross_profit": 434000,
            "gross_margin": 29.42,
            "gross_margin_4q_avg": 28.16,
            "net_income": 61000,
            "revenue": 1475000,
            "common_shares": 1673000,
            "book_valuer_per_share": 0.2,
            "book_valuer_per_share_4q_avg": 0.2,
            "equity": 3858000,
            "current_ratio": 325.15,
            "debt_ratio": 36.45,
            "inventory_turnover_ratio": 71.79,
            "account_receivable_turnover_ratio": 2.39,
            "reinvestment_rate": 0.49,
            "research_to_sale_ratio": 7.53,
            "price_fair": 0,
            "eps_avg_yearly": 0,
            "eps_latest_yearly": 0,
            "eps_growth_yearly": 0
        },
        "20014": {
            "year_quarter": 20014,
            "year": 2001,
            "quarter": 4,
            "eps": 0,
            "eps_growth_year": -60.55,
            "eps_4q": -0,
            "eps_4q_growth_year": -104.32,
            "roe": 1.7,
            "roe_4q": 4.46,
            "gross_profit": 437000,
            "gross_margin": 30.14,
            "gross_margin_4q_avg": 28.82,
            "net_income": 66000,
            "revenue": 1450000,
            "common_shares": 1693000,
            "book_valuer_per_share": 0.2,
            "book_valuer_per_share_4q_avg": 0.2,
            "equity": 3920000,
            "current_ratio": 338.8,
            "debt_ratio": 34.89,
            "inventory_turnover_ratio": 67.53,
            "account_receivable_turnover_ratio": 2.73,
            "reinvestment_rate": 15.85,
            "research_to_sale_ratio": 8,
            "price_fair": 0,
            "eps_avg_yearly": 0,
            "eps_latest_yearly": 0,
            "eps_growth_yearly": 0
        },
        "20021": {
            "year_quarter": 20021,
            "year": 2002,
            "quarter": 1,
            "eps": 0,
            "eps_growth_year": null,
            "eps_4q": 0.01,
            "eps_4q_growth_year": -35.77,
            "roe": 0.96,
            "roe_4q": 5.42,
            "gross_profit": 422000,
            "gross_margin": 30.69,
            "gross_margin_4q_avg": 29.29,
            "net_income": 38000,
            "revenue": 1375000,
            "common_shares": 1706000,
            "book_valuer_per_share": 0.2,
            "book_valuer_per_share_4q_avg": 0.2,
            "equity": 3966000,
            "current_ratio": 333.88,
            "debt_ratio": 35.22,
            "inventory_turnover_ratio": 56.06,
            "account_receivable_turnover_ratio": 2.85,
            "reinvestment_rate": 15.7,
            "research_to_sale_ratio": 8.22,
            "price_fair": 0,
            "eps_avg_yearly": 0,
            "eps_latest_yearly": 0,
            "eps_growth_yearly": 0
        },
        "20022": {
            "year_quarter": 20022,
            "year": 2002,
            "quarter": 2,
            "eps": 0,
            "eps_growth_year": -10.55,
            "eps_4q": 0.01,
            "eps_4q_growth_year": 24.47,
            "roe": 1,
            "roe_4q": 5.2700000000000005,
            "gross_profit": 409000,
            "gross_margin": 27.36,
            "gross_margin_4q_avg": 29.4,
            "net_income": 40000,
            "revenue": 1495000,
            "common_shares": 1747000,
            "book_valuer_per_share": 0.2,
            "book_valuer_per_share_4q_avg": 0.2,
            "equity": 4014000,
            "current_ratio": 316.79,
            "debt_ratio": 35.92,
            "inventory_turnover_ratio": 44.33,
            "account_receivable_turnover_ratio": 2.62,
            "reinvestment_rate": 18.41,
            "research_to_sale_ratio": 7.42,
            "price_fair": 0,
            "eps_avg_yearly": 0,
            "eps_latest_yearly": 0,
            "eps_growth_yearly": 0
        },
        "20023": {
            "year_quarter": 20023,
            "year": 2002,
            "quarter": 3,
            "eps": 0,
            "eps_growth_year": -57.41,
            "eps_4q": 0.01,
            "eps_4q_growth_year": 184.07,
            "roe": 0.79,
            "roe_4q": 4.45,
            "gross_profit": 391000,
            "gross_margin": 27.36,
            "gross_margin_4q_avg": 28.89,
            "net_income": 32000,
            "revenue": 1429000,
            "common_shares": 1808000,
            "book_valuer_per_share": 0.2,
            "book_valuer_per_share_4q_avg": 0.2,
            "equity": 4066000,
            "current_ratio": 316.82,
            "debt_ratio": 35.39,
            "inventory_turnover_ratio": 34.6,
            "account_receivable_turnover_ratio": 2.25,
            "reinvestment_rate": 18.45,
            "research_to_sale_ratio": 7.42,
            "price_fair": 0,
            "eps_avg_yearly": 0,
            "eps_latest_yearly": 0,
            "eps_growth_yearly": 0
        },
        "20024": {
            "year_quarter": 20024,
            "year": 2002,
            "quarter": 4,
            "eps": -0,
            "eps_growth_year": -160.42,
            "eps_4q": 0,
            "eps_4q_growth_year": null,
            "roe": -1.1,
            "roe_4q": 1.65,
            "gross_profit": 381000,
            "gross_margin": 26.4,
            "gross_margin_4q_avg": 27.95,
            "net_income": -45000,
            "revenue": 1443000,
            "common_shares": 1826000,
            "book_valuer_per_share": 0.2,
            "book_valuer_per_share_4q_avg": 0.2,
            "equity": 4095000,
            "current_ratio": 324.97,
            "debt_ratio": 34.98,
            "inventory_turnover_ratio": 26.89,
            "account_receivable_turnover_ratio": 2.42,
            "reinvestment_rate": 22.33,
            "research_to_sale_ratio": 8.04,
            "price_fair": 0,
            "eps_avg_yearly": 0,
            "eps_latest_yearly": 0,
            "eps_growth_yearly": 0
        },
        "20031": {
            "year_quarter": 20031,
            "year": 2003,
            "quarter": 1,
            "eps": 0,
            "eps_growth_year": -83.7,
            "eps_4q": 0,
            "eps_4q_growth_year": -83.29,
            "roe": -0.15,
            "roe_4q": 0.54,
            "gross_profit": 406000,
            "gross_margin": 27.58,
            "gross_margin_4q_avg": 27.18,
            "net_income": -6000,
            "revenue": 1472000,
            "common_shares": 1840000,
            "book_valuer_per_share": 0.2,
            "book_valuer_per_share_4q_avg": 0.2,
            "equity": 4116000,
            "current_ratio": 337.55,
            "debt_ratio": 34.34,
            "inventory_turnover_ratio": 23.96,
            "account_receivable_turnover_ratio": 2.77,
            "reinvestment_rate": 24.11,
            "research_to_sale_ratio": 8.22,
            "price_fair": 0,
            "eps_avg_yearly": 0,
            "eps_latest_yearly": 0,
            "eps_growth_yearly": 0
        },
        "20032": {
            "year_quarter": 20032,
            "year": 2003,
            "quarter": 2,
            "eps": 0,
            "eps_growth_year": -58.97,
            "eps_4q": 0,
            "eps_4q_growth_year": -92.71,
            "roe": 0.34,
            "roe_4q": -0.12,
            "gross_profit": 418000,
            "gross_margin": 28.34,
            "gross_margin_4q_avg": 27.42,
            "net_income": 14000,
            "revenue": 1475000,
            "common_shares": 1919000,
            "book_valuer_per_share": 0.2,
            "book_valuer_per_share_4q_avg": 0.2,
            "equity": 4139000,
            "current_ratio": 272.45,
            "debt_ratio": 34.93,
            "inventory_turnover_ratio": 24.87,
            "account_receivable_turnover_ratio": 2.98,
            "reinvestment_rate": 26.94,
            "research_to_sale_ratio": 8.07,
            "price_fair": 0,
            "eps_avg_yearly": 0,
            "eps_latest_yearly": 0,
            "eps_growth_yearly": 0
        },
        "20033": {
            "year_quarter": 20033,
            "year": 2003,
            "quarter": 3,
            "eps": 0,
            "eps_growth_year": -42.24,
            "eps_4q": 0,
            "eps_4q_growth_year": -98.13,
            "roe": 0.46,
            "roe_4q": -0.45000000000000007,
            "gross_profit": 428000,
            "gross_margin": 27.7,
            "gross_margin_4q_avg": 27.51,
            "net_income": 19000,
            "revenue": 1545000,
            "common_shares": 1935000,
            "book_valuer_per_share": 0.2,
            "book_valuer_per_share_4q_avg": 0.2,
            "equity": 4198000,
            "current_ratio": 273.88,
            "debt_ratio": 34.82,
            "inventory_turnover_ratio": 28.28,
            "account_receivable_turnover_ratio": 2.92,
            "reinvestment_rate": -1.89,
            "research_to_sale_ratio": 7.77,
            "price_fair": 0,
            "eps_avg_yearly": 0,
            "eps_latest_yearly": 0,
            "eps_growth_yearly": 0
        },
        "20034": {
            "year_quarter": 20034,
            "year": 2003,
            "quarter": 4,
            "eps": 0,
            "eps_growth_year": null,
            "eps_4q": 0,
            "eps_4q_growth_year": -3.94,
            "roe": 0.97,
            "roe_4q": 1.62,
            "gross_profit": 456000,
            "gross_margin": 26.59,
            "gross_margin_4q_avg": 27.55,
            "net_income": 41000,
            "revenue": 1715000,
            "common_shares": 1926000,
            "book_valuer_per_share": 0.2,
            "book_valuer_per_share_4q_avg": 0.2,
            "equity": 4223000,
            "current_ratio": 249.77,
            "debt_ratio": 38.03,
            "inventory_turnover_ratio": 26.79,
            "account_receivable_turnover_ratio": 2.57,
            "reinvestment_rate": -202.83,
            "research_to_sale_ratio": 6.47,
            "price_fair": 0,
            "eps_avg_yearly": 0,
            "eps_latest_yearly": 0,
            "eps_growth_yearly": 0
        },
        "20041": {
            "year_quarter": 20041,
            "year": 2004,
            "quarter": 1,
            "eps": 0,
            "eps_growth_year": 571.11,
            "eps_4q": 0.01,
            "eps_4q_growth_year": 234.33,
            "roe": 1.47,
            "roe_4q": 3.2399999999999998,
            "gross_profit": 536000,
            "gross_margin": 26.72,
            "gross_margin_4q_avg": 27.34,
            "net_income": 63000,
            "revenue": 2006000,
            "common_shares": 1960000,
            "book_valuer_per_share": 0.2,
            "book_valuer_per_share_4q_avg": 0.2,
            "equity": 4330000,
            "current_ratio": 253.11,
            "debt_ratio": 37.89,
            "inventory_turnover_ratio": 20.28,
            "account_receivable_turnover_ratio": 2.97,
            "reinvestment_rate": -154.07,
            "research_to_sale_ratio": 5.93,
            "price_fair": 0,
            "eps_avg_yearly": 0,
            "eps_latest_yearly": 0,
            "eps_growth_yearly": 0
        },
        "20042": {
            "year_quarter": 20042,
            "year": 2004,
            "quarter": 2,
            "eps": 0,
            "eps_growth_year": 213.75,
            "eps_4q": 0.01,
            "eps_4q_growth_year": 880.23,
            "roe": 1.04,
            "roe_4q": 3.9399999999999995,
            "gross_profit": 530000,
            "gross_margin": 27.76,
            "gross_margin_4q_avg": 27.19,
            "net_income": 46000,
            "revenue": 1909000,
            "common_shares": 2107000,
            "book_valuer_per_share": 0.21,
            "book_valuer_per_share_4q_avg": 0.2,
            "equity": 4490000,
            "current_ratio": 292.12,
            "debt_ratio": 33.33,
            "inventory_turnover_ratio": 18.14,
            "account_receivable_turnover_ratio": 3.26,
            "reinvestment_rate": -150.09,
            "research_to_sale_ratio": 6.44,
            "price_fair": 0,
            "eps_avg_yearly": 0,
            "eps_latest_yearly": 0,
            "eps_growth_yearly": 0
        },
        "20043": {
            "year_quarter": 20043,
            "year": 2004,
            "quarter": 3,
            "eps": 0,
            "eps_growth_year": 226.88,
            "eps_4q": 0.01,
            "eps_4q_growth_year": 5755.56,
            "roe": 1.31,
            "roe_4q": 4.79,
            "gross_profit": 559000,
            "gross_margin": 27.76,
            "gross_margin_4q_avg": 27.21,
            "net_income": 61000,
            "revenue": 2014000,
            "common_shares": 2369000,
            "book_valuer_per_share": 0.22,
            "book_valuer_per_share_4q_avg": 0.21,
            "equity": 4812000,
            "current_ratio": 291.69,
            "debt_ratio": 33.38,
            "inventory_turnover_ratio": 21.56,
            "account_receivable_turnover_ratio": 3.32,
            "reinvestment_rate": -119.5,
            "research_to_sale_ratio": 6.21,
            "price_fair": 0,
            "eps_avg_yearly": 0,
            "eps_latest_yearly": 0,
            "eps_growth_yearly": 0
        },
        "20044": {
            "year_quarter": 20044,
            "year": 2004,
            "quarter": 4,
            "eps": 0,
            "eps_growth_year": 146.7,
            "eps_4q": 0.01,
            "eps_4q_growth_year": 223.61,
            "roe": 2.14,
            "roe_4q": 5.96,
            "gross_profit": 634000,
            "gross_margin": 26.98,
            "gross_margin_4q_avg": 27.31,
            "net_income": 106000,
            "revenue": 2350000,
            "common_shares": 2514000,
            "book_valuer_per_share": 0.23,
            "book_valuer_per_share_4q_avg": 0.22,
            "equity": 5076000,
            "current_ratio": 266.13,
            "debt_ratio": 36.94,
            "inventory_turnover_ratio": 19.84,
            "account_receivable_turnover_ratio": 3.35,
            "reinvestment_rate": -17.47,
            "research_to_sale_ratio": 5.19,
            "price_fair": 0,
            "eps_avg_yearly": 0,
            "eps_latest_yearly": 0,
            "eps_growth_yearly": 0
        },
        "20051": {
            "year_quarter": 20051,
            "year": 2005,
            "quarter": 1,
            "eps": 0.01,
            "eps_growth_year": 316.23,
            "eps_4q": 0.02,
            "eps_4q_growth_year": 241.96,
            "roe": 5.43,
            "roe_4q": 9.920000000000002,
            "gross_profit": 996000,
            "gross_margin": 28.54,
            "gross_margin_4q_avg": 27.76,
            "net_income": 295000,
            "revenue": 3490000,
            "common_shares": 2911000,
            "book_valuer_per_share": 0.25,
            "book_valuer_per_share_4q_avg": 0.23,
            "equity": 5790000,
            "current_ratio": 258.13,
            "debt_ratio": 38.15,
            "inventory_turnover_ratio": 19.41,
            "account_receivable_turnover_ratio": 4.26,
            "reinvestment_rate": 28.95,
            "research_to_sale_ratio": 3.52,
            "price_fair": 0,
            "eps_avg_yearly": 0,
            "eps_latest_yearly": 0,
            "eps_growth_yearly": 0
        },
        "20052": {
            "year_quarter": 20052,
            "year": 2005,
            "quarter": 2,
            "eps": 0.01,
            "eps_growth_year": 381.67,
            "eps_4q": 0.03,
            "eps_4q_growth_year": 286.24,
            "roe": 4.76,
            "roe_4q": 13.64,
            "gross_profit": 968000,
            "gross_margin": 29.85,
            "gross_margin_4q_avg": 28.28,
            "net_income": 290000,
            "revenue": 3243000,
            "common_shares": 3195000,
            "book_valuer_per_share": 0.27,
            "book_valuer_per_share_4q_avg": 0.24,
            "equity": 6386000,
            "current_ratio": 268.71,
            "debt_ratio": 36.84,
            "inventory_turnover_ratio": 14.22,
            "account_receivable_turnover_ratio": 3.7,
            "reinvestment_rate": 22.21,
            "research_to_sale_ratio": 3.67,
            "price_fair": 0.4,
            "eps_avg_yearly": 0.04,
            "eps_latest_yearly": 0.04,
            "eps_growth_yearly": 0
        },
        "20053": {
            "year_quarter": 20053,
            "year": 2005,
            "quarter": 3,
            "eps": 0.01,
            "eps_growth_year": 336.84,
            "eps_4q": 0.04,
            "eps_4q_growth_year": 306.07,
            "roe": 4.85,
            "roe_4q": 17.18,
            "gross_profit": 1044000,
            "gross_margin": 29.66,
            "gross_margin_4q_avg": 28.76,
            "net_income": 320000,
            "revenue": 3520000,
            "common_shares": 3299000,
            "book_valuer_per_share": 0.29,
            "book_valuer_per_share_4q_avg": 0.26,
            "equity": 6821000,
            "current_ratio": 300.22,
            "debt_ratio": 34.96,
            "inventory_turnover_ratio": 13.87,
            "account_receivable_turnover_ratio": 4.1,
            "reinvestment_rate": 5.22,
            "research_to_sale_ratio": 4.12,
            "price_fair": 0.4,
            "eps_avg_yearly": 0.04,
            "eps_latest_yearly": 0.04,
            "eps_growth_yearly": 0
        },
        "20054": {
            "year_quarter": 20054,
            "year": 2005,
            "quarter": 4,
            "eps": 0.02,
            "eps_growth_year": 264.81,
            "eps_4q": 0.06,
            "eps_4q_growth_year": 314.52,
            "roe": 6.04,
            "roe_4q": 21.08,
            "gross_profit": 1035000,
            "gross_margin": 28.14,
            "gross_margin_4q_avg": 29.05,
            "net_income": 430000,
            "revenue": 3678000,
            "common_shares": 3564000,
            "book_valuer_per_share": 0.31,
            "book_valuer_per_share_4q_avg": 0.28,
            "equity": 7428000,
            "current_ratio": 295.38,
            "debt_ratio": 35.5,
            "inventory_turnover_ratio": 14.77,
            "account_receivable_turnover_ratio": 4.27,
            "reinvestment_rate": 8.2,
            "research_to_sale_ratio": 4,
            "price_fair": 1.87,
            "eps_avg_yearly": 0.05,
            "eps_latest_yearly": 0.08,
            "eps_growth_yearly": 133.33
        },
        "20061": {
            "year_quarter": 20061,
            "year": 2006,
            "quarter": 1,
            "eps": 0.02,
            "eps_growth_year": 83.61,
            "eps_4q": 0.07,
            "eps_4q_growth_year": 187.99,
            "roe": 7.15,
            "roe_4q": 22.799999999999997,
            "gross_profit": 1564000,
            "gross_margin": 27.2,
            "gross_margin_4q_avg": 28.71,
            "net_income": 565000,
            "revenue": 5749000,
            "common_shares": 3815000,
            "book_valuer_per_share": 0.35,
            "book_valuer_per_share_4q_avg": 0.31,
            "equity": 8380000,
            "current_ratio": 240.36,
            "debt_ratio": 40.91,
            "inventory_turnover_ratio": 20.46,
            "account_receivable_turnover_ratio": 5.17,
            "reinvestment_rate": 8.32,
            "research_to_sale_ratio": 3.17,
            "price_fair": 2.1,
            "eps_avg_yearly": 0.06,
            "eps_latest_yearly": 0.08,
            "eps_growth_yearly": 100
        },
        "20062": {
            "year_quarter": 20062,
            "year": 2006,
            "quarter": 2,
            "eps": 0.02,
            "eps_growth_year": 37.88,
            "eps_4q": 0.07,
            "eps_4q_growth_year": 117.32,
            "roe": 4.81,
            "roe_4q": 22.85,
            "gross_profit": 1297000,
            "gross_margin": 29.75,
            "gross_margin_4q_avg": 28.69,
            "net_income": 410000,
            "revenue": 4359000,
            "common_shares": 4014000,
            "book_valuer_per_share": 0.36,
            "book_valuer_per_share_4q_avg": 0.33,
            "equity": 8682000,
            "current_ratio": 253.28,
            "debt_ratio": 37.59,
            "inventory_turnover_ratio": 13.67,
            "account_receivable_turnover_ratio": 3.98,
            "reinvestment_rate": 13.93,
            "research_to_sale_ratio": 4.04,
            "price_fair": 2.24,
            "eps_avg_yearly": 0.06,
            "eps_latest_yearly": 0.08,
            "eps_growth_yearly": 80
        },
        "20063": {
            "year_quarter": 20063,
            "year": 2006,
            "quarter": 3,
            "eps": 0.02,
            "eps_growth_year": 44.88,
            "eps_4q": 0.08,
            "eps_4q_growth_year": 79.25,
            "roe": 5.24,
            "roe_4q": 23.240000000000002,
            "gross_profit": 1325000,
            "gross_margin": 30.32,
            "gross_margin_4q_avg": 28.85,
            "net_income": 472000,
            "revenue": 4370000,
            "common_shares": 4249000,
            "book_valuer_per_share": 0.39,
            "book_valuer_per_share_4q_avg": 0.35,
            "equity": 9330000,
            "current_ratio": 248.68,
            "debt_ratio": 38.27,
            "inventory_turnover_ratio": 14.6,
            "account_receivable_turnover_ratio": 4.48,
            "reinvestment_rate": 17.43,
            "research_to_sale_ratio": 4,
            "price_fair": 2.33,
            "eps_avg_yearly": 0.07,
            "eps_latest_yearly": 0.08,
            "eps_growth_yearly": 66.67
        },
        "20064": {
            "year_quarter": 20064,
            "year": 2006,
            "quarter": 4,
            "eps": 0.02,
            "eps_growth_year": 24.25,
            "eps_4q": 0.08,
            "eps_4q_growth_year": 45.54,
            "roe": 5.61,
            "roe_4q": 22.810000000000002,
            "gross_profit": 1412000,
            "gross_margin": 29.19,
            "gross_margin_4q_avg": 29.12,
            "net_income": 542000,
            "revenue": 4837000,
            "common_shares": 4355000,
            "book_valuer_per_share": 0.41,
            "book_valuer_per_share_4q_avg": 0.38,
            "equity": 9984000,
            "current_ratio": 225.19,
            "debt_ratio": 41.97,
            "inventory_turnover_ratio": 14.18,
            "account_receivable_turnover_ratio": 4.13,
            "reinvestment_rate": 17.67,
            "research_to_sale_ratio": 3.7,
            "price_fair": 2.4,
            "eps_avg_yearly": 0.07,
            "eps_latest_yearly": 0.08,
            "eps_growth_yearly": 57.14
        },
        "20071": {
            "year_quarter": 20071,
            "year": 2007,
            "quarter": 1,
            "eps": 0.04,
            "eps_growth_year": 77.12,
            "eps_4q": 0.1,
            "eps_4q_growth_year": 49.32,
            "roe": 9.53,
            "roe_4q": 25.19,
            "gross_profit": 2223000,
            "gross_margin": 31.21,
            "gross_margin_4q_avg": 30.12,
            "net_income": 1011000,
            "revenue": 7123000,
            "common_shares": 4594000,
            "book_valuer_per_share": 0.46,
            "book_valuer_per_share_4q_avg": 0.41,
            "equity": 11228000,
            "current_ratio": 227.12,
            "debt_ratio": 42.31,
            "inventory_turnover_ratio": 17.1,
            "account_receivable_turnover_ratio": 4.96,
            "reinvestment_rate": 15.86,
            "research_to_sale_ratio": 2.58,
            "price_fair": 2.8,
            "eps_avg_yearly": 0.08,
            "eps_latest_yearly": 0.16,
            "eps_growth_yearly": 100
        },
        "20072": {
            "year_quarter": 20072,
            "year": 2007,
            "quarter": 2,
            "eps": 0.03,
            "eps_growth_year": 87.04,
            "eps_4q": 0.11,
            "eps_4q_growth_year": 60.16,
            "roe": 6.59,
            "roe_4q": 26.97,
            "gross_profit": 1851000,
            "gross_margin": 35.02,
            "gross_margin_4q_avg": 31.44,
            "net_income": 774000,
            "revenue": 5286000,
            "common_shares": 4848000,
            "book_valuer_per_share": 0.49,
            "book_valuer_per_share_4q_avg": 0.44,
            "equity": 12261000,
            "current_ratio": 292.23,
            "debt_ratio": 34.47,
            "inventory_turnover_ratio": 13.44,
            "account_receivable_turnover_ratio": 4.15,
            "reinvestment_rate": 14.14,
            "research_to_sale_ratio": 3.46,
            "price_fair": 2.96,
            "eps_avg_yearly": 0.08,
            "eps_latest_yearly": 0.12,
            "eps_growth_yearly": 77.78
        },
        "20073": {
            "year_quarter": 20073,
            "year": 2007,
            "quarter": 3,
            "eps": 0.03,
            "eps_growth_year": 75.05,
            "eps_4q": 0.13,
            "eps_4q_growth_year": 66.54,
            "roe": 6.55,
            "roe_4q": 28.28,
            "gross_profit": 2033000,
            "gross_margin": 36.55,
            "gross_margin_4q_avg": 32.99,
            "net_income": 840000,
            "revenue": 5563000,
            "common_shares": 5149000,
            "book_valuer_per_share": 0.54,
            "book_valuer_per_share_4q_avg": 0.48,
            "equity": 13404000,
            "current_ratio": 268.09,
            "debt_ratio": 38.08,
            "inventory_turnover_ratio": 15.38,
            "account_receivable_turnover_ratio": 4.76,
            "reinvestment_rate": 15.27,
            "research_to_sale_ratio": 3.74,
            "price_fair": 3.08,
            "eps_avg_yearly": 0.09,
            "eps_latest_yearly": 0.12,
            "eps_growth_yearly": 70
        },
        "20074": {
            "year_quarter": 20074,
            "year": 2007,
            "quarter": 4,
            "eps": 0.03,
            "eps_growth_year": 57.47,
            "eps_4q": 0.14,
            "eps_4q_growth_year": 73.33,
            "roe": 6.23,
            "roe_4q": 28.9,
            "gross_profit": 2045000,
            "gross_margin": 30.96,
            "gross_margin_4q_avg": 33.44,
            "net_income": 870000,
            "revenue": 6606000,
            "common_shares": 5368000,
            "book_valuer_per_share": 0.58,
            "book_valuer_per_share_4q_avg": 0.52,
            "equity": 14532000,
            "current_ratio": 236.59,
            "debt_ratio": 42.67,
            "inventory_turnover_ratio": 15.28,
            "account_receivable_turnover_ratio": 4.34,
            "reinvestment_rate": 16.18,
            "research_to_sale_ratio": 3.13,
            "price_fair": 3.18,
            "eps_avg_yearly": 0.09,
            "eps_latest_yearly": 0.12,
            "eps_growth_yearly": 63.64
        },
        "20081": {
            "year_quarter": 20081,
            "year": 2008,
            "quarter": 1,
            "eps": 0.07,
            "eps_growth_year": 59.2,
            "eps_4q": 0.16,
            "eps_4q_growth_year": 66.6,
            "roe": 10.47,
            "roe_4q": 29.840000000000003,
            "gross_profit": 3404000,
            "gross_margin": 32.64,
            "gross_margin_4q_avg": 33.79,
            "net_income": 1640000,
            "revenue": 10430000,
            "common_shares": 6046000,
            "book_valuer_per_share": 0.67,
            "book_valuer_per_share_4q_avg": 0.57,
            "equity": 16804000,
            "current_ratio": 248.59,
            "debt_ratio": 44.06,
            "inventory_turnover_ratio": 17.46,
            "account_receivable_turnover_ratio": 5.83,
            "reinvestment_rate": 13.64,
            "research_to_sale_ratio": 2.36,
            "price_fair": 3.73,
            "eps_avg_yearly": 0.11,
            "eps_latest_yearly": 0.28,
            "eps_growth_yearly": 102.78
        },
        "20082": {
            "year_quarter": 20082,
            "year": 2008,
            "quarter": 2,
            "eps": 0.04,
            "eps_growth_year": 40.22,
            "eps_4q": 0.18,
            "eps_4q_growth_year": 56.33,
            "roe": 6.32,
            "roe_4q": 29.57,
            "gross_profit": 2607000,
            "gross_margin": 32.67,
            "gross_margin_4q_avg": 33.21,
            "net_income": 1101000,
            "revenue": 7980000,
            "common_shares": 6342000,
            "book_valuer_per_share": 0.71,
            "book_valuer_per_share_4q_avg": 0.63,
            "equity": 18053000,
            "current_ratio": 277.52,
            "debt_ratio": 40.75,
            "inventory_turnover_ratio": 13.06,
            "account_receivable_turnover_ratio": 4.52,
            "reinvestment_rate": 13.14,
            "research_to_sale_ratio": 3.42,
            "price_fair": 3.88,
            "eps_avg_yearly": 0.11,
            "eps_latest_yearly": 0.16,
            "eps_growth_yearly": 81.68
        },
        "20083": {
            "year_quarter": 20083,
            "year": 2008,
            "quarter": 3,
            "eps": 0.04,
            "eps_growth_year": 32.78,
            "eps_4q": 0.19,
            "eps_4q_growth_year": 47.3,
            "roe": 6,
            "roe_4q": 29.02,
            "gross_profit": 2743000,
            "gross_margin": 36.28,
            "gross_margin_4q_avg": 33.14,
            "net_income": 1131000,
            "revenue": 7561000,
            "common_shares": 6831000,
            "book_valuer_per_share": 0.78,
            "book_valuer_per_share_4q_avg": 0.69,
            "equity": 19622000,
            "current_ratio": 303.62,
            "debt_ratio": 38.12,
            "inventory_turnover_ratio": 10.6,
            "account_receivable_turnover_ratio": 4.75,
            "reinvestment_rate": 13.61,
            "research_to_sale_ratio": 3.86,
            "price_fair": 4,
            "eps_avg_yearly": 0.11,
            "eps_latest_yearly": 0.16,
            "eps_growth_yearly": 75.85
        },
        "20084": {
            "year_quarter": 20084,
            "year": 2008,
            "quarter": 4,
            "eps": 0.09,
            "eps_growth_year": 155.69,
            "eps_4q": 0.24,
            "eps_4q_growth_year": 72.48,
            "roe": 10.72,
            "roe_4q": 33.51,
            "gross_profit": 4443000,
            "gross_margin": 38.57,
            "gross_margin_4q_avg": 35.04,
            "net_income": 2247000,
            "revenue": 11520000,
            "common_shares": 7177000,
            "book_valuer_per_share": 0.87,
            "book_valuer_per_share_4q_avg": 0.76,
            "equity": 22297000,
            "current_ratio": 264.11,
            "debt_ratio": 38.36,
            "inventory_turnover_ratio": 13.43,
            "account_receivable_turnover_ratio": 3.66,
            "reinvestment_rate": 31.68,
            "research_to_sale_ratio": 2.59,
            "price_fair": 4.57,
            "eps_avg_yearly": 0.13,
            "eps_latest_yearly": 0.36,
            "eps_growth_yearly": 104.13
        },
        "20091": {
            "year_quarter": 20091,
            "year": 2009,
            "quarter": 1,
            "eps": 0.09,
            "eps_growth_year": 37.28,
            "eps_4q": 0.27,
            "eps_4q_growth_year": 61.87,
            "roe": 9.98,
            "roe_4q": 33.02,
            "gross_profit": 4507000,
            "gross_margin": 37.94,
            "gross_margin_4q_avg": 36.37,
            "net_income": 2255000,
            "revenue": 11880000,
            "common_shares": 7392000,
            "book_valuer_per_share": 0.9,
            "book_valuer_per_share_4q_avg": 0.82,
            "equity": 22909000,
            "current_ratio": 238.28,
            "debt_ratio": 46.46,
            "inventory_turnover_ratio": 16.29,
            "account_receivable_turnover_ratio": 2.93,
            "reinvestment_rate": 29.1,
            "research_to_sale_ratio": 2.65,
            "price_fair": 5.08,
            "eps_avg_yearly": 0.15,
            "eps_latest_yearly": 0.36,
            "eps_growth_yearly": 97.62
        },
        "20092": {
            "year_quarter": 20092,
            "year": 2009,
            "quarter": 2,
            "eps": 0.06,
            "eps_growth_year": 46.55,
            "eps_4q": 0.29,
            "eps_4q_growth_year": 61.9,
            "roe": 6.86,
            "roe_4q": 33.56,
            "gross_profit": 3627000,
            "gross_margin": 39.93,
            "gross_margin_4q_avg": 38.18,
            "net_income": 1620000,
            "revenue": 9084000,
            "common_shares": 7643000,
            "book_valuer_per_share": 0.95,
            "book_valuer_per_share_4q_avg": 0.88,
            "equity": 24311000,
            "current_ratio": 246.19,
            "debt_ratio": 43.77,
            "inventory_turnover_ratio": 15.42,
            "account_receivable_turnover_ratio": 2.82,
            "reinvestment_rate": 34.8,
            "research_to_sale_ratio": 3.51,
            "price_fair": 5.51,
            "eps_avg_yearly": 0.16,
            "eps_latest_yearly": 0.24,
            "eps_growth_yearly": 89.29
        },
        "20093": {
            "year_quarter": 20093,
            "year": 2009,
            "quarter": 3,
            "eps": 0.07,
            "eps_growth_year": 60.58,
            "eps_4q": 0.31,
            "eps_4q_growth_year": 66.79,
            "roe": 7.28,
            "roe_4q": 34.84,
            "gross_profit": 3983000,
            "gross_margin": 40.92,
            "gross_margin_4q_avg": 39.34,
            "net_income": 1828000,
            "revenue": 9734000,
            "common_shares": 7957000,
            "book_valuer_per_share": 1.01,
            "book_valuer_per_share_4q_avg": 0.93,
            "equity": 25888000,
            "current_ratio": 211.09,
            "debt_ratio": 46.22,
            "inventory_turnover_ratio": 16.62,
            "account_receivable_turnover_ratio": 2.7,
            "reinvestment_rate": 49.25,
            "research_to_sale_ratio": 3.5,
            "price_fair": 6.04,
            "eps_avg_yearly": 0.17,
            "eps_latest_yearly": 0.28,
            "eps_growth_yearly": 93.45
        },
        "20094": {
            "year_quarter": 20094,
            "year": 2009,
            "quarter": 4,
            "eps": 0.1,
            "eps_growth_year": 11.5,
            "eps_4q": 0.32,
            "eps_4q_growth_year": 33.81,
            "roe": 8.8,
            "roe_4q": 32.92,
            "gross_profit": 5105000,
            "gross_margin": 41.82,
            "gross_margin_4q_avg": 40.15,
            "net_income": 2532000,
            "revenue": 12207000,
            "common_shares": 8210000,
            "book_valuer_per_share": 1.23,
            "book_valuer_per_share_4q_avg": 1.02,
            "equity": 31640000,
            "current_ratio": 274.25,
            "debt_ratio": 33.39,
            "inventory_turnover_ratio": 17.01,
            "account_receivable_turnover_ratio": 2.64,
            "reinvestment_rate": 63.65,
            "research_to_sale_ratio": 2.93,
            "price_fair": 6.74,
            "eps_avg_yearly": 0.19,
            "eps_latest_yearly": 0.4,
            "eps_growth_yearly": 79.17
        },
        "20101": {
            "year_quarter": 20101,
            "year": 2010,
            "quarter": 1,
            "eps": 0.13,
            "eps_growth_year": 46.81,
            "eps_4q": 0.37,
            "eps_4q_growth_year": 37.32,
            "roe": 10.02,
            "roe_4q": 32.96,
            "gross_profit": 6411000,
            "gross_margin": 40.88,
            "gross_margin_4q_avg": 40.89,
            "net_income": 3378000,
            "revenue": 15683000,
            "common_shares": 8962000,
            "book_valuer_per_share": 1.39,
            "book_valuer_per_share_4q_avg": 1.15,
            "equity": 35768000,
            "current_ratio": 254.5,
            "debt_ratio": 33.67,
            "inventory_turnover_ratio": 17.99,
            "account_receivable_turnover_ratio": 3.16,
            "reinvestment_rate": 75.64,
            "research_to_sale_ratio": 2.54,
            "price_fair": 7.7,
            "eps_avg_yearly": 0.22,
            "eps_latest_yearly": 0.52,
            "eps_growth_yearly": 86.67
        },
        "20102": {
            "year_quarter": 20102,
            "year": 2010,
            "quarter": 2,
            "eps": 0.12,
            "eps_growth_year": 85.67,
            "eps_4q": 0.42,
            "eps_4q_growth_year": 46.72,
            "roe": 8.18,
            "roe_4q": 34.28,
            "gross_profit": 5625000,
            "gross_margin": 41.67,
            "gross_margin_4q_avg": 41.32,
            "net_income": 3074000,
            "revenue": 13499000,
            "common_shares": 9553000,
            "book_valuer_per_share": 1.51,
            "book_valuer_per_share_4q_avg": 1.29,
            "equity": 39348000,
            "current_ratio": 264.42,
            "debt_ratio": 31.04,
            "inventory_turnover_ratio": 12.97,
            "account_receivable_turnover_ratio": 2.84,
            "reinvestment_rate": 82.39,
            "research_to_sale_ratio": 3.16,
            "price_fair": 8.58,
            "eps_avg_yearly": 0.25,
            "eps_latest_yearly": 0.48,
            "eps_growth_yearly": 84.74
        },
        "20103": {
            "year_quarter": 20103,
            "year": 2010,
            "quarter": 3,
            "eps": 0.13,
            "eps_growth_year": 74.46,
            "eps_4q": 0.47,
            "eps_4q_growth_year": 51.09,
            "roe": 7.89,
            "roe_4q": 34.89,
            "gross_profit": 6136000,
            "gross_margin": 39.08,
            "gross_margin_4q_avg": 40.86,
            "net_income": 3253000,
            "revenue": 15700000,
            "common_shares": 10133000,
            "book_valuer_per_share": 1.65,
            "book_valuer_per_share_4q_avg": 1.45,
            "equity": 43111000,
            "current_ratio": 230.8,
            "debt_ratio": 33.39,
            "inventory_turnover_ratio": 12.11,
            "account_receivable_turnover_ratio": 2.85,
            "reinvestment_rate": 86.35,
            "research_to_sale_ratio": 2.96,
            "price_fair": 9.54,
            "eps_avg_yearly": 0.27,
            "eps_latest_yearly": 0.52,
            "eps_growth_yearly": 86.83
        },
        "20104": {
            "year_quarter": 20104,
            "year": 2010,
            "quarter": 4,
            "eps": 0.17,
            "eps_growth_year": 67.49,
            "eps_4q": 0.54,
            "eps_4q_growth_year": 66.93,
            "roe": 9.48,
            "roe_4q": 35.57,
            "gross_profit": 7512000,
            "gross_margin": 36.93,
            "gross_margin_4q_avg": 39.64,
            "net_income": 4308000,
            "revenue": 20343000,
            "common_shares": 10668000,
            "book_valuer_per_share": 1.82,
            "book_valuer_per_share_4q_avg": 1.59,
            "equity": 47791000,
            "current_ratio": 201.13,
            "debt_ratio": 36.43,
            "inventory_turnover_ratio": 12.88,
            "account_receivable_turnover_ratio": 2.49,
            "reinvestment_rate": 90.38,
            "research_to_sale_ratio": 2.43,
            "price_fair": 10.85,
            "eps_avg_yearly": 0.31,
            "eps_latest_yearly": 0.68,
            "eps_growth_yearly": 94.52
        },
        "20111": {
            "year_quarter": 20111,
            "year": 2011,
            "quarter": 1,
            "eps": 0.23,
            "eps_growth_year": 75.2,
            "eps_4q": 0.64,
            "eps_4q_growth_year": 74.8,
            "roe": 11.72,
            "roe_4q": 37.27,
            "gross_profit": 10298000,
            "gross_margin": 38.51,
            "gross_margin_4q_avg": 39.05,
            "net_income": 6004000,
            "revenue": 26741000,
            "common_shares": 11502000,
            "book_valuer_per_share": 2.07,
            "book_valuer_per_share_4q_avg": 1.76,
            "equity": 54666000,
            "current_ratio": 184.61,
            "debt_ratio": 36.98,
            "inventory_turnover_ratio": 16.99,
            "account_receivable_turnover_ratio": 2.57,
            "reinvestment_rate": 100.91,
            "research_to_sale_ratio": 2.15,
            "price_fair": 12.51,
            "eps_avg_yearly": 0.36,
            "eps_latest_yearly": 0.92,
            "eps_growth_yearly": 78.34
        },
        "20112": {
            "year_quarter": 20112,
            "year": 2011,
            "quarter": 2,
            "eps": 0.23,
            "eps_growth_year": 92.05,
            "eps_4q": 0.75,
            "eps_4q_growth_year": 78.02,
            "roe": 10.31,
            "roe_4q": 39.4,
            "gross_profit": 10218000,
            "gross_margin": 41.42,
            "gross_margin_4q_avg": 38.99,
            "net_income": 5987000,
            "revenue": 24667000,
            "common_shares": 12326000,
            "book_valuer_per_share": 2.33,
            "book_valuer_per_share_4q_avg": 1.97,
            "equity": 61477000,
            "current_ratio": 193.19,
            "debt_ratio": 35.22,
            "inventory_turnover_ratio": 15.92,
            "account_receivable_turnover_ratio": 2.25,
            "reinvestment_rate": 97.81,
            "research_to_sale_ratio": 2.36,
            "price_fair": 14.26,
            "eps_avg_yearly": 0.41,
            "eps_latest_yearly": 0.92,
            "eps_growth_yearly": 84.59
        },
        "20113": {
            "year_quarter": 20113,
            "year": 2011,
            "quarter": 3,
            "eps": 0.28,
            "eps_growth_year": 122.15,
            "eps_4q": 0.9,
            "eps_4q_growth_year": 90.22,
            "roe": 11.17,
            "roe_4q": 42.68000000000001,
            "gross_profit": 11922000,
            "gross_margin": 41.73,
            "gross_margin_4q_avg": 39.65,
            "net_income": 7308000,
            "revenue": 28571000,
            "common_shares": 12715000,
            "book_valuer_per_share": 2.6,
            "book_valuer_per_share_4q_avg": 2.21,
            "equity": 69343000,
            "current_ratio": 174.61,
            "debt_ratio": 35.05,
            "inventory_turnover_ratio": 18.31,
            "account_receivable_turnover_ratio": 2.53,
            "reinvestment_rate": 108.53,
            "research_to_sale_ratio": 2.2,
            "price_fair": 16.45,
            "eps_avg_yearly": 0.47,
            "eps_latest_yearly": 1.12,
            "eps_growth_yearly": 90.03
        },
        "20114": {
            "year_quarter": 20114,
            "year": 2011,
            "quarter": 4,
            "eps": 0.25,
            "eps_growth_year": 51.98,
            "eps_4q": 0.99,
            "eps_4q_growth_year": 82.67,
            "roe": 9.08,
            "roe_4q": 42.28,
            "gross_profit": 11380000,
            "gross_margin": 40.25,
            "gross_margin_4q_avg": 40.48,
            "net_income": 6623000,
            "revenue": 28270000,
            "common_shares": 13331000,
            "book_valuer_per_share": 2.77,
            "book_valuer_per_share_4q_avg": 2.44,
            "equity": 76615000,
            "current_ratio": 160.84,
            "debt_ratio": 34.16,
            "inventory_turnover_ratio": 20.29,
            "account_receivable_turnover_ratio": 2.44,
            "reinvestment_rate": 113.33,
            "research_to_sale_ratio": 2.28,
            "price_fair": 18.38,
            "eps_avg_yearly": 0.53,
            "eps_latest_yearly": 1,
            "eps_growth_yearly": 87.35
        },
        "20121": {
            "year_quarter": 20121,
            "year": 2012,
            "quarter": 1,
            "eps": 0.5,
            "eps_growth_year": 115.64,
            "eps_4q": 1.25,
            "eps_4q_growth_year": 96.04,
            "roe": 15.68,
            "roe_4q": 46.24,
            "gross_profit": 20703000,
            "gross_margin": 44.68,
            "gross_margin_4q_avg": 42.02,
            "net_income": 13064000,
            "revenue": 46333000,
            "common_shares": 13961000,
            "book_valuer_per_share": 3.28,
            "book_valuer_per_share_4q_avg": 2.75,
            "equity": 90054000,
            "current_ratio": 158.27,
            "debt_ratio": 35.06,
            "inventory_turnover_ratio": 25.48,
            "account_receivable_turnover_ratio": 3.29,
            "reinvestment_rate": 111.54,
            "research_to_sale_ratio": 1.64,
            "price_fair": 22.14,
            "eps_avg_yearly": 0.63,
            "eps_latest_yearly": 2,
            "eps_growth_yearly": 79.02
        },
        "20122": {
            "year_quarter": 20122,
            "year": 2012,
            "quarter": 2,
            "eps": 0.44,
            "eps_growth_year": 92.28,
            "eps_4q": 1.46,
            "eps_4q_growth_year": 95.53,
            "roe": 12.07,
            "roe_4q": 48,
            "gross_profit": 18564000,
            "gross_margin": 47.37,
            "gross_margin_4q_avg": 43.51,
            "net_income": 11622000,
            "revenue": 39186000,
            "common_shares": 14850000,
            "book_valuer_per_share": 3.73,
            "book_valuer_per_share_4q_avg": 3.1,
            "equity": 102498000,
            "current_ratio": 158.3,
            "debt_ratio": 32.09,
            "inventory_turnover_ratio": 17.64,
            "account_receivable_turnover_ratio": 2.59,
            "reinvestment_rate": 115.84,
            "research_to_sale_ratio": 2.15,
            "price_fair": 25.64,
            "eps_avg_yearly": 0.73,
            "eps_latest_yearly": 1.76,
            "eps_growth_yearly": 86.73
        },
        "20123": {
            "year_quarter": 20123,
            "year": 2012,
            "quarter": 3,
            "eps": 0.33,
            "eps_growth_year": 19.56,
            "eps_4q": 1.52,
            "eps_4q_growth_year": 68.4,
            "roe": 8.24,
            "roe_4q": 45.07,
            "gross_profit": 14994000,
            "gross_margin": 42.81,
            "gross_margin_4q_avg": 43.78,
            "net_income": 8824000,
            "revenue": 35023000,
            "common_shares": 15573000,
            "book_valuer_per_share": 4.05,
            "book_valuer_per_share_4q_avg": 3.46,
            "equity": 111746000,
            "current_ratio": 157.12,
            "debt_ratio": 31.4,
            "inventory_turnover_ratio": 18.01,
            "account_receivable_turnover_ratio": 2.5,
            "reinvestment_rate": 113.46,
            "research_to_sale_ratio": 2.5,
            "price_fair": 28.18,
            "eps_avg_yearly": 0.81,
            "eps_latest_yearly": 1.32,
            "eps_growth_yearly": 80.48
        },
        "20124": {
            "year_quarter": 20124,
            "year": 2012,
            "quarter": 4,
            "eps": 0.31,
            "eps_growth_year": 23.03,
            "eps_4q": 1.58,
            "eps_4q_growth_year": 59.59,
            "roe": 7.15,
            "roe_4q": 43.14,
            "gross_profit": 14401000,
            "gross_margin": 40.04,
            "gross_margin_4q_avg": 43.73,
            "net_income": 8223000,
            "revenue": 35966000,
            "common_shares": 16422000,
            "book_valuer_per_share": 4.29,
            "book_valuer_per_share_4q_avg": 3.84,
            "equity": 118210000,
            "current_ratio": 149.58,
            "debt_ratio": 32.86,
            "inventory_turnover_ratio": 22.55,
            "account_receivable_turnover_ratio": 2.18,
            "reinvestment_rate": 114.01,
            "research_to_sale_ratio": 2.52,
            "price_fair": 30.1,
            "eps_avg_yearly": 0.86,
            "eps_latest_yearly": 1.24,
            "eps_growth_yearly": 47.71
        },
        "20131": {
            "year_quarter": 20131,
            "year": 2013,
            "quarter": 1,
            "eps": 0.49,
            "eps_growth_year": -0.49,
            "eps_4q": 1.57,
            "eps_4q_growth_year": 25.58,
            "roe": 10.65,
            "roe_4q": 38.11,
            "gross_profit": 21060000,
            "gross_margin": 38.63,
            "gross_margin_4q_avg": 42.21,
            "net_income": 13078000,
            "revenue": 54512000,
            "common_shares": 17167000,
            "book_valuer_per_share": 4.62,
            "book_valuer_per_share_4q_avg": 4.17,
            "equity": 127346000,
            "current_ratio": 154.33,
            "debt_ratio": 35.06,
            "inventory_turnover_ratio": 29.79,
            "account_receivable_turnover_ratio": 2.71,
            "reinvestment_rate": 105.54,
            "research_to_sale_ratio": 1.85,
            "price_fair": 33.6,
            "eps_avg_yearly": 0.96,
            "eps_latest_yearly": 1.96,
            "eps_growth_yearly": 62.23
        },
        "20132": {
            "year_quarter": 20132,
            "year": 2013,
            "quarter": 2,
            "eps": 0.36,
            "eps_growth_year": -17.95,
            "eps_4q": 1.5,
            "eps_4q_growth_year": 2.13,
            "roe": 7.26,
            "roe_4q": 33.300000000000004,
            "gross_profit": 16349000,
            "gross_margin": 37.5,
            "gross_margin_4q_avg": 39.75,
            "net_income": 9547000,
            "revenue": 43603000,
            "common_shares": 17954000,
            "book_valuer_per_share": 4.94,
            "book_valuer_per_share_4q_avg": 4.48,
            "equity": 135490000,
            "current_ratio": 178.37,
            "debt_ratio": 30.43,
            "inventory_turnover_ratio": 20.19,
            "account_receivable_turnover_ratio": 2.5,
            "reinvestment_rate": 102.18,
            "research_to_sale_ratio": 2.57,
            "price_fair": 36.23,
            "eps_avg_yearly": 1.04,
            "eps_latest_yearly": 1.44,
            "eps_growth_yearly": 63.93
        },
        "20133": {
            "year_quarter": 20133,
            "year": 2013,
            "quarter": 3,
            "eps": 0.27,
            "eps_growth_year": -19.87,
            "eps_4q": 1.43,
            "eps_4q_growth_year": -5.89,
            "roe": 5.33,
            "roe_4q": 30.39,
            "gross_profit": 13024000,
            "gross_margin": 36.87,
            "gross_margin_4q_avg": 38.26,
            "net_income": 6900000,
            "revenue": 35323000,
            "common_shares": 19024000,
            "book_valuer_per_share": 4.62,
            "book_valuer_per_share_4q_avg": 4.62,
            "equity": 123354000,
            "current_ratio": 187.83,
            "debt_ratio": 38.28,
            "inventory_turnover_ratio": 15.16,
            "account_receivable_turnover_ratio": 2.64,
            "reinvestment_rate": 93.96,
            "research_to_sale_ratio": 3.33,
            "price_fair": 37.98,
            "eps_avg_yearly": 1.09,
            "eps_latest_yearly": 1.08,
            "eps_growth_yearly": 53.51
        },
        "20134": {
            "year_quarter": 20134,
            "year": 2013,
            "quarter": 4,
            "eps": 0.3,
            "eps_growth_year": -4.72,
            "eps_4q": 1.42,
            "eps_4q_growth_year": -10.27,
            "roe": 6.08,
            "roe_4q": 29.32,
            "gross_profit": 13871000,
            "gross_margin": 37.02,
            "gross_margin_4q_avg": 37.51,
            "net_income": 7512000,
            "revenue": 37472000,
            "common_shares": 19764000,
            "book_valuer_per_share": 4.68,
            "book_valuer_per_share_4q_avg": 4.72,
            "equity": 123549000,
            "current_ratio": 167.86,
            "debt_ratio": 40.31,
            "inventory_turnover_ratio": 13.64,
            "account_receivable_turnover_ratio": 2.2,
            "reinvestment_rate": 88.18,
            "research_to_sale_ratio": 3.12,
            "price_fair": 39.73,
            "eps_avg_yearly": 1.14,
            "eps_latest_yearly": 1.2,
            "eps_growth_yearly": 45.58
        },
        "20141": {
            "year_quarter": 20141,
            "year": 2014,
            "quarter": 1,
            "eps": 0.52,
            "eps_growth_year": 5.03,
            "eps_4q": 1.44,
            "eps_4q_growth_year": -8.56,
            "roe": 10.32,
            "roe_4q": 28.989999999999995,
            "gross_profit": 21846000,
            "gross_margin": 37.93,
            "gross_margin_4q_avg": 37.33,
            "net_income": 13072000,
            "revenue": 57594000,
            "common_shares": 20559000,
            "book_valuer_per_share": 4.94,
            "book_valuer_per_share_4q_avg": 4.8,
            "equity": 129684000,
            "current_ratio": 149.43,
            "debt_ratio": 42.41,
            "inventory_turnover_ratio": 18.4,
            "account_receivable_turnover_ratio": 2.51,
            "reinvestment_rate": 86.89,
            "research_to_sale_ratio": 2.31,
            "price_fair": 43.14,
            "eps_avg_yearly": 1.23,
            "eps_latest_yearly": 2.08,
            "eps_growth_yearly": 56.41
        },
        "20142": {
            "year_quarter": 20142,
            "year": 2014,
            "quarter": 2,
            "eps": 0.42,
            "eps_growth_year": 15.18,
            "eps_4q": 1.49,
            "eps_4q_growth_year": -0.08,
            "roe": 8.18,
            "roe_4q": 29.909999999999997,
            "gross_profit": 17947000,
            "gross_margin": 39.32,
            "gross_margin_4q_avg": 37.79,
            "net_income": 10223000,
            "revenue": 45646000,
            "common_shares": 8617450,
            "book_valuer_per_share": 4.73,
            "book_valuer_per_share_4q_avg": 4.74,
            "equity": 120179000,
            "current_ratio": 163.26,
            "debt_ratio": 41.66,
            "inventory_turnover_ratio": 14.02,
            "account_receivable_turnover_ratio": 2.23,
            "reinvestment_rate": 72.9,
            "research_to_sale_ratio": 3.12,
            "price_fair": 45.76,
            "eps_avg_yearly": 1.31,
            "eps_latest_yearly": 1.68,
            "eps_growth_yearly": 53.53
        },
        "20143": {
            "year_quarter": 20143,
            "year": 2014,
            "quarter": 3,
            "eps": 0.32,
            "eps_growth_year": 20.04,
            "eps_4q": 1.55,
            "eps_4q_growth_year": 8.27,
            "roe": 6.43,
            "roe_4q": 31.009999999999998,
            "gross_profit": 14735000,
            "gross_margin": 39.36,
            "gross_margin_4q_avg": 38.41,
            "net_income": 7748000,
            "revenue": 37432000,
            "common_shares": 22139000,
            "book_valuer_per_share": 4.79,
            "book_valuer_per_share_4q_avg": 4.79,
            "equity": 120940000,
            "current_ratio": 147.06,
            "debt_ratio": 45.65,
            "inventory_turnover_ratio": 13.26,
            "account_receivable_turnover_ratio": 2.29,
            "reinvestment_rate": 81.48,
            "research_to_sale_ratio": 4.28,
            "price_fair": 47.43,
            "eps_avg_yearly": 1.36,
            "eps_latest_yearly": 1.28,
            "eps_growth_yearly": 45.49
        },
        "20144": {
            "year_quarter": 20144,
            "year": 2014,
            "quarter": 4,
            "eps": 0.35,
            "eps_growth_year": 20.1,
            "eps_4q": 1.61,
            "eps_4q_growth_year": 13.59,
            "roe": 7.28,
            "roe_4q": 32.21,
            "gross_profit": 16009000,
            "gross_margin": 38.01,
            "gross_margin_4q_avg": 38.66,
            "net_income": 8467000,
            "revenue": 42123000,
            "common_shares": 23313000,
            "book_valuer_per_share": 4.38,
            "book_valuer_per_share_4q_avg": 4.71,
            "equity": 111547000,
            "current_ratio": 108.01,
            "debt_ratio": 51.89,
            "inventory_turnover_ratio": 14.1,
            "account_receivable_turnover_ratio": 1.91,
            "reinvestment_rate": 77.8,
            "research_to_sale_ratio": 4,
            "price_fair": 49,
            "eps_avg_yearly": 1.4,
            "eps_latest_yearly": 1.4,
            "eps_growth_yearly": 40.14
        },
        "20151": {
            "year_quarter": 20151,
            "year": 2015,
            "quarter": 1,
            "eps": 0.77,
            "eps_growth_year": 47.92,
            "eps_4q": 1.86,
            "eps_4q_growth_year": 28.86,
            "roe": 15.35,
            "roe_4q": 37.239999999999995,
            "gross_profit": 29741000,
            "gross_margin": 39.87,
            "gross_margin_4q_avg": 39.14,
            "net_income": 18024000,
            "revenue": 74599000,
            "common_shares": 24187000,
            "book_valuer_per_share": 4.91,
            "book_valuer_per_share_4q_avg": 4.7,
            "equity": 123328000,
            "current_ratio": 113.3,
            "debt_ratio": 52.91,
            "inventory_turnover_ratio": 20.42,
            "account_receivable_turnover_ratio": 2.61,
            "reinvestment_rate": 78.8,
            "research_to_sale_ratio": 2.54,
            "price_fair": 53.73,
            "eps_avg_yearly": 1.54,
            "eps_latest_yearly": 3.08,
            "eps_growth_yearly": 61.32
        },
        "20152": {
            "year_quarter": 20152,
            "year": 2015,
            "quarter": 2,
            "eps": 0.58,
            "eps_growth_year": 40.05,
            "eps_4q": 2.02,
            "eps_4q_growth_year": 35.27,
            "roe": 10.75,
            "roe_4q": 39.81,
            "gross_profit": 23656000,
            "gross_margin": 40.78,
            "gross_margin_4q_avg": 39.51,
            "net_income": 13569000,
            "revenue": 58010000,
            "common_shares": 25376000,
            "book_valuer_per_share": 5.22,
            "book_valuer_per_share_4q_avg": 4.83,
            "equity": 129006000,
            "current_ratio": 115.6,
            "debt_ratio": 50.61,
            "inventory_turnover_ratio": 14.68,
            "account_receivable_turnover_ratio": 2.41,
            "reinvestment_rate": 76.97,
            "research_to_sale_ratio": 3.31,
            "price_fair": 56.79,
            "eps_avg_yearly": 1.62,
            "eps_latest_yearly": 2.32,
            "eps_growth_yearly": 55.15
        },
        "20153": {
            "year_quarter": 20153,
            "year": 2015,
            "quarter": 3,
            "eps": 0.46,
            "eps_growth_year": 44.46,
            "eps_4q": 2.16,
            "eps_4q_growth_year": 39.79,
            "roe": 8.38,
            "roe_4q": 41.760000000000005,
            "gross_profit": 19681000,
            "gross_margin": 39.68,
            "gross_margin_4q_avg": 39.59,
            "net_income": 10677000,
            "revenue": 49605000,
            "common_shares": 26327000,
            "book_valuer_per_share": 5.12,
            "book_valuer_per_share_4q_avg": 4.91,
            "equity": 125677000,
            "current_ratio": 108.68,
            "debt_ratio": 53.99,
            "inventory_turnover_ratio": 13.49,
            "account_receivable_turnover_ratio": 2.61,
            "reinvestment_rate": 75.31,
            "research_to_sale_ratio": 4.1,
            "price_fair": 58.36,
            "eps_avg_yearly": 1.67,
            "eps_latest_yearly": 1.84,
            "eps_growth_yearly": 44.54
        },
        "20154": {
            "year_quarter": 20154,
            "year": 2015,
            "quarter": 4,
            "eps": 0.49,
            "eps_growth_year": 38.08,
            "eps_4q": 2.3,
            "eps_4q_growth_year": 43.03,
            "roe": 9.08,
            "roe_4q": 43.56,
            "gross_profit": 20548000,
            "gross_margin": 39.9,
            "gross_margin_4q_avg": 40.06,
            "net_income": 11124000,
            "revenue": 51501000,
            "common_shares": 27416000,
            "book_valuer_per_share": 4.94,
            "book_valuer_per_share_4q_avg": 5.05,
            "equity": 119355000,
            "current_ratio": 110.88,
            "debt_ratio": 58.89,
            "inventory_turnover_ratio": 14.1,
            "account_receivable_turnover_ratio": 2.05,
            "reinvestment_rate": 64.82,
            "research_to_sale_ratio": 4.31,
            "price_fair": 60.46,
            "eps_avg_yearly": 1.73,
            "eps_latest_yearly": 1.96,
            "eps_growth_yearly": 48.85
        },
        "20161": {
            "year_quarter": 20161,
            "year": 2016,
            "quarter": 1,
            "eps": 0.82,
            "eps_growth_year": 7.11,
            "eps_4q": 2.35,
            "eps_4q_growth_year": 26.83,
            "roe": 14.83,
            "roe_4q": 43.04,
            "gross_profit": 30423000,
            "gross_margin": 40.1,
            "gross_margin_4q_avg": 40.12,
            "net_income": 18361000,
            "revenue": 75872000,
            "common_shares": 28253000,
            "book_valuer_per_share": 5.37,
            "book_valuer_per_share_4q_avg": 5.16,
            "equity": 128267000,
            "current_ratio": 100.17,
            "debt_ratio": 56.27,
            "inventory_turnover_ratio": 18.94,
            "account_receivable_turnover_ratio": 2.76,
            "reinvestment_rate": 61.86,
            "research_to_sale_ratio": 3.17,
            "price_fair": 63.26,
            "eps_avg_yearly": 1.81,
            "eps_latest_yearly": 3.28,
            "eps_growth_yearly": 40.69
        },
        "20162": {
            "year_quarter": 20162,
            "year": 2016,
            "quarter": 2,
            "eps": 0.47,
            "eps_growth_year": -18.39,
            "eps_4q": 2.25,
            "eps_4q_growth_year": 11.12,
            "roe": 8.13,
            "roe_4q": 40.42,
            "gross_profit": 19921000,
            "gross_margin": 39.4,
            "gross_margin_4q_avg": 39.77,
            "net_income": 10516000,
            "revenue": 50557000,
            "common_shares": 29484000,
            "book_valuer_per_share": 5.54,
            "book_valuer_per_share_4q_avg": 5.24,
            "equity": 130457000,
            "current_ratio": 128.31,
            "debt_ratio": 57.27,
            "inventory_turnover_ratio": 12.95,
            "account_receivable_turnover_ratio": 2.28,
            "reinvestment_rate": 57.31,
            "research_to_sale_ratio": 4.97,
            "price_fair": 63.53,
            "eps_avg_yearly": 1.82,
            "eps_latest_yearly": 1.88,
            "eps_growth_yearly": 33.02
        },
        "20163": {
            "year_quarter": 20163,
            "year": 2016,
            "quarter": 3,
            "eps": 0.36,
            "eps_growth_year": -22.98,
            "eps_4q": 2.14,
            "eps_4q_growth_year": -1.1,
            "roe": 6.07,
            "roe_4q": 38.11,
            "gross_profit": 16106000,
            "gross_margin": 38.02,
            "gross_margin_4q_avg": 39.36,
            "net_income": 7796000,
            "revenue": 42358000,
            "common_shares": 30106000,
            "book_valuer_per_share": 5.46,
            "book_valuer_per_share_4q_avg": 5.33,
            "equity": 126541000,
            "current_ratio": 131.16,
            "debt_ratio": 58.59,
            "inventory_turnover_ratio": 12.77,
            "account_receivable_turnover_ratio": 2.18,
            "reinvestment_rate": 50.13,
            "research_to_sale_ratio": 6.04,
            "price_fair": 63.79,
            "eps_avg_yearly": 1.82,
            "eps_latest_yearly": 1.44,
            "eps_growth_yearly": 33.42
        },
        "20164": {
            "year_quarter": 20164,
            "year": 2016,
            "quarter": 4,
            "eps": 0.42,
            "eps_growth_year": -14.62,
            "eps_4q": 2.07,
            "eps_4q_growth_year": -10.01,
            "roe": 7.08,
            "roe_4q": 36.11,
            "gross_profit": 17813000,
            "gross_margin": 38.02,
            "gross_margin_4q_avg": 38.89,
            "net_income": 9014000,
            "revenue": 46852000,
            "common_shares": 31251000,
            "book_valuer_per_share": 5.6,
            "book_valuer_per_share_4q_avg": 5.49,
            "equity": 128249000,
            "current_ratio": 135.27,
            "debt_ratio": 60.13,
            "inventory_turnover_ratio": 14.66,
            "account_receivable_turnover_ratio": 1.94,
            "reinvestment_rate": 48.24,
            "research_to_sale_ratio": 5.49,
            "price_fair": 64.75,
            "eps_avg_yearly": 1.85,
            "eps_latest_yearly": 1.68,
            "eps_growth_yearly": 39.1
        },
        "20171": {
            "year_quarter": 20171,
            "year": 2017,
            "quarter": 1,
            "eps": 0.84,
            "eps_growth_year": 2.31,
            "eps_4q": 2.09,
            "eps_4q_growth_year": -11.29,
            "roe": 13.73,
            "roe_4q": 35.010000000000005,
            "gross_profit": 30176000,
            "gross_margin": 38.51,
            "gross_margin_4q_avg": 38.49,
            "net_income": 17891000,
            "revenue": 78351000,
            "common_shares": 32144000,
            "book_valuer_per_share": 5.9,
            "book_valuer_per_share_4q_avg": 5.63,
            "equity": 132390000,
            "current_ratio": 122.82,
            "debt_ratio": 60.02,
            "inventory_turnover_ratio": 19.89,
            "account_receivable_turnover_ratio": 2.74,
            "reinvestment_rate": 50.75,
            "research_to_sale_ratio": 3.66,
            "price_fair": 67.81,
            "eps_avg_yearly": 1.94,
            "eps_latest_yearly": 3.36,
            "eps_growth_yearly": 49.58
        },
        "20172": {
            "year_quarter": 20172,
            "year": 2017,
            "quarter": 2,
            "eps": 0.52,
            "eps_growth_year": 10.44,
            "eps_4q": 2.14,
            "eps_4q_growth_year": -4.87,
            "roe": 8.28,
            "roe_4q": 35.16,
            "gross_profit": 20591000,
            "gross_margin": 38.93,
            "gross_margin_4q_avg": 38.37,
            "net_income": 11029000,
            "revenue": 52896000,
            "common_shares": 33579000,
            "book_valuer_per_share": 6.05,
            "book_valuer_per_share_4q_avg": 5.75,
            "equity": 134082000,
            "current_ratio": 139.06,
            "debt_ratio": 59.92,
            "inventory_turnover_ratio": 11.49,
            "account_receivable_turnover_ratio": 2.18,
            "reinvestment_rate": 53.08,
            "research_to_sale_ratio": 5.25,
            "price_fair": 69.21,
            "eps_avg_yearly": 1.98,
            "eps_latest_yearly": 2.08,
            "eps_growth_yearly": 46.69
        },
        "20173": {
            "year_quarter": 20173,
            "year": 2017,
            "quarter": 3,
            "eps": 0.42,
            "eps_growth_year": 16.92,
            "eps_4q": 2.2,
            "eps_4q_growth_year": 2.67,
            "roe": 6.54,
            "roe_4q": 35.63,
            "gross_profit": 17488000,
            "gross_margin": 38.51,
            "gross_margin_4q_avg": 38.49,
            "net_income": 8717000,
            "revenue": 45408000,
            "common_shares": 34445000,
            "book_valuer_per_share": 6.01,
            "book_valuer_per_share_4q_avg": 5.89,
            "equity": 132425000,
            "current_ratio": 138.83,
            "debt_ratio": 61.64,
            "inventory_turnover_ratio": 9.22,
            "account_receivable_turnover_ratio": 2.1,
            "reinvestment_rate": 49.65,
            "research_to_sale_ratio": 6.47,
            "price_fair": 70.53,
            "eps_avg_yearly": 2.02,
            "eps_latest_yearly": 1.68,
            "eps_growth_yearly": 48.13
        },
        "20174": {
            "year_quarter": 20174,
            "year": 2017,
            "quarter": 4,
            "eps": 0.52,
            "eps_growth_year": 23.67,
            "eps_4q": 2.3,
            "eps_4q_growth_year": 11,
            "roe": 8.04,
            "roe_4q": 36.59,
            "gross_profit": 19931000,
            "gross_margin": 37.91,
            "gross_margin_4q_avg": 38.47,
            "net_income": 10714000,
            "revenue": 52579000,
            "common_shares": 35867000,
            "book_valuer_per_share": 6.54,
            "book_valuer_per_share_4q_avg": 6.13,
            "equity": 134047000,
            "current_ratio": 127.61,
            "debt_ratio": 64.28,
            "inventory_turnover_ratio": 8.16,
            "account_receivable_turnover_ratio": 1.8,
            "reinvestment_rate": 50.75,
            "research_to_sale_ratio": 5.7,
            "price_fair": 72.45,
            "eps_avg_yearly": 2.07,
            "eps_latest_yearly": 2.08,
            "eps_growth_yearly": 51.31
        },
        "20181": {
            "year_quarter": 20181,
            "year": 2018,
            "quarter": 1,
            "eps": 1.1,
            "eps_growth_year": 30.86,
            "eps_4q": 2.56,
            "eps_4q_growth_year": 22.41,
            "roe": 16.53,
            "roe_4q": 39.39,
            "gross_profit": 33912000,
            "gross_margin": 38.41,
            "gross_margin_4q_avg": 38.44,
            "net_income": 22665000,
            "revenue": 88293000,
            "common_shares": 36447000,
            "book_valuer_per_share": 6.5,
            "book_valuer_per_share_4q_avg": 6.28,
            "equity": 140199000,
            "current_ratio": 124.2,
            "debt_ratio": 65.54,
            "inventory_turnover_ratio": 11.73,
            "account_receivable_turnover_ratio": 2.04,
            "reinvestment_rate": 59.67,
            "research_to_sale_ratio": 3.86,
            "price_fair": 77.53,
            "eps_avg_yearly": 2.22,
            "eps_latest_yearly": 4.4,
            "eps_growth_yearly": 60.86
        },
        "20182": {
            "year_quarter": 20182,
            "year": 2018,
            "quarter": 2,
            "eps": 0.68,
            "eps_growth_year": 30.1,
            "eps_4q": 2.71,
            "eps_4q_growth_year": 26.95,
            "roe": 10.35,
            "roe_4q": 41.46,
            "gross_profit": 23422000,
            "gross_margin": 38.31,
            "gross_margin_4q_avg": 38.29,
            "net_income": 13822000,
            "revenue": 61137000,
            "common_shares": 38044000,
            "book_valuer_per_share": 6.42,
            "book_valuer_per_share_4q_avg": 6.37,
            "equity": 126878000,
            "current_ratio": 145.6,
            "debt_ratio": 65.48,
            "inventory_turnover_ratio": 6.24,
            "account_receivable_turnover_ratio": 1.67,
            "reinvestment_rate": 35.02,
            "research_to_sale_ratio": 5.53,
            "price_fair": 79.8,
            "eps_avg_yearly": 2.28,
            "eps_latest_yearly": 2.72,
            "eps_growth_yearly": 56.12
        },
        "20183": {
            "year_quarter": 20183,
            "year": 2018,
            "quarter": 3,
            "eps": 0.58,
            "eps_growth_year": 40.38,
            "eps_4q": 2.88,
            "eps_4q_growth_year": 31.12,
            "roe": 9.53,
            "roe_4q": 44.449999999999996,
            "gross_profit": 20421000,
            "gross_margin": 38.34,
            "gross_margin_4q_avg": 38.24,
            "net_income": 11519000,
            "revenue": 53265000,
            "common_shares": 38624000,
            "book_valuer_per_share": 5.93,
            "book_valuer_per_share_4q_avg": 6.35,
            "equity": 114949000,
            "current_ratio": 130.73,
            "debt_ratio": 67.08,
            "inventory_turnover_ratio": 4.83,
            "account_receivable_turnover_ratio": 2.18,
            "reinvestment_rate": 29.48,
            "research_to_sale_ratio": 6.95,
            "price_fair": 82.08,
            "eps_avg_yearly": 2.35,
            "eps_latest_yearly": 2.32,
            "eps_growth_yearly": 58.4
        },
        "20184": {
            "year_quarter": 20184,
            "year": 2018,
            "quarter": 4,
            "eps": 0.67,
            "eps_growth_year": 30,
            "eps_4q": 3.04,
            "eps_4q_growth_year": 32.22,
            "roe": 11.73,
            "roe_4q": 48.14,
            "gross_profit": 24084000,
            "gross_margin": 38.29,
            "gross_margin_4q_avg": 38.34,
            "net_income": 13025000,
            "revenue": 62900000,
            "common_shares": 40201000,
            "book_valuer_per_share": 5.63,
            "book_valuer_per_share_4q_avg": 6.12,
            "equity": 107147000,
            "current_ratio": 113.29,
            "debt_ratio": 70.7,
            "inventory_turnover_ratio": 7.85,
            "account_receivable_turnover_ratio": 1.67,
            "reinvestment_rate": 22.17,
            "research_to_sale_ratio": 5.96,
            "price_fair": 84.88,
            "eps_avg_yearly": 2.43,
            "eps_latest_yearly": 2.68,
            "eps_growth_yearly": 59.93
        },
        "20191": {
            "year_quarter": 20191,
            "year": 2019,
            "quarter": 1,
            "eps": 1.05,
            "eps_growth_year": -4.82,
            "eps_4q": 2.98,
            "eps_4q_growth_year": 16.75,
            "roe": 17.74,
            "roe_4q": 49.35,
            "gross_profit": 32031000,
            "gross_margin": 37.99,
            "gross_margin_4q_avg": 38.23,
            "net_income": 19965000,
            "revenue": 84310000,
            "common_shares": 40970000,
            "book_valuer_per_share": 6.23,
            "book_valuer_per_share_4q_avg": 6.05,
            "equity": 117892000,
            "current_ratio": 130.06,
            "debt_ratio": 68.45,
            "inventory_turnover_ratio": 11.69,
            "account_receivable_turnover_ratio": 1.96,
            "reinvestment_rate": 8.37,
            "research_to_sale_ratio": 4.63,
            "price_fair": 87.33,
            "eps_avg_yearly": 2.5,
            "eps_latest_yearly": 4.2,
            "eps_growth_yearly": 44.11
        },
        "20192": {
            "year_quarter": 20192,
            "year": 2019,
            "quarter": 2,
            "eps": 0.61,
            "eps_growth_year": -9.81,
            "eps_4q": 2.92,
            "eps_4q_growth_year": 7.49,
            "roe": 10.33,
            "roe_4q": 49.33,
            "gross_profit": 21821000,
            "gross_margin": 37.61,
            "gross_margin_4q_avg": 38.06,
            "net_income": 11561000,
            "revenue": 58015000,
            "common_shares": 42801000,
            "book_valuer_per_share": 5.74,
            "book_valuer_per_share_4q_avg": 5.88,
            "equity": 105860000,
            "current_ratio": 131.54,
            "debt_ratio": 69.05,
            "inventory_turnover_ratio": 7.33,
            "account_receivable_turnover_ratio": 1.83,
            "reinvestment_rate": -2.51,
            "research_to_sale_ratio": 6.81,
            "price_fair": 87.59,
            "eps_avg_yearly": 2.5,
            "eps_latest_yearly": 2.44,
            "eps_growth_yearly": 39.81
        },
        "20193": {
            "year_quarter": 20193,
            "year": 2019,
            "quarter": 3,
            "eps": 0.55,
            "eps_growth_year": -6.64,
            "eps_4q": 2.88,
            "eps_4q_growth_year": -0.13,
            "roe": 9.93,
            "roe_4q": 49.730000000000004,
            "gross_profit": 20227000,
            "gross_margin": 37.59,
            "gross_margin_4q_avg": 37.87,
            "net_income": 10044000,
            "revenue": 53809000,
            "common_shares": 43371000,
            "book_valuer_per_share": 5.32,
            "book_valuer_per_share_4q_avg": 5.73,
            "equity": 96456000,
            "current_ratio": 150.46,
            "debt_ratio": 70.07,
            "inventory_turnover_ratio": 8.15,
            "account_receivable_turnover_ratio": 2.04,
            "reinvestment_rate": -15.84,
            "research_to_sale_ratio": 7.91,
            "price_fair": 88.38,
            "eps_avg_yearly": 2.53,
            "eps_latest_yearly": 2.2,
            "eps_growth_yearly": 42.52
        },
        "20194": {
            "year_quarter": 20194,
            "year": 2019,
            "quarter": 4,
            "eps": 0.76,
            "eps_growth_year": 12.68,
            "eps_4q": 2.96,
            "eps_4q_growth_year": -2.42,
            "roe": 14.64,
            "roe_4q": 52.64,
            "gross_profit": 24313000,
            "gross_margin": 37.97,
            "gross_margin_4q_avg": 37.79,
            "net_income": 13686000,
            "revenue": 64040000,
            "common_shares": 45174000,
            "book_valuer_per_share": 5.09,
            "book_valuer_per_share_4q_avg": 5.6,
            "equity": 90488000,
            "current_ratio": 154.01,
            "debt_ratio": 73.27,
            "inventory_turnover_ratio": 10.65,
            "account_receivable_turnover_ratio": 1.77,
            "reinvestment_rate": -27.22,
            "research_to_sale_ratio": 6.42,
            "price_fair": 90.74,
            "eps_avg_yearly": 2.59,
            "eps_latest_yearly": 3.04,
            "eps_growth_yearly": 50.43
        },
        "20201": {
            "year_quarter": 20201,
            "year": 2020,
            "quarter": 1,
            "eps": 1.25,
            "eps_growth_year": 19.34,
            "eps_4q": 3.17,
            "eps_4q_growth_year": 6.09,
            "roe": 24.7,
            "roe_4q": 59.6,
            "gross_profit": 35217000,
            "gross_margin": 38.35,
            "gross_margin_4q_avg": 37.88,
            "net_income": 22236000,
            "revenue": 91819000,
            "common_shares": 44,
            "book_valuer_per_share": 5.1,
            "book_valuer_per_share_4q_avg": 5.31,
            "equity": 89531000,
            "current_ratio": 159.78,
            "debt_ratio": 73.72,
            "inventory_turnover_ratio": 13.8,
            "account_receivable_turnover_ratio": 2.14,
            "reinvestment_rate": -26.45,
            "research_to_sale_ratio": 4.85,
            "price_fair": 94.5,
            "eps_avg_yearly": 2.7,
            "eps_latest_yearly": 5,
            "eps_growth_yearly": 49.72
        },
        "20202": {
            "year_quarter": 20202,
            "year": 2020,
            "quarter": 2,
            "eps": 0.64,
            "eps_growth_year": 3.84,
            "eps_4q": 3.19,
            "eps_4q_growth_year": 9.33,
            "roe": 13.4,
            "roe_4q": 62.67,
            "gross_profit": 22370000,
            "gross_margin": 38.36,
            "gross_margin_4q_avg": 38.07,
            "net_income": 11249000,
            "revenue": 58313000,
            "common_shares": 43,
            "book_valuer_per_share": 4.53,
            "book_valuer_per_share_4q_avg": 5.01,
            "equity": 78425000,
            "current_ratio": 149.6,
            "debt_ratio": 75.52,
            "inventory_turnover_ratio": 9.67,
            "account_receivable_turnover_ratio": 1.65,
            "reinvestment_rate": -24.4,
            "research_to_sale_ratio": 7.83,
            "price_fair": 95.99,
            "eps_avg_yearly": 2.74,
            "eps_latest_yearly": 2.56,
            "eps_growth_yearly": 48.19
        },
        "20203": {
            "year_quarter": 20203,
            "year": 2020,
            "quarter": 3,
            "eps": 0.65,
            "eps_growth_year": 18.38,
            "eps_4q": 3.29,
            "eps_4q_growth_year": 14.29,
            "roe": 14.93,
            "roe_4q": 67.67,
            "gross_profit": 22680000,
            "gross_margin": 38,
            "gross_margin_4q_avg": 38.17,
            "net_income": 11253000,
            "revenue": 59685000,
            "common_shares": 43,
            "book_valuer_per_share": 4.22,
            "book_valuer_per_share_4q_avg": 4.74,
            "equity": 72282000,
            "current_ratio": 146.94,
            "debt_ratio": 77.22,
            "inventory_turnover_ratio": 10.12,
            "account_receivable_turnover_ratio": 1.9,
            "reinvestment_rate": -24.27,
            "research_to_sale_ratio": 7.97,
            "price_fair": 98.53,
            "eps_avg_yearly": 2.82,
            "eps_latest_yearly": 2.6,
            "eps_growth_yearly": 54.43
        },
        "20204": {
            "year_quarter": 20204,
            "year": 2020,
            "quarter": 4,
            "eps": 0.73,
            "eps_growth_year": -2.98,
            "eps_4q": 3.27,
            "eps_4q_growth_year": 10.25,
            "roe": 18.42,
            "roe_4q": 71.45,
            "gross_profit": 24689000,
            "gross_margin": 38.16,
            "gross_margin_4q_avg": 38.22,
            "net_income": 12673000,
            "revenue": 64698000,
            "common_shares": 170,
            "book_valuer_per_share": 3.85,
            "book_valuer_per_share_4q_avg": 4.43,
            "equity": 65339000,
            "current_ratio": 136.36,
            "debt_ratio": 79.83,
            "inventory_turnover_ratio": 9.95,
            "account_receivable_turnover_ratio": 1.86,
            "reinvestment_rate": -29.69,
            "research_to_sale_ratio": 7.69,
            "price_fair": 101.24,
            "eps_avg_yearly": 2.89,
            "eps_latest_yearly": 2.92,
            "eps_growth_yearly": 53.34
        },
        "20211": {
            "year_quarter": 20211,
            "year": 2021,
            "quarter": 1,
            "eps": 1.68,
            "eps_growth_year": 34.64,
            "eps_4q": 3.7,
            "eps_4q_growth_year": 16.86,
            "roe": 43.71,
            "roe_4q": 90.46000000000001,
            "gross_profit": 44328000,
            "gross_margin": 39.78,
            "gross_margin_4q_avg": 38.58,
            "net_income": 28755000,
            "revenue": 111439000,
            "common_shares": 168,
            "book_valuer_per_share": 3.94,
            "book_valuer_per_share_4q_avg": 4.14,
            "equity": 66224000,
            "current_ratio": 116.3,
            "debt_ratio": 81.3,
            "inventory_turnover_ratio": 14.86,
            "account_receivable_turnover_ratio": 2.32,
            "reinvestment_rate": -25.86,
            "research_to_sale_ratio": 4.63,
            "price_fair": 108.59,
            "eps_avg_yearly": 3.1,
            "eps_latest_yearly": 6.72,
            "eps_growth_yearly": 60.87
        },
        "20212": {
            "year_quarter": 20212,
            "year": 2021,
            "quarter": 2,
            "eps": 1.4,
            "eps_growth_year": 118.62,
            "eps_4q": 4.46,
            "eps_4q_growth_year": 39.74,
            "roe": 34.9,
            "roe_4q": 111.96000000000001,
            "gross_profit": 38079000,
            "gross_margin": 42.51,
            "gross_margin_4q_avg": 39.61,
            "net_income": 23630000,
            "revenue": 89584000,
            "common_shares": 167,
            "book_valuer_per_share": 4.15,
            "book_valuer_per_share_4q_avg": 4.04,
            "equity": 69178000,
            "current_ratio": 114.17,
            "debt_ratio": 79.48,
            "inventory_turnover_ratio": 10.11,
            "account_receivable_turnover_ratio": 1.95,
            "reinvestment_rate": -16.98,
            "research_to_sale_ratio": 5.87,
            "price_fair": 116.29,
            "eps_avg_yearly": 3.32,
            "eps_latest_yearly": 5.6,
            "eps_growth_yearly": 66.23
        },
        "20213": {
            "year_quarter": 20213,
            "year": 2021,
            "quarter": 3,
            "eps": 1.3,
            "eps_growth_year": 100.57,
            "eps_4q": 5.11,
            "eps_4q_growth_year": 55.23,
            "roe": 32.59,
            "roe_4q": 129.62,
            "gross_profit": 35255000,
            "gross_margin": 43.29,
            "gross_margin_4q_avg": 40.94,
            "net_income": 21744000,
            "revenue": 81434000,
            "common_shares": 54989000,
            "book_valuer_per_share": 3.88,
            "book_valuer_per_share_4q_avg": 3.96,
            "equity": 64280000,
            "current_ratio": 106.19,
            "debt_ratio": 80.51,
            "inventory_turnover_ratio": 8.88,
            "account_receivable_turnover_ratio": 2.43,
            "reinvestment_rate": -22.41,
            "research_to_sale_ratio": 7.02,
            "price_fair": 123.99,
            "eps_avg_yearly": 3.54,
            "eps_latest_yearly": 5.2,
            "eps_growth_yearly": 69.25
        },
        "20214": {
            "year_quarter": 20214,
            "year": 2021,
            "quarter": 4,
            "eps": 1.24,
            "eps_growth_year": 68.22,
            "eps_4q": 5.61,
            "eps_4q_growth_year": 71.64,
            "roe": 32.27,
            "roe_4q": 143.47000000000003,
            "gross_profit": 35174000,
            "gross_margin": 42.2,
            "gross_margin_4q_avg": 41.95,
            "net_income": 20551000,
            "revenue": 83360000,
            "common_shares": 164,
            "book_valuer_per_share": 3.84,
            "book_valuer_per_share_4q_avg": 3.95,
            "equity": 63090000,
            "current_ratio": 107.46,
            "debt_ratio": 82.03,
            "inventory_turnover_ratio": 8.2,
            "account_receivable_turnover_ratio": 1.95,
            "reinvestment_rate": -27.69,
            "research_to_sale_ratio": 6.92,
            "price_fair": 130.29,
            "eps_avg_yearly": 3.72,
            "eps_latest_yearly": 4.96,
            "eps_growth_yearly": 62.15
        },
        "20221": {
            "year_quarter": 20221,
            "year": 2022,
            "quarter": 1,
            "eps": 2.1,
            "eps_growth_year": 24.77,
            "eps_4q": 6.02,
            "eps_4q_growth_year": 62.83,
            "roe": 51.3,
            "roe_4q": 151.06,
            "gross_profit": 54243000,
            "gross_margin": 43.76,
            "gross_margin_4q_avg": 42.94,
            "net_income": 34630000,
            "revenue": 123945000,
            "common_shares": 163,
            "book_valuer_per_share": 4.4,
            "book_valuer_per_share_4q_avg": 4.07,
            "equity": 71932000,
            "current_ratio": 103.78,
            "debt_ratio": 81.13,
            "inventory_turnover_ratio": 11.19,
            "account_receivable_turnover_ratio": 2.12,
            "reinvestment_rate": -13,
            "research_to_sale_ratio": 5.09,
            "price_fair": 139.04,
            "eps_avg_yearly": 3.97,
            "eps_latest_yearly": 8.4,
            "eps_growth_yearly": 51.6
        },
        "20222": {
            "year_quarter": 20222,
            "year": 2022,
            "quarter": 2,
            "eps": 1.52,
            "eps_growth_year": 9.23,
            "eps_4q": 6.15,
            "eps_4q_growth_year": 38.05,
            "roe": 35.9,
            "roe_4q": 152.06,
            "gross_profit": 42559000,
            "gross_margin": 43.75,
            "gross_margin_4q_avg": 43.25,
            "net_income": 25010000,
            "revenue": 97278000,
            "common_shares": 162,
            "book_valuer_per_share": 4.16,
            "book_valuer_per_share_4q_avg": 4.07,
            "equity": 67399000,
            "current_ratio": 92.68,
            "debt_ratio": 80.78,
            "inventory_turnover_ratio": 9.65,
            "account_receivable_turnover_ratio": 1.76,
            "reinvestment_rate": -10.42,
            "research_to_sale_ratio": 6.57,
            "price_fair": 146.39,
            "eps_avg_yearly": 4.18,
            "eps_latest_yearly": 6.08,
            "eps_growth_yearly": 54.24
        },
        "20223": {
            "year_quarter": 20223,
            "year": 2022,
            "quarter": 3,
            "eps": 1.2,
            "eps_growth_year": -7.73,
            "eps_4q": 6.05,
            "eps_4q_growth_year": 18.52,
            "roe": 30.98,
            "roe_4q": 150.45,
            "gross_profit": 35885000,
            "gross_margin": 43.26,
            "gross_margin_4q_avg": 43.24,
            "net_income": 19442000,
            "revenue": 82959000,
            "common_shares": 161,
            "book_valuer_per_share": 3.61,
            "book_valuer_per_share_4q_avg": 4,
            "equity": 58107000,
            "current_ratio": 86.46,
            "debt_ratio": 82.72,
            "inventory_turnover_ratio": 8.64,
            "account_receivable_turnover_ratio": 1.89,
            "reinvestment_rate": -13.59,
            "research_to_sale_ratio": 8.19,
            "price_fair": 151.81,
            "eps_avg_yearly": 4.34,
            "eps_latest_yearly": 4.8,
            "eps_growth_yearly": 52.65
        },
        "20224": {
            "year_quarter": 20224,
            "year": 2022,
            "quarter": 4,
            "eps": 1.29,
            "eps_growth_year": 4.06,
            "eps_4q": 6.1,
            "eps_4q_growth_year": 8.83,
            "roe": 38.1,
            "roe_4q": 156.27999999999997,
            "gross_profit": 38095000,
            "gross_margin": 42.26,
            "gross_margin_4q_avg": 43.26,
            "net_income": 20721000,
            "revenue": 90146000,
            "common_shares": 159,
            "book_valuer_per_share": 3.18,
            "book_valuer_per_share_4q_avg": 3.84,
            "equity": 50672000,
            "current_ratio": 87.94,
            "debt_ratio": 85.64,
            "inventory_turnover_ratio": 10.03,
            "account_receivable_turnover_ratio": 1.75,
            "reinvestment_rate": -11.49,
            "research_to_sale_ratio": 7.5,
            "price_fair": 157.24,
            "eps_avg_yearly": 4.49,
            "eps_latest_yearly": 5.16,
            "eps_growth_yearly": 50.65
        },
        "20231": {
            "year_quarter": 20231,
            "year": 2023,
            "quarter": 1,
            "eps": 1.88,
            "eps_growth_year": -10.32,
            "eps_4q": 5.89,
            "eps_4q_growth_year": -2.28,
            "roe": 55.86,
            "roe_4q": 160.84,
            "gross_profit": 50332000,
            "gross_margin": 42.96,
            "gross_margin_4q_avg": 43.06,
            "net_income": 29998000,
            "revenue": 117154000,
            "common_shares": 158,
            "book_valuer_per_share": 3.58,
            "book_valuer_per_share_4q_avg": 3.63,
            "equity": 56727000,
            "current_ratio": 93.8,
            "debt_ratio": 83.64,
            "inventory_turnover_ratio": 11.36,
            "account_receivable_turnover_ratio": 2.04,
            "reinvestment_rate": -8.52,
            "research_to_sale_ratio": 6.58,
            "price_fair": 164.5,
            "eps_avg_yearly": 4.7,
            "eps_latest_yearly": 7.52,
            "eps_growth_yearly": 47.9
        },
        "20232": {
            "year_quarter": 20232,
            "year": 2023,
            "quarter": 2,
            "eps": 1.52,
            "eps_growth_year": -0.01,
            "eps_4q": 5.89,
            "eps_4q_growth_year": -4.33,
            "roe": 40.64,
            "roe_4q": 165.57999999999998,
            "gross_profit": 41976000,
            "gross_margin": 44.26,
            "gross_margin_4q_avg": 43.19,
            "net_income": 24160000,
            "revenue": 94836000,
            "common_shares": 157,
            "book_valuer_per_share": 3.95,
            "book_valuer_per_share_4q_avg": 3.58,
            "equity": 62158000,
            "current_ratio": 94.04,
            "debt_ratio": 81.29,
            "inventory_turnover_ratio": 7.39,
            "account_receivable_turnover_ratio": 2.11,
            "reinvestment_rate": 0.07,
            "research_to_sale_ratio": 7.86,
            "price_fair": 172.46,
            "eps_avg_yearly": 4.93,
            "eps_latest_yearly": 6.08,
            "eps_growth_yearly": 53.59
        }
    },
    "months": {
        "2001-01": {
            "month": "2001-01",
            "price": "0.33",
            "revenue": 0
        },
        "2001-02": {
            "month": "2001-02",
            "price": "0.35",
            "revenue": 0
        },
        "2001-03": {
            "month": "2001-03",
            "price": "0.37",
            "revenue": 0
        },
        "2001-04": {
            "month": "2001-04",
            "price": "0.41",
            "revenue": 0
        },
        "2001-05": {
            "month": "2001-05",
            "price": "0.42",
            "revenue": 0
        },
        "2001-06": {
            "month": "2001-06",
            "price": "0.38",
            "revenue": 0
        },
        "2001-07": {
            "month": "2001-07",
            "price": "0.38",
            "revenue": 0
        },
        "2001-08": {
            "month": "2001-08",
            "price": "0.33",
            "revenue": 0
        },
        "2001-09": {
            "month": "2001-09",
            "price": "0.30",
            "revenue": 0
        },
        "2001-10": {
            "month": "2001-10",
            "price": "0.31",
            "revenue": 0
        },
        "2001-11": {
            "month": "2001-11",
            "price": "0.35",
            "revenue": 0
        },
        "2001-12": {
            "month": "2001-12",
            "price": "0.39",
            "revenue": 0
        },
        "2002-01": {
            "month": "2002-01",
            "price": "0.40",
            "revenue": 0
        },
        "2002-02": {
            "month": "2002-02",
            "price": "0.43",
            "revenue": 0
        },
        "2002-03": {
            "month": "2002-03",
            "price": "0.43",
            "revenue": 0
        },
        "2002-04": {
            "month": "2002-04",
            "price": "0.44",
            "revenue": 0
        },
        "2002-05": {
            "month": "2002-05",
            "price": "0.43",
            "revenue": 0
        },
        "2002-06": {
            "month": "2002-06",
            "price": "0.35",
            "revenue": 0
        },
        "2002-07": {
            "month": "2002-07",
            "price": "0.29",
            "revenue": 0
        },
        "2002-08": {
            "month": "2002-08",
            "price": "0.27",
            "revenue": 0
        },
        "2002-09": {
            "month": "2002-09",
            "price": "0.26",
            "revenue": 0
        },
        "2002-10": {
            "month": "2002-10",
            "price": "0.26",
            "revenue": 0
        },
        "2002-11": {
            "month": "2002-11",
            "price": "0.29",
            "revenue": 0
        },
        "2002-12": {
            "month": "2002-12",
            "price": "0.26",
            "revenue": 0
        },
        "2003-01": {
            "month": "2003-01",
            "price": "0.26",
            "revenue": 0
        },
        "2003-02": {
            "month": "2003-02",
            "price": "0.26",
            "revenue": 0
        },
        "2003-03": {
            "month": "2003-03",
            "price": "0.26",
            "revenue": 0
        },
        "2003-04": {
            "month": "2003-04",
            "price": "0.25",
            "revenue": 0
        },
        "2003-05": {
            "month": "2003-05",
            "price": "0.32",
            "revenue": 0
        },
        "2003-06": {
            "month": "2003-06",
            "price": "0.32",
            "revenue": 0
        },
        "2003-07": {
            "month": "2003-07",
            "price": "0.36",
            "revenue": 0
        },
        "2003-08": {
            "month": "2003-08",
            "price": "0.37",
            "revenue": 0
        },
        "2003-09": {
            "month": "2003-09",
            "price": "0.40",
            "revenue": 0
        },
        "2003-10": {
            "month": "2003-10",
            "price": "0.41",
            "revenue": 0
        },
        "2003-11": {
            "month": "2003-11",
            "price": "0.39",
            "revenue": 0
        },
        "2003-12": {
            "month": "2003-12",
            "price": "0.37",
            "revenue": 0
        },
        "2004-01": {
            "month": "2004-01",
            "price": "0.41",
            "revenue": 0
        },
        "2004-02": {
            "month": "2004-02",
            "price": "0.41",
            "revenue": 0
        },
        "2004-03": {
            "month": "2004-03",
            "price": "0.47",
            "revenue": 0
        },
        "2004-04": {
            "month": "2004-04",
            "price": "0.49",
            "revenue": 0
        },
        "2004-05": {
            "month": "2004-05",
            "price": "0.48",
            "revenue": 0
        },
        "2004-06": {
            "month": "2004-06",
            "price": "0.56",
            "revenue": 0
        },
        "2004-07": {
            "month": "2004-07",
            "price": "0.56",
            "revenue": 0
        },
        "2004-08": {
            "month": "2004-08",
            "price": "0.57",
            "revenue": 0
        },
        "2004-09": {
            "month": "2004-09",
            "price": "0.66",
            "revenue": 0
        },
        "2004-10": {
            "month": "2004-10",
            "price": "0.79",
            "revenue": 0
        },
        "2004-11": {
            "month": "2004-11",
            "price": "1.03",
            "revenue": 0
        },
        "2004-12": {
            "month": "2004-12",
            "price": "1.15",
            "revenue": 0
        },
        "2005-01": {
            "month": "2005-01",
            "price": "1.24",
            "revenue": 0
        },
        "2005-02": {
            "month": "2005-02",
            "price": "1.50",
            "revenue": 0
        },
        "2005-03": {
            "month": "2005-03",
            "price": "1.50",
            "revenue": 0
        },
        "2005-04": {
            "month": "2005-04",
            "price": "1.38",
            "revenue": 0
        },
        "2005-05": {
            "month": "2005-05",
            "price": "1.33",
            "revenue": 0
        },
        "2005-06": {
            "month": "2005-06",
            "price": "1.34",
            "revenue": 0
        },
        "2005-07": {
            "month": "2005-07",
            "price": "1.46",
            "revenue": 0
        },
        "2005-08": {
            "month": "2005-08",
            "price": "1.61",
            "revenue": 0
        },
        "2005-09": {
            "month": "2005-09",
            "price": "1.82",
            "revenue": 0
        },
        "2005-10": {
            "month": "2005-10",
            "price": "1.93",
            "revenue": 0
        },
        "2005-11": {
            "month": "2005-11",
            "price": "2.27",
            "revenue": 0
        },
        "2005-12": {
            "month": "2005-12",
            "price": "2.61",
            "revenue": 0
        },
        "2006-01": {
            "month": "2006-01",
            "price": "2.78",
            "revenue": 0
        },
        "2006-02": {
            "month": "2006-02",
            "price": "2.48",
            "revenue": 0
        },
        "2006-03": {
            "month": "2006-03",
            "price": "2.29",
            "revenue": 0
        },
        "2006-04": {
            "month": "2006-04",
            "price": "2.39",
            "revenue": 0
        },
        "2006-05": {
            "month": "2006-05",
            "price": "2.39",
            "revenue": 0
        },
        "2006-06": {
            "month": "2006-06",
            "price": "2.10",
            "revenue": 0
        },
        "2006-07": {
            "month": "2006-07",
            "price": "2.07",
            "revenue": 0
        },
        "2006-08": {
            "month": "2006-08",
            "price": "2.39",
            "revenue": 0
        },
        "2006-09": {
            "month": "2006-09",
            "price": "2.64",
            "revenue": 0
        },
        "2006-10": {
            "month": "2006-10",
            "price": "2.75",
            "revenue": 0
        },
        "2006-11": {
            "month": "2006-11",
            "price": "3.05",
            "revenue": 0
        },
        "2006-12": {
            "month": "2006-12",
            "price": "3.09",
            "revenue": 0
        },
        "2007-01": {
            "month": "2007-01",
            "price": "3.17",
            "revenue": 0
        },
        "2007-02": {
            "month": "2007-02",
            "price": "3.06",
            "revenue": 0
        },
        "2007-03": {
            "month": "2007-03",
            "price": "3.24",
            "revenue": 0
        },
        "2007-04": {
            "month": "2007-04",
            "price": "3.35",
            "revenue": 0
        },
        "2007-05": {
            "month": "2007-05",
            "price": "3.89",
            "revenue": 0
        },
        "2007-06": {
            "month": "2007-06",
            "price": "4.35",
            "revenue": 0
        },
        "2007-07": {
            "month": "2007-07",
            "price": "4.86",
            "revenue": 0
        },
        "2007-08": {
            "month": "2007-08",
            "price": "4.64",
            "revenue": 0
        },
        "2007-09": {
            "month": "2007-09",
            "price": "5.07",
            "revenue": 0
        },
        "2007-10": {
            "month": "2007-10",
            "price": "6.14",
            "revenue": 0
        },
        "2007-11": {
            "month": "2007-11",
            "price": "6.24",
            "revenue": 0
        },
        "2007-12": {
            "month": "2007-12",
            "price": "6.80",
            "revenue": 0
        },
        "2008-01": {
            "month": "2008-01",
            "price": "5.73",
            "revenue": 0
        },
        "2008-02": {
            "month": "2008-02",
            "price": "4.47",
            "revenue": 0
        },
        "2008-03": {
            "month": "2008-03",
            "price": "4.67",
            "revenue": 0
        },
        "2008-04": {
            "month": "2008-04",
            "price": "5.65",
            "revenue": 0
        },
        "2008-05": {
            "month": "2008-05",
            "price": "6.60",
            "revenue": 0
        },
        "2008-06": {
            "month": "2008-06",
            "price": "6.37",
            "revenue": 0
        },
        "2008-07": {
            "month": "2008-07",
            "price": "5.99",
            "revenue": 0
        },
        "2008-08": {
            "month": "2008-08",
            "price": "6.11",
            "revenue": 0
        },
        "2008-09": {
            "month": "2008-09",
            "price": "5.04",
            "revenue": 0
        },
        "2008-10": {
            "month": "2008-10",
            "price": "3.54",
            "revenue": 0
        },
        "2008-11": {
            "month": "2008-11",
            "price": "3.36",
            "revenue": 0
        },
        "2008-12": {
            "month": "2008-12",
            "price": "3.27",
            "revenue": 0
        },
        "2009-01": {
            "month": "2009-01",
            "price": "3.17",
            "revenue": 0
        },
        "2009-02": {
            "month": "2009-02",
            "price": "3.36",
            "revenue": 0
        },
        "2009-03": {
            "month": "2009-03",
            "price": "3.48",
            "revenue": 0
        },
        "2009-04": {
            "month": "2009-04",
            "price": "4.29",
            "revenue": 0
        },
        "2009-05": {
            "month": "2009-05",
            "price": "4.58",
            "revenue": 0
        },
        "2009-06": {
            "month": "2009-06",
            "price": "4.98",
            "revenue": 0
        },
        "2009-07": {
            "month": "2009-07",
            "price": "5.33",
            "revenue": 0
        },
        "2009-08": {
            "month": "2009-08",
            "price": "5.94",
            "revenue": 0
        },
        "2009-09": {
            "month": "2009-09",
            "price": "6.35",
            "revenue": 0
        },
        "2009-10": {
            "month": "2009-10",
            "price": "6.89",
            "revenue": 0
        },
        "2009-11": {
            "month": "2009-11",
            "price": "7.15",
            "revenue": 0
        },
        "2009-12": {
            "month": "2009-12",
            "price": "7.11",
            "revenue": 0
        },
        "2010-01": {
            "month": "2010-01",
            "price": "7.42",
            "revenue": 0
        },
        "2010-02": {
            "month": "2010-02",
            "price": "7.10",
            "revenue": 0
        },
        "2010-03": {
            "month": "2010-03",
            "price": "7.98",
            "revenue": 0
        },
        "2010-04": {
            "month": "2010-04",
            "price": "8.97",
            "revenue": 0
        },
        "2010-05": {
            "month": "2010-05",
            "price": "8.98",
            "revenue": 0
        },
        "2010-06": {
            "month": "2010-06",
            "price": "9.33",
            "revenue": 0
        },
        "2010-07": {
            "month": "2010-07",
            "price": "9.11",
            "revenue": 0
        },
        "2010-08": {
            "month": "2010-08",
            "price": "8.98",
            "revenue": 0
        },
        "2010-09": {
            "month": "2010-09",
            "price": "9.78",
            "revenue": 0
        },
        "2010-10": {
            "month": "2010-10",
            "price": "10.75",
            "revenue": 0
        },
        "2010-11": {
            "month": "2010-11",
            "price": "11.13",
            "revenue": 0
        },
        "2010-12": {
            "month": "2010-12",
            "price": "11.48",
            "revenue": 0
        },
        "2011-01": {
            "month": "2011-01",
            "price": "12.09",
            "revenue": 0
        },
        "2011-02": {
            "month": "2011-02",
            "price": "12.54",
            "revenue": 0
        },
        "2011-03": {
            "month": "2011-03",
            "price": "12.41",
            "revenue": 0
        },
        "2011-04": {
            "month": "2011-04",
            "price": "12.16",
            "revenue": 0
        },
        "2011-05": {
            "month": "2011-05",
            "price": "12.21",
            "revenue": 0
        },
        "2011-06": {
            "month": "2011-06",
            "price": "11.82",
            "revenue": 0
        },
        "2011-07": {
            "month": "2011-07",
            "price": "13.29",
            "revenue": 0
        },
        "2011-08": {
            "month": "2011-08",
            "price": "13.46",
            "revenue": 0
        },
        "2011-09": {
            "month": "2011-09",
            "price": "14.02",
            "revenue": 0
        },
        "2011-10": {
            "month": "2011-10",
            "price": "14.19",
            "revenue": 0
        },
        "2011-11": {
            "month": "2011-11",
            "price": "13.74",
            "revenue": 0
        },
        "2011-12": {
            "month": "2011-12",
            "price": "14.03",
            "revenue": 0
        },
        "2012-01": {
            "month": "2012-01",
            "price": "15.31",
            "revenue": 0
        },
        "2012-02": {
            "month": "2012-02",
            "price": "17.77",
            "revenue": 0
        },
        "2012-03": {
            "month": "2012-03",
            "price": "20.63",
            "revenue": 0
        },
        "2012-04": {
            "month": "2012-04",
            "price": "21.64",
            "revenue": 0
        },
        "2012-05": {
            "month": "2012-05",
            "price": "20.17",
            "revenue": 0
        },
        "2012-06": {
            "month": "2012-06",
            "price": "20.52",
            "revenue": 0
        },
        "2012-07": {
            "month": "2012-07",
            "price": "21.47",
            "revenue": 0
        },
        "2012-08": {
            "month": "2012-08",
            "price": "22.95",
            "revenue": 0
        },
        "2012-09": {
            "month": "2012-09",
            "price": "24.34",
            "revenue": 0
        },
        "2012-10": {
            "month": "2012-10",
            "price": "22.67",
            "revenue": 0
        },
        "2012-11": {
            "month": "2012-11",
            "price": "20.16",
            "revenue": 0
        },
        "2012-12": {
            "month": "2012-12",
            "price": "19.00",
            "revenue": 0
        },
        "2013-01": {
            "month": "2013-01",
            "price": "17.78",
            "revenue": 0
        },
        "2013-02": {
            "month": "2013-02",
            "price": "16.31",
            "revenue": 0
        },
        "2013-03": {
            "month": "2013-03",
            "price": "15.78",
            "revenue": 0
        },
        "2013-04": {
            "month": "2013-04",
            "price": "14.99",
            "revenue": 0
        },
        "2013-05": {
            "month": "2013-05",
            "price": "15.94",
            "revenue": 0
        },
        "2013-06": {
            "month": "2013-06",
            "price": "15.20",
            "revenue": 0
        },
        "2013-07": {
            "month": "2013-07",
            "price": "15.33",
            "revenue": 0
        },
        "2013-08": {
            "month": "2013-08",
            "price": "17.32",
            "revenue": 0
        },
        "2013-09": {
            "month": "2013-09",
            "price": "17.15",
            "revenue": 0
        },
        "2013-10": {
            "month": "2013-10",
            "price": "18.03",
            "revenue": 0
        },
        "2013-11": {
            "month": "2013-11",
            "price": "18.74",
            "revenue": 0
        },
        "2013-12": {
            "month": "2013-12",
            "price": "19.99",
            "revenue": 0
        },
        "2014-01": {
            "month": "2014-01",
            "price": "19.19",
            "revenue": 0
        },
        "2014-02": {
            "month": "2014-02",
            "price": "18.81",
            "revenue": 0
        },
        "2014-03": {
            "month": "2014-03",
            "price": "19.04",
            "revenue": 0
        },
        "2014-04": {
            "month": "2014-04",
            "price": "19.32",
            "revenue": 0
        },
        "2014-05": {
            "month": "2014-05",
            "price": "21.54",
            "revenue": 0
        },
        "2014-06": {
            "month": "2014-06",
            "price": "22.97",
            "revenue": 0
        },
        "2014-07": {
            "month": "2014-07",
            "price": "23.91",
            "revenue": 0
        },
        "2014-08": {
            "month": "2014-08",
            "price": "24.61",
            "revenue": 0
        },
        "2014-09": {
            "month": "2014-09",
            "price": "25.14",
            "revenue": 0
        },
        "2014-10": {
            "month": "2014-10",
            "price": "25.42",
            "revenue": 0
        },
        "2014-11": {
            "month": "2014-11",
            "price": "28.32",
            "revenue": 0
        },
        "2014-12": {
            "month": "2014-12",
            "price": "28.10",
            "revenue": 0
        },
        "2015-01": {
            "month": "2015-01",
            "price": "27.66",
            "revenue": 0
        },
        "2015-02": {
            "month": "2015-02",
            "price": "31.36",
            "revenue": 0
        },
        "2015-03": {
            "month": "2015-03",
            "price": "31.49",
            "revenue": 0
        },
        "2015-04": {
            "month": "2015-04",
            "price": "31.82",
            "revenue": 0
        },
        "2015-05": {
            "month": "2015-05",
            "price": "32.19",
            "revenue": 0
        },
        "2015-06": {
            "month": "2015-06",
            "price": "31.95",
            "revenue": 0
        },
        "2015-07": {
            "month": "2015-07",
            "price": "31.33",
            "revenue": 0
        },
        "2015-08": {
            "month": "2015-08",
            "price": "28.35",
            "revenue": 0
        },
        "2015-09": {
            "month": "2015-09",
            "price": "28.20",
            "revenue": 0
        },
        "2015-10": {
            "month": "2015-10",
            "price": "28.34",
            "revenue": 0
        },
        "2015-11": {
            "month": "2015-11",
            "price": "29.54",
            "revenue": 0
        },
        "2015-12": {
            "month": "2015-12",
            "price": "27.93",
            "revenue": 0
        },
        "2016-01": {
            "month": "2016-01",
            "price": "24.61",
            "revenue": 0
        },
        "2016-02": {
            "month": "2016-02",
            "price": "23.94",
            "revenue": 0
        },
        "2016-03": {
            "month": "2016-03",
            "price": "26.07",
            "revenue": 0
        },
        "2016-04": {
            "month": "2016-04",
            "price": "26.68",
            "revenue": 0
        },
        "2016-05": {
            "month": "2016-05",
            "price": "23.74",
            "revenue": 0
        },
        "2016-06": {
            "month": "2016-06",
            "price": "24.16",
            "revenue": 0
        },
        "2016-07": {
            "month": "2016-07",
            "price": "24.64",
            "revenue": 0
        },
        "2016-08": {
            "month": "2016-08",
            "price": "26.92",
            "revenue": 0
        },
        "2016-09": {
            "month": "2016-09",
            "price": "27.71",
            "revenue": 0
        },
        "2016-10": {
            "month": "2016-10",
            "price": "28.93",
            "revenue": 0
        },
        "2016-11": {
            "month": "2016-11",
            "price": "27.54",
            "revenue": 0
        },
        "2016-12": {
            "month": "2016-12",
            "price": "28.58",
            "revenue": 0
        },
        "2017-01": {
            "month": "2017-01",
            "price": "29.89",
            "revenue": 0
        },
        "2017-02": {
            "month": "2017-02",
            "price": "33.43",
            "revenue": 0
        },
        "2017-03": {
            "month": "2017-03",
            "price": "35.15",
            "revenue": 0
        },
        "2017-04": {
            "month": "2017-04",
            "price": "35.72",
            "revenue": 0
        },
        "2017-05": {
            "month": "2017-05",
            "price": "38.06",
            "revenue": 0
        },
        "2017-06": {
            "month": "2017-06",
            "price": "36.96",
            "revenue": 0
        },
        "2017-07": {
            "month": "2017-07",
            "price": "37.07",
            "revenue": 0
        },
        "2017-08": {
            "month": "2017-08",
            "price": "39.76",
            "revenue": 0
        },
        "2017-09": {
            "month": "2017-09",
            "price": "39.40",
            "revenue": 0
        },
        "2017-10": {
            "month": "2017-10",
            "price": "39.45",
            "revenue": 0
        },
        "2017-11": {
            "month": "2017-11",
            "price": "43.10",
            "revenue": 0
        },
        "2017-12": {
            "month": "2017-12",
            "price": "42.97",
            "revenue": 0
        },
        "2018-01": {
            "month": "2018-01",
            "price": "43.50",
            "revenue": 0
        },
        "2018-02": {
            "month": "2018-02",
            "price": "41.91",
            "revenue": 0
        },
        "2018-03": {
            "month": "2018-03",
            "price": "43.62",
            "revenue": 0
        },
        "2018-04": {
            "month": "2018-04",
            "price": "42.46",
            "revenue": 0
        },
        "2018-05": {
            "month": "2018-05",
            "price": "46.38",
            "revenue": 0
        },
        "2018-06": {
            "month": "2018-06",
            "price": "47.16",
            "revenue": 0
        },
        "2018-07": {
            "month": "2018-07",
            "price": "47.58",
            "revenue": 0
        },
        "2018-08": {
            "month": "2018-08",
            "price": "53.34",
            "revenue": 0
        },
        "2018-09": {
            "month": "2018-09",
            "price": "55.52",
            "revenue": 0
        },
        "2018-10": {
            "month": "2018-10",
            "price": "55.21",
            "revenue": 0
        },
        "2018-11": {
            "month": "2018-11",
            "price": "47.81",
            "revenue": 0
        },
        "2018-12": {
            "month": "2018-12",
            "price": "41.07",
            "revenue": 0
        },
        "2019-01": {
            "month": "2019-01",
            "price": "38.54",
            "revenue": 0
        },
        "2019-02": {
            "month": "2019-02",
            "price": "42.93",
            "revenue": 0
        },
        "2019-03": {
            "month": "2019-03",
            "price": "45.82",
            "revenue": 0
        },
        "2019-04": {
            "month": "2019-04",
            "price": "50.13",
            "revenue": 0
        },
        "2019-05": {
            "month": "2019-05",
            "price": "47.82",
            "revenue": 0
        },
        "2019-06": {
            "month": "2019-06",
            "price": "48.24",
            "revenue": 0
        },
        "2019-07": {
            "month": "2019-07",
            "price": "51.30",
            "revenue": 0
        },
        "2019-08": {
            "month": "2019-08",
            "price": "51.24",
            "revenue": 0
        },
        "2019-09": {
            "month": "2019-09",
            "price": "54.50",
            "revenue": 0
        },
        "2019-10": {
            "month": "2019-10",
            "price": "58.82",
            "revenue": 0
        },
        "2019-11": {
            "month": "2019-11",
            "price": "65.63",
            "revenue": 0
        },
        "2019-12": {
            "month": "2019-12",
            "price": "69.13",
            "revenue": 0
        },
        "2020-01": {
            "month": "2020-01",
            "price": "77.98",
            "revenue": 0
        },
        "2020-02": {
            "month": "2020-02",
            "price": "77.82",
            "revenue": 0
        },
        "2020-03": {
            "month": "2020-03",
            "price": "65.61",
            "revenue": 0
        },
        "2020-04": {
            "month": "2020-04",
            "price": "68.10",
            "revenue": 0
        },
        "2020-05": {
            "month": "2020-05",
            "price": "77.50",
            "revenue": 0
        },
        "2020-06": {
            "month": "2020-06",
            "price": "86.45",
            "revenue": 0
        },
        "2020-07": {
            "month": "2020-07",
            "price": "95.56",
            "revenue": 0
        },
        "2020-08": {
            "month": "2020-08",
            "price": "117.30",
            "revenue": 0
        },
        "2020-09": {
            "month": "2020-09",
            "price": "115.12",
            "revenue": 0
        },
        "2020-10": {
            "month": "2020-10",
            "price": "116.41",
            "revenue": 0
        },
        "2020-11": {
            "month": "2020-11",
            "price": "116.83",
            "revenue": 0
        },
        "2020-12": {
            "month": "2020-12",
            "price": "127.29",
            "revenue": 0
        },
        "2021-01": {
            "month": "2021-01",
            "price": "133.04",
            "revenue": 0
        },
        "2021-02": {
            "month": "2021-02",
            "price": "131.53",
            "revenue": 0
        },
        "2021-03": {
            "month": "2021-03",
            "price": "121.87",
            "revenue": 0
        },
        "2021-04": {
            "month": "2021-04",
            "price": "131.81",
            "revenue": 0
        },
        "2021-05": {
            "month": "2021-05",
            "price": "126.78",
            "revenue": 0
        },
        "2021-06": {
            "month": "2021-06",
            "price": "129.96",
            "revenue": 0
        },
        "2021-07": {
            "month": "2021-07",
            "price": "145.14",
            "revenue": 0
        },
        "2021-08": {
            "month": "2021-08",
            "price": "148.18",
            "revenue": 0
        },
        "2021-09": {
            "month": "2021-09",
            "price": "148.31",
            "revenue": 0
        },
        "2021-10": {
            "month": "2021-10",
            "price": "145.56",
            "revenue": 0
        },
        "2021-11": {
            "month": "2021-11",
            "price": "154.26",
            "revenue": 0
        },
        "2021-12": {
            "month": "2021-12",
            "price": "173.55",
            "revenue": 0
        },
        "2022-01": {
            "month": "2022-01",
            "price": "169.86",
            "revenue": 0
        },
        "2022-02": {
            "month": "2022-02",
            "price": "169.83",
            "revenue": 0
        },
        "2022-03": {
            "month": "2022-03",
            "price": "165.31",
            "revenue": 0
        },
        "2022-04": {
            "month": "2022-04",
            "price": "166.82",
            "revenue": 0
        },
        "2022-05": {
            "month": "2022-05",
            "price": "148.43",
            "revenue": 0
        },
        "2022-06": {
            "month": "2022-06",
            "price": "139.80",
            "revenue": 0
        },
        "2022-07": {
            "month": "2022-07",
            "price": "149.67",
            "revenue": 0
        },
        "2022-08": {
            "month": "2022-08",
            "price": "166.89",
            "revenue": 0
        },
        "2022-09": {
            "month": "2022-09",
            "price": "153.00",
            "revenue": 0
        },
        "2022-10": {
            "month": "2022-10",
            "price": "145.01",
            "revenue": 0
        },
        "2022-11": {
            "month": "2022-11",
            "price": "145.84",
            "revenue": 0
        },
        "2022-12": {
            "month": "2022-12",
            "price": "137.88",
            "revenue": 0
        },
        "2023-01": {
            "month": "2023-01",
            "price": "135.78",
            "revenue": 0
        },
        "2023-02": {
            "month": "2023-02",
            "price": "150.97",
            "revenue": 0
        },
        "2023-03": {
            "month": "2023-03",
            "price": "154.96",
            "revenue": 0
        },
        "2023-04": {
            "month": "2023-04",
            "price": "165.05",
            "revenue": 0
        },
        "2023-05": {
            "month": "2023-05",
            "price": "172.16",
            "revenue": 0
        }
    }
}
