{
    "summary": {
        "stock_name": "Applied Materials Inc",
        "stock_id": "AMAT",
        "category": "Computer and Technology",
        "main_business": "應用材料公司成立於1967年，是一家在特拉華州成立的全球性公司，在材料工程方面擁有廣泛的能力，公司為半導體、顯示器和相關行業提供製造裝置、服務和軟體。憑藉其多樣化的技術能力，該公司提供的產品和服務能夠提高裝置效能、產量和成本。該公司的客戶包括半導體晶片、液晶和有機發光二極體（OLED）顯示器以及其他電子裝置的製造商。這些客戶可以在自己的終端產品中使用他們製造的產品，或者將這些產品賣給其他公司用於先進的電子元件。該公司經營三個可報告分部：半導體系統、應用全球服務、顯示及鄰近市場。",
        "website_url": "https://www.appliedmaterials.com/",
        "ceo": "Gary E. Dickerson",
        "pe_ratio": 24,
        "report_year_from": 1994,
        "report_year_to": 2024,
        "age": 30,
        "eps_negative_percentage": 4,
        "eps_growth_avg": {
            "last_all": 10.7,
            "last_2y": 28.86,
            "last_4y": 18.99,
            "last_8y": 30.82,
            "last_12y": 27.41,
            "last_16y": 14.17,
            "last_20y": 14.38,
            "at_2006_last_3y": 15.22,
            "at_2007_last_3y": 35.97,
            "at_2008_last_3y": 0.31,
            "at_2009_last_3y": -20.43,
            "at_2010_last_3y": -43.22,
            "at_2011_last_3y": -25.19,
            "at_2012_last_3y": -37.97,
            "at_2013_last_3y": -7.02,
            "at_2014_last_3y": 19.74,
            "at_2015_last_3y": 15.33,
            "at_2016_last_3y": 38.13,
            "at_2017_last_3y": 64.91,
            "at_2018_last_3y": 45.61,
            "at_2019_last_3y": 25.52,
            "at_2020_last_3y": 32.79,
            "at_2021_last_3y": 24.75,
            "at_2022_last_3y": 21.74,
            "at_2023_last_3y": 31.47,
            "at_2024_last_3y": 31.47,
            "at_2006_last_all": -0.41,
            "at_2007_last_all": 1.82,
            "at_2008_last_all": -4.53,
            "at_2009_last_all": -16.47,
            "at_2010_last_all": -16.47,
            "at_2011_last_all": -7.19,
            "at_2012_last_all": -14.56,
            "at_2013_last_all": -13.89,
            "at_2014_last_all": -4.4,
            "at_2015_last_all": -0.26,
            "at_2016_last_all": 0.49,
            "at_2017_last_all": 7.13,
            "at_2018_last_all": 8.11,
            "at_2019_last_all": 5.81,
            "at_2020_last_all": 7.67,
            "at_2021_last_all": 10.83,
            "at_2022_last_all": 10.83,
            "at_2023_last_all": 10.7,
            "at_2024_last_all": 10.7
        },
        "latest_eps": 8.5,
        "latest_price": 205.5,
        "latest_roe": 45.45,
        "latest_gross_margin": 47.14,
        "latest_equity": 16349000,
        "latest_revenue": 6723000,
        "latest_gross_profit": 3169000,
        "latest_net_income": 2004000,
        "latest_debt_ratio": 46.8,
        "latest_current_ratio": 259.73,
        "latest_account_receivable_turnover_ratio": 1.15,
        "latest_inventory_turnover_ratio": 0.62,
        "latest_reinvestment_rate": 8.99,
        "latest_research_to_sale_ratio": 11.74
    },
    "eps_dividends": {
        "2001": {
            "cash": 0,
            "stock": 0,
            "eps": 0.54
        },
        "2002": {
            "cash": 0,
            "stock": 0,
            "eps": 0.2
        },
        "2003": {
            "cash": 0,
            "stock": 0,
            "eps": 0.06
        },
        "2004": {
            "cash": 0,
            "stock": 0,
            "eps": 0.88
        },
        "2005": {
            "cash": 0.06,
            "stock": 0,
            "eps": 0.73
        },
        "2006": {
            "cash": 0.13,
            "stock": 0,
            "eps": 1.08
        },
        "2007": {
            "cash": 0.16999999999999998,
            "stock": 0,
            "eps": 1.22
        },
        "2008": {
            "cash": 0.18,
            "stock": 0,
            "eps": 0.7
        },
        "2009": {
            "cash": 0.18,
            "stock": 0,
            "eps": -0.04
        },
        "2010": {
            "cash": 0.27,
            "stock": 0,
            "eps": 0.88
        },
        "2011": {
            "cash": 0.31000000000000005,
            "stock": 0,
            "eps": 1.47
        },
        "2012": {
            "cash": 0.18,
            "stock": 0,
            "eps": 0.28
        },
        "2013": {
            "cash": 0.39,
            "stock": 0,
            "eps": 0.26
        },
        "2014": {
            "cash": 0.2,
            "stock": 0,
            "eps": 0.85
        },
        "2015": {
            "cash": 0.4,
            "stock": 0,
            "eps": 1.27
        },
        "2016": {
            "cash": 0.30000000000000004,
            "stock": 0,
            "eps": 1.4
        },
        "2017": {
            "cash": 0.30000000000000004,
            "stock": 0,
            "eps": 3.42
        },
        "2018": {
            "cash": 0.7,
            "stock": 0,
            "eps": 4.2
        },
        "2019": {
            "cash": 0.62,
            "stock": 0,
            "eps": 2.9
        },
        "2020": {
            "cash": 0.65,
            "stock": 0,
            "eps": 4.04
        },
        "2021": {
            "cash": 0.7,
            "stock": 0,
            "eps": 6.78
        },
        "2022": {
            "cash": 0.76,
            "stock": 0,
            "eps": 7.51
        },
        "2023": {
            "cash": 0.9000000000000001,
            "stock": 0,
            "eps": 8.11
        },
        "2024": {
            "cash": 0.32,
            "stock": 0,
            "eps": 0
        }
    },
    "dividends": {
        "2005-06-08": {
            "cash": 0.03,
            "stock": 0
        },
        "2005-09-07": {
            "cash": 0.03,
            "stock": 0
        },
        "2006-03-09": {
            "cash": 0.03,
            "stock": 0
        },
        "2006-06-08": {
            "cash": 0.05,
            "stock": 0
        },
        "2006-09-07": {
            "cash": 0.05,
            "stock": 0
        },
        "2007-03-08": {
            "cash": 0.05,
            "stock": 0
        },
        "2007-06-07": {
            "cash": 0.06,
            "stock": 0
        },
        "2007-09-06": {
            "cash": 0.06,
            "stock": 0
        },
        "2008-03-06": {
            "cash": 0.06,
            "stock": 0
        },
        "2008-06-05": {
            "cash": 0.06,
            "stock": 0
        },
        "2008-09-04": {
            "cash": 0.06,
            "stock": 0
        },
        "2009-03-05": {
            "cash": 0.06,
            "stock": 0
        },
        "2009-06-04": {
            "cash": 0.06,
            "stock": 0
        },
        "2009-09-03": {
            "cash": 0.06,
            "stock": 0
        },
        "2010-03-17": {
            "cash": 0.06,
            "stock": 0
        },
        "2010-06-16": {
            "cash": 0.07,
            "stock": 0
        },
        "2010-09-15": {
            "cash": 0.07,
            "stock": 0
        },
        "2010-12-15": {
            "cash": 0.07,
            "stock": 0
        },
        "2011-03-23": {
            "cash": 0.07,
            "stock": 0
        },
        "2011-06-22": {
            "cash": 0.08,
            "stock": 0
        },
        "2011-09-21": {
            "cash": 0.08,
            "stock": 0
        },
        "2011-12-14": {
            "cash": 0.08,
            "stock": 0
        },
        "2012-06-14": {
            "cash": 0.09,
            "stock": 0
        },
        "2012-12-12": {
            "cash": 0.09,
            "stock": 0
        },
        "2013-03-13": {
            "cash": 0.09,
            "stock": 0
        },
        "2013-06-13": {
            "cash": 0.1,
            "stock": 0
        },
        "2013-09-12": {
            "cash": 0.1,
            "stock": 0
        },
        "2013-12-12": {
            "cash": 0.1,
            "stock": 0
        },
        "2014-06-12": {
            "cash": 0.1,
            "stock": 0
        },
        "2014-09-11": {
            "cash": 0.1,
            "stock": 0
        },
        "2015-03-11": {
            "cash": 0.1,
            "stock": 0
        },
        "2015-06-11": {
            "cash": 0.1,
            "stock": 0
        },
        "2015-09-10": {
            "cash": 0.1,
            "stock": 0
        },
        "2015-12-10": {
            "cash": 0.1,
            "stock": 0
        },
        "2016-03-17": {
            "cash": 0.1,
            "stock": 0
        },
        "2016-06-16": {
            "cash": 0.1,
            "stock": 0
        },
        "2016-09-15": {
            "cash": 0.1,
            "stock": 0
        },
        "2017-03-15": {
            "cash": 0.1,
            "stock": 0
        },
        "2017-06-15": {
            "cash": 0.1,
            "stock": 0
        },
        "2017-09-14": {
            "cash": 0.1,
            "stock": 0
        },
        "2018-03-14": {
            "cash": 0.1,
            "stock": 0
        },
        "2018-06-14": {
            "cash": 0.2,
            "stock": 0
        },
        "2018-09-13": {
            "cash": 0.2,
            "stock": 0
        },
        "2018-12-13": {
            "cash": 0.2,
            "stock": 0
        },
        "2019-03-14": {
            "cash": 0.2,
            "stock": 0
        },
        "2019-06-13": {
            "cash": 0.21,
            "stock": 0
        },
        "2019-09-12": {
            "cash": 0.21,
            "stock": 0
        },
        "2020-03-11": {
            "cash": 0.21,
            "stock": 0
        },
        "2020-06-11": {
            "cash": 0.22,
            "stock": 0
        },
        "2020-09-10": {
            "cash": 0.22,
            "stock": 0
        },
        "2021-03-18": {
            "cash": 0.22,
            "stock": 0
        },
        "2021-06-17": {
            "cash": 0.24,
            "stock": 0
        },
        "2021-09-16": {
            "cash": 0.24,
            "stock": 0
        },
        "2022-03-16": {
            "cash": 0.24,
            "stock": 0
        },
        "2022-06-16": {
            "cash": 0.26,
            "stock": 0
        },
        "2022-12-15": {
            "cash": 0.26,
            "stock": 0
        },
        "2023-06-16": {
            "cash": 0.26,
            "stock": 0
        },
        "2023-09-15": {
            "cash": 0.32,
            "stock": 0
        },
        "2023-12-15": {
            "cash": 0.32,
            "stock": 0
        },
        "2024-06-14": {
            "cash": 0.32,
            "stock": 0
        }
    },
    "prices": {
        "200101": "23.62",
        "200102": "22.94",
        "200103": "23.60",
        "200104": "23.94",
        "200105": "26.35",
        "200106": "25.49",
        "200107": "22.70",
        "200108": "22.60",
        "200109": "16.98",
        "200110": "16.56",
        "200111": "19.62",
        "200112": "21.09",
        "200201": "21.64",
        "200202": "22.35",
        "200203": "25.63",
        "200204": "25.92",
        "200205": "24.66",
        "200206": "20.25",
        "200207": "17.09",
        "200208": "14.21",
        "200209": "12.38",
        "200210": "12.84",
        "200211": "16.02",
        "200212": "14.21",
        "200301": "14.13",
        "200302": "12.32",
        "200303": "12.84",
        "200304": "14.07",
        "200305": "14.74",
        "200306": "15.84",
        "200307": "18.22",
        "200308": "19.82",
        "200309": "20.39",
        "200310": "20.97",
        "200311": "24.21",
        "200312": "22.35",
        "200401": "23.31",
        "200402": "21.78",
        "200403": "21.12",
        "200404": "20.93",
        "200405": "18.89",
        "200406": "18.89",
        "200407": "17.27",
        "200408": "16.23",
        "200409": "16.63",
        "200410": "16.33",
        "200411": "16.61",
        "200412": "17.20",
        "200501": "16.14",
        "200502": "17.05",
        "200503": "16.54",
        "200504": "15.37",
        "200505": "15.91",
        "200506": "16.74",
        "200507": "17.44",
        "200508": "17.99",
        "200509": "17.41",
        "200510": "16.94",
        "200511": "17.53",
        "200512": "18.61",
        "200601": "19.47",
        "200602": "19.42",
        "200603": "17.96",
        "200604": "17.99",
        "200605": "17.56",
        "200606": "16.45",
        "200607": "15.59",
        "200608": "15.79",
        "200609": "17.14",
        "200610": "17.94",
        "200611": "17.92",
        "200612": "18.31",
        "200701": "18.47",
        "200702": "18.54",
        "200703": "18.47",
        "200704": "19.15",
        "200705": "19.36",
        "200706": "19.47",
        "200707": "20.99",
        "200708": "21.38",
        "200709": "20.92",
        "200710": "20.42",
        "200711": "18.45",
        "200712": "18.07",
        "200801": "17.31",
        "200802": "18.94",
        "200803": "20.43",
        "200804": "19.44",
        "200805": "19.48",
        "200806": "19.63",
        "200807": "17.94",
        "200808": "18.43",
        "200809": "16.24",
        "200810": "12.59",
        "200811": "10.27",
        "200812": "9.96",
        "200901": "10.07",
        "200902": "9.37",
        "200903": "10.12",
        "200904": "11.46",
        "200905": "11.44",
        "200906": "11.06",
        "200907": "12.33",
        "200908": "13.49",
        "200909": "13.28",
        "200910": "13.08",
        "200911": "12.55",
        "200912": "13.55",
        "201001": "13.67",
        "201002": "12.37",
        "201003": "12.69",
        "201004": "13.98",
        "201005": "13.03",
        "201006": "12.79",
        "201007": "12.26",
        "201008": "11.23",
        "201009": "11.12",
        "201010": "11.94",
        "201011": "12.60",
        "201012": "13.51",
        "201101": "14.78",
        "201102": "16.16",
        "201103": "15.48",
        "201104": "15.28",
        "201105": "14.50",
        "201106": "12.71",
        "201107": "12.80",
        "201108": "11.45",
        "201109": "10.88",
        "201110": "11.39",
        "201111": "11.65",
        "201112": "10.66",
        "201201": "11.79",
        "201202": "12.78",
        "201203": "12.50",
        "201204": "11.91",
        "201205": "10.89",
        "201206": "10.86",
        "201207": "10.74",
        "201208": "11.67",
        "201209": "11.59",
        "201210": "10.95",
        "201211": "10.61",
        "201212": "11.15",
        "201301": "12.22",
        "201302": "13.54",
        "201303": "13.41",
        "201304": "13.50",
        "201305": "14.80",
        "201306": "15.31",
        "201307": "16.02",
        "201308": "15.63",
        "201309": "16.28",
        "201310": "17.77",
        "201311": "17.45",
        "201312": "17.03",
        "201401": "17.33",
        "201402": "18.23",
        "201403": "19.53",
        "201404": "19.47",
        "201405": "19.58",
        "201406": "22.14",
        "201407": "22.39",
        "201408": "21.70",
        "201409": "22.29",
        "201410": "20.56",
        "201411": "22.77",
        "201412": "24.54",
        "201501": "23.77",
        "201502": "24.32",
        "201503": "23.82",
        "201504": "21.75",
        "201505": "19.95",
        "201506": "19.88",
        "201507": "18.25",
        "201508": "16.45",
        "201509": "15.35",
        "201510": "15.81",
        "201511": "17.56",
        "201512": "18.75",
        "201601": "17.03",
        "201602": "17.42",
        "201603": "20.01",
        "201604": "21.10",
        "201605": "21.13",
        "201606": "23.85",
        "201607": "25.76",
        "201608": "27.97",
        "201609": "29.86",
        "201610": "28.86",
        "201611": "30.10",
        "201612": "32.32",
        "201701": "33.46",
        "201702": "35.66",
        "201703": "38.25",
        "201704": "39.21",
        "201705": "43.55",
        "201706": "44.28",
        "201707": "45.27",
        "201708": "43.73",
        "201709": "46.89",
        "201710": "54.32",
        "201711": "56.46",
        "201712": "51.62",
        "201801": "55.27",
        "201802": "52.89",
        "201803": "58.58",
        "201804": "53.03",
        "201805": "52.27",
        "201806": "49.31",
        "201807": "46.57",
        "201808": "46.05",
        "201809": "39.44",
        "201810": "34.62",
        "201811": "35.13",
        "201812": "32.94",
        "201901": "35.36",
        "201902": "39.55",
        "201903": "39.16",
        "201904": "43.17",
        "201905": "41.04",
        "201906": "42.15",
        "201907": "47.44",
        "201908": "46.80",
        "201909": "50.79",
        "201910": "52.25",
        "201911": "57.57",
        "201912": "59.22",
        "202001": "61.54",
        "202002": "62.97",
        "202003": "48.75",
        "202004": "49.57",
        "202005": "53.08",
        "202006": "58.91",
        "202007": "62.69",
        "202008": "64.49",
        "202009": "58.09",
        "202010": "61.37",
        "202011": "73.51",
        "202012": "86.83",
        "202101": "100.20",
        "202102": "111.00",
        "202103": "118.03",
        "202104": "135.85",
        "202105": "128.92",
        "202106": "137.36",
        "202107": "135.60",
        "202108": "134.82",
        "202109": "136.94",
        "202110": "131.09",
        "202111": "150.63",
        "202112": "152.51",
        "202201": "147.16",
        "202202": "136.14",
        "202203": "130.67",
        "202204": "116.84",
        "202205": "111.42",
        "202206": "101.15",
        "202207": "95.35",
        "202208": "104.34",
        "202209": "88.78",
        "202210": "82.59",
        "202211": "101.48",
        "202212": "103.78",
        "202301": "108.34",
        "202302": "116.19",
        "202303": "119.37",
        "202304": "114.06",
        "202305": "121.69",
        "202306": "138.85",
        "202307": "141.97",
        "202308": "145.72",
        "202309": "142.17",
        "202310": "137.43",
        "202311": "147.43",
        "202312": "156.83"
    },
    "quarters": {
        "20011": {
            "year_quarter": 20011,
            "year": 2001,
            "quarter": 1,
            "eps": 0.25,
            "eps_growth_year": 30.32,
            "eps_4q": 1.25,
            "eps_4q_growth_year": 105.6,
            "roe": 5.8,
            "roe_4q": 5.8,
            "gross_profit": 1142746,
            "gross_margin": 48.35,
            "gross_margin_4q_avg": 48.35,
            "net_income": 424224,
            "net_income_4q": null,
            "revenue": 2363254,
            "revenue_4q": null,
            "common_shares": 8100,
            "book_valuer_per_share": 4.64,
            "book_valuer_per_share_4q_avg": 4.64,
            "equity": 7518802,
            "current_ratio": 350.85,
            "debt_ratio": 30.21,
            "inventory_turnover_ratio": 0.76,
            "account_receivable_turnover_ratio": 0.98,
            "reinvestment_rate": 13.74,
            "research_to_sale_ratio": 14.23,
            "price_fair": 0,
            "eps_avg_yearly": 0,
            "eps_latest_yearly": 0,
            "eps_growth_yearly": 0
        },
        "20012": {
            "year_quarter": 20012,
            "year": 2001,
            "quarter": 2,
            "eps": 0.21,
            "eps_growth_year": -18.58,
            "eps_4q": 1.2,
            "eps_4q_growth_year": 53.55,
            "roe": 4.17,
            "roe_4q": 9.969999999999999,
            "gross_profit": 984968,
            "gross_margin": 46.04,
            "gross_margin_4q_avg": 47.2,
            "net_income": 318377,
            "net_income_4q": null,
            "revenue": 2139417,
            "revenue_4q": null,
            "common_shares": 8131,
            "book_valuer_per_share": 4.77,
            "book_valuer_per_share_4q_avg": 4.71,
            "equity": 7752134,
            "current_ratio": 411.43,
            "debt_ratio": 26.5,
            "inventory_turnover_ratio": 0.69,
            "account_receivable_turnover_ratio": 1.05,
            "reinvestment_rate": 14.01,
            "research_to_sale_ratio": 14.61,
            "price_fair": 0,
            "eps_avg_yearly": 0,
            "eps_latest_yearly": 0,
            "eps_growth_yearly": 0
        },
        "20013": {
            "year_quarter": 20013,
            "year": 2001,
            "quarter": 3,
            "eps": 0.07,
            "eps_growth_year": -79.15,
            "eps_4q": 0.92,
            "eps_4q_growth_year": -5.89,
            "roe": 1.48,
            "roe_4q": 11.45,
            "gross_profit": 655613,
            "gross_margin": 41.6,
            "gross_margin_4q_avg": 45.33,
            "net_income": 114945,
            "net_income_4q": null,
            "revenue": 1575904,
            "revenue_4q": null,
            "common_shares": 8163,
            "book_valuer_per_share": 4.77,
            "book_valuer_per_share_4q_avg": 4.73,
            "equity": 7794614,
            "current_ratio": 471.92,
            "debt_ratio": 23.83,
            "inventory_turnover_ratio": 0.59,
            "account_receivable_turnover_ratio": 1.08,
            "reinvestment_rate": 14.38,
            "research_to_sale_ratio": 17.6,
            "price_fair": 0,
            "eps_avg_yearly": 0,
            "eps_latest_yearly": 0,
            "eps_growth_yearly": 0
        },
        "20014": {
            "year_quarter": 20014,
            "year": 2001,
            "quarter": 4,
            "eps": 0.01,
            "eps_growth_year": -97.73,
            "eps_4q": 0.55,
            "eps_4q_growth_year": -54.15,
            "roe": -1.07,
            "roe_4q": 10.379999999999999,
            "gross_profit": 468706,
            "gross_margin": 37.06,
            "gross_margin_4q_avg": 43.26,
            "net_income": -82318,
            "net_income_4q": null,
            "revenue": 1264673,
            "revenue_4q": null,
            "common_shares": 16315,
            "book_valuer_per_share": 4.51,
            "book_valuer_per_share_4q_avg": 4.67,
            "equity": 7606737,
            "current_ratio": 507.7,
            "debt_ratio": 22.61,
            "inventory_turnover_ratio": 0.56,
            "account_receivable_turnover_ratio": 1.21,
            "reinvestment_rate": 14.53,
            "research_to_sale_ratio": 21.55,
            "price_fair": 0,
            "eps_avg_yearly": 0,
            "eps_latest_yearly": 0,
            "eps_growth_yearly": 0
        },
        "20021": {
            "year_quarter": 20021,
            "year": 2002,
            "quarter": 1,
            "eps": 0.01,
            "eps_growth_year": -97.55,
            "eps_4q": 0.3,
            "eps_4q_growth_year": -75.93,
            "roe": -0.6,
            "roe_4q": 3.98,
            "gross_profit": 385452,
            "gross_margin": 38.53,
            "gross_margin_4q_avg": 40.81,
            "net_income": -45495,
            "net_income_4q": null,
            "revenue": 1000460,
            "revenue_4q": null,
            "common_shares": 8199,
            "book_valuer_per_share": 4.65,
            "book_valuer_per_share_4q_avg": 4.68,
            "equity": 7617217,
            "current_ratio": 510.91,
            "debt_ratio": 22.35,
            "inventory_turnover_ratio": 0.46,
            "account_receivable_turnover_ratio": 1.29,
            "reinvestment_rate": 12.76,
            "research_to_sale_ratio": 24.67,
            "price_fair": 0.4,
            "eps_avg_yearly": 0.04,
            "eps_latest_yearly": 0.04,
            "eps_growth_yearly": 0
        },
        "20022": {
            "year_quarter": 20022,
            "year": 2002,
            "quarter": 2,
            "eps": 0.03,
            "eps_growth_year": -85.75,
            "eps_4q": 0.12,
            "eps_4q_growth_year": -90.15,
            "roe": 0.68,
            "roe_4q": 0.49,
            "gross_profit": 462740,
            "gross_margin": 40.01,
            "gross_margin_4q_avg": 39.3,
            "net_income": 52030,
            "net_income_4q": null,
            "revenue": 1156472,
            "revenue_4q": null,
            "common_shares": 16451,
            "book_valuer_per_share": 4.67,
            "book_valuer_per_share_4q_avg": 4.65,
            "equity": 7675136,
            "current_ratio": 522.35,
            "debt_ratio": 22.14,
            "inventory_turnover_ratio": 0.57,
            "account_receivable_turnover_ratio": 1.33,
            "reinvestment_rate": 13.84,
            "research_to_sale_ratio": 22.21,
            "price_fair": 2.8,
            "eps_avg_yearly": 0.08,
            "eps_latest_yearly": 0.12,
            "eps_growth_yearly": 400
        },
        "20023": {
            "year_quarter": 20023,
            "year": 2002,
            "quarter": 3,
            "eps": 0.07,
            "eps_growth_year": -7.33,
            "eps_4q": 0.11,
            "eps_4q_growth_year": -87.76,
            "roe": 1.48,
            "roe_4q": 0.49,
            "gross_profit": 606143,
            "gross_margin": 41.53,
            "gross_margin_4q_avg": 39.28,
            "net_income": 115227,
            "net_income_4q": null,
            "revenue": 1459682,
            "revenue_4q": null,
            "common_shares": 16480,
            "book_valuer_per_share": 4.77,
            "book_valuer_per_share_4q_avg": 4.65,
            "equity": 7857185,
            "current_ratio": 487.63,
            "debt_ratio": 23.04,
            "inventory_turnover_ratio": 0.7,
            "account_receivable_turnover_ratio": 1.42,
            "reinvestment_rate": 15.26,
            "research_to_sale_ratio": 18.9,
            "price_fair": 5.13,
            "eps_avg_yearly": 0.15,
            "eps_latest_yearly": 0.28,
            "eps_growth_yearly": 444.44
        },
        "20024": {
            "year_quarter": 20024,
            "year": 2002,
            "quarter": 4,
            "eps": 0.09,
            "eps_growth_year": 947.94,
            "eps_4q": 0.2,
            "eps_4q_growth_year": -64.11,
            "roe": 1.85,
            "roe_4q": 3.4099999999999997,
            "gross_profit": 602326,
            "gross_margin": 41.66,
            "gross_margin_4q_avg": 40.43,
            "net_income": 147242,
            "net_income_4q": null,
            "revenue": 1445698,
            "revenue_4q": null,
            "common_shares": 16480,
            "book_valuer_per_share": 4.67,
            "book_valuer_per_share_4q_avg": 4.69,
            "equity": 8019649,
            "current_ratio": 537.66,
            "debt_ratio": 21.57,
            "inventory_turnover_ratio": 0.67,
            "account_receivable_turnover_ratio": 1.36,
            "reinvestment_rate": 14.16,
            "research_to_sale_ratio": 18.86,
            "price_fair": 7,
            "eps_avg_yearly": 0.2,
            "eps_latest_yearly": 0.36,
            "eps_growth_yearly": 361.9
        },
        "20031": {
            "year_quarter": 20031,
            "year": 2003,
            "quarter": 1,
            "eps": -0,
            "eps_growth_year": -110.89,
            "eps_4q": 0.19,
            "eps_4q_growth_year": -37.11,
            "roe": -0.82,
            "roe_4q": 3.1900000000000004,
            "gross_profit": 390382,
            "gross_margin": 37.03,
            "gross_margin_4q_avg": 40.06,
            "net_income": -65670,
            "net_income_4q": null,
            "revenue": 1054209,
            "revenue_4q": null,
            "common_shares": 16552,
            "book_valuer_per_share": 4.84,
            "book_valuer_per_share_4q_avg": 4.74,
            "equity": 8016479,
            "current_ratio": 606.8,
            "debt_ratio": 20.03,
            "inventory_turnover_ratio": 0.53,
            "account_receivable_turnover_ratio": 1.09,
            "reinvestment_rate": 14.86,
            "research_to_sale_ratio": 23.07,
            "price_fair": 7,
            "eps_avg_yearly": 0.2,
            "eps_latest_yearly": 0.36,
            "eps_growth_yearly": 361.9
        },
        "20032": {
            "year_quarter": 20032,
            "year": 2003,
            "quarter": 2,
            "eps": -0,
            "eps_growth_year": -103.7,
            "eps_4q": 0.16,
            "eps_4q_growth_year": 33.27,
            "roe": -0.78,
            "roe_4q": 1.73,
            "gross_profit": 372774,
            "gross_margin": 33.67,
            "gross_margin_4q_avg": 38.47,
            "net_income": -62126,
            "net_income_4q": null,
            "revenue": 1107177,
            "revenue_4q": null,
            "common_shares": 16574,
            "book_valuer_per_share": 4.79,
            "book_valuer_per_share_4q_avg": 4.77,
            "equity": 7937922,
            "current_ratio": 615.48,
            "debt_ratio": 20.01,
            "inventory_turnover_ratio": 0.63,
            "account_receivable_turnover_ratio": 1.36,
            "reinvestment_rate": 13.46,
            "research_to_sale_ratio": 20.99,
            "price_fair": 7,
            "eps_avg_yearly": 0.2,
            "eps_latest_yearly": 0.36,
            "eps_growth_yearly": 361.9
        },
        "20033": {
            "year_quarter": 20033,
            "year": 2003,
            "quarter": 3,
            "eps": 0,
            "eps_growth_year": -94.46,
            "eps_4q": 0.09,
            "eps_4q_growth_year": -17.06,
            "roe": -0.47,
            "roe_4q": -0.21999999999999975,
            "gross_profit": 346928,
            "gross_margin": 31.69,
            "gross_margin_4q_avg": 36.01,
            "net_income": -36802,
            "net_income_4q": null,
            "revenue": 1094907,
            "revenue_4q": null,
            "common_shares": 16631,
            "book_valuer_per_share": 4.53,
            "book_valuer_per_share_4q_avg": 4.71,
            "equity": 7865093,
            "current_ratio": 619.86,
            "debt_ratio": 19.93,
            "inventory_turnover_ratio": 0.71,
            "account_receivable_turnover_ratio": 1.48,
            "reinvestment_rate": 10.34,
            "research_to_sale_ratio": 19.82,
            "price_fair": 7,
            "eps_avg_yearly": 0.2,
            "eps_latest_yearly": 0.36,
            "eps_growth_yearly": 361.9
        },
        "20034": {
            "year_quarter": 20034,
            "year": 2003,
            "quarter": 4,
            "eps": 0.06,
            "eps_growth_year": -39.25,
            "eps_4q": 0.06,
            "eps_4q_growth_year": -70.56,
            "roe": 0.19,
            "roe_4q": -1.88,
            "gross_profit": 494371,
            "gross_margin": 40.49,
            "gross_margin_4q_avg": 35.72,
            "net_income": 15451,
            "net_income_4q": null,
            "revenue": 1220998,
            "revenue_4q": null,
            "common_shares": 16774,
            "book_valuer_per_share": 4.62,
            "book_valuer_per_share_4q_avg": 4.7,
            "equity": 8068034,
            "current_ratio": 510.14,
            "debt_ratio": 21.76,
            "inventory_turnover_ratio": 0.75,
            "account_receivable_turnover_ratio": 1.48,
            "reinvestment_rate": 12.55,
            "research_to_sale_ratio": 18.67,
            "price_fair": 7,
            "eps_avg_yearly": 0.2,
            "eps_latest_yearly": 0.36,
            "eps_growth_yearly": 361.9
        },
        "20041": {
            "year_quarter": 20041,
            "year": 2004,
            "quarter": 1,
            "eps": 0.12,
            "eps_growth_year": null,
            "eps_4q": 0.17,
            "eps_4q_growth_year": -7.97,
            "roe": 1.01,
            "roe_4q": -0.050000000000000044,
            "gross_profit": 676169,
            "gross_margin": 43.47,
            "gross_margin_4q_avg": 37.33,
            "net_income": 82376,
            "net_income_4q": null,
            "revenue": 1555448,
            "revenue_4q": null,
            "common_shares": 16858,
            "book_valuer_per_share": 4.7,
            "book_valuer_per_share_4q_avg": 4.66,
            "equity": 8218914,
            "current_ratio": 485.34,
            "debt_ratio": 22.69,
            "inventory_turnover_ratio": 0.9,
            "account_receivable_turnover_ratio": 1.56,
            "reinvestment_rate": 8.54,
            "research_to_sale_ratio": 15.6,
            "price_fair": 8.96,
            "eps_avg_yearly": 0.26,
            "eps_latest_yearly": 0.48,
            "eps_growth_yearly": 369.52
        },
        "20042": {
            "year_quarter": 20042,
            "year": 2004,
            "quarter": 2,
            "eps": 0.22,
            "eps_growth_year": null,
            "eps_4q": 0.39,
            "eps_4q_growth_year": 148.19,
            "roe": 4.43,
            "roe_4q": 5.16,
            "gross_profit": 938641,
            "gross_margin": 46.51,
            "gross_margin_4q_avg": 40.54,
            "net_income": 373348,
            "net_income_4q": null,
            "revenue": 2018105,
            "revenue_4q": null,
            "common_shares": 16944,
            "book_valuer_per_share": 4.92,
            "book_valuer_per_share_4q_avg": 4.69,
            "equity": 8636376,
            "current_ratio": 476.87,
            "debt_ratio": 22.94,
            "inventory_turnover_ratio": 1.02,
            "account_receivable_turnover_ratio": 1.62,
            "reinvestment_rate": 5.58,
            "research_to_sale_ratio": 12.1,
            "price_fair": 12.6,
            "eps_avg_yearly": 0.36,
            "eps_latest_yearly": 0.88,
            "eps_growth_yearly": 363.49
        },
        "20043": {
            "year_quarter": 20043,
            "year": 2004,
            "quarter": 3,
            "eps": 0.26,
            "eps_growth_year": 6723.73,
            "eps_4q": 0.64,
            "eps_4q_growth_year": 587.24,
            "roe": 4.97,
            "roe_4q": 10.599999999999998,
            "gross_profit": 1059232,
            "gross_margin": 47.37,
            "gross_margin_4q_avg": 44.46,
            "net_income": 440571,
            "net_income_4q": null,
            "revenue": 2236152,
            "revenue_4q": null,
            "common_shares": 16982,
            "book_valuer_per_share": 5.18,
            "book_valuer_per_share_4q_avg": 4.86,
            "equity": 9103413,
            "current_ratio": 459.54,
            "debt_ratio": 23.62,
            "inventory_turnover_ratio": 1.04,
            "account_receivable_turnover_ratio": 1.52,
            "reinvestment_rate": 0.64,
            "research_to_sale_ratio": 11.48,
            "price_fair": 16,
            "eps_avg_yearly": 0.46,
            "eps_latest_yearly": 1.04,
            "eps_growth_yearly": 321.95
        },
        "20044": {
            "year_quarter": 20044,
            "year": 2004,
            "quarter": 4,
            "eps": 0.28,
            "eps_growth_year": 403.02,
            "eps_4q": 0.87,
            "eps_4q_growth_year": 1405.47,
            "roe": 4.96,
            "roe_4q": 15.37,
            "gross_profit": 1027203,
            "gross_margin": 46.62,
            "gross_margin_4q_avg": 45.99,
            "net_income": 455008,
            "net_income_4q": null,
            "revenue": 2203348,
            "revenue_4q": null,
            "common_shares": 16803,
            "book_valuer_per_share": 5.33,
            "book_valuer_per_share_4q_avg": 5.03,
            "equity": 9262027,
            "current_ratio": 449.37,
            "debt_ratio": 23.41,
            "inventory_turnover_ratio": 1.03,
            "account_receivable_turnover_ratio": 1.38,
            "reinvestment_rate": -4.25,
            "research_to_sale_ratio": 11.27,
            "price_fair": 18.9,
            "eps_avg_yearly": 0.54,
            "eps_latest_yearly": 1.12,
            "eps_growth_yearly": 285.56
        },
        "20051": {
            "year_quarter": 20051,
            "year": 2005,
            "quarter": 1,
            "eps": 0.17,
            "eps_growth_year": 48.18,
            "eps_4q": 0.92,
            "eps_4q_growth_year": 431.02,
            "roe": 3.11,
            "roe_4q": 17.47,
            "gross_profit": 790225,
            "gross_margin": 44.38,
            "gross_margin_4q_avg": 46.22,
            "net_income": 288765,
            "net_income_4q": null,
            "revenue": 1780576,
            "revenue_4q": null,
            "common_shares": 16678,
            "book_valuer_per_share": 5.32,
            "book_valuer_per_share_4q_avg": 5.19,
            "equity": 9299834,
            "current_ratio": 459,
            "debt_ratio": 23.13,
            "inventory_turnover_ratio": 0.85,
            "account_receivable_turnover_ratio": 1.04,
            "reinvestment_rate": -10.4,
            "research_to_sale_ratio": 13.58,
            "price_fair": 19.44,
            "eps_avg_yearly": 0.56,
            "eps_latest_yearly": 0.68,
            "eps_growth_yearly": 236.37
        },
        "20052": {
            "year_quarter": 20052,
            "year": 2005,
            "quarter": 2,
            "eps": 0.18,
            "eps_growth_year": -15.54,
            "eps_4q": 0.89,
            "eps_4q_growth_year": 127.57,
            "roe": 3.3,
            "roe_4q": 16.34,
            "gross_profit": 818430,
            "gross_margin": 43.97,
            "gross_margin_4q_avg": 45.59,
            "net_income": 304830,
            "net_income_4q": null,
            "revenue": 1861189,
            "revenue_4q": null,
            "common_shares": 16477,
            "book_valuer_per_share": 5.33,
            "book_valuer_per_share_4q_avg": 5.29,
            "equity": 9181944,
            "current_ratio": 462.75,
            "debt_ratio": 22.95,
            "inventory_turnover_ratio": 0.91,
            "account_receivable_turnover_ratio": 1.12,
            "reinvestment_rate": -16.84,
            "research_to_sale_ratio": 12.12,
            "price_fair": 20.02,
            "eps_avg_yearly": 0.57,
            "eps_latest_yearly": 0.72,
            "eps_growth_yearly": 215.08
        },
        "20053": {
            "year_quarter": 20053,
            "year": 2005,
            "quarter": 3,
            "eps": 0.23,
            "eps_growth_year": -12.03,
            "eps_4q": 0.86,
            "eps_4q_growth_year": 33.53,
            "roe": 4.05,
            "roe_4q": 15.419999999999998,
            "gross_profit": 717089,
            "gross_margin": 43.94,
            "gross_margin_4q_avg": 44.73,
            "net_income": 369591,
            "net_income_4q": null,
            "revenue": 1631938,
            "revenue_4q": null,
            "common_shares": 16225,
            "book_valuer_per_share": 5.33,
            "book_valuer_per_share_4q_avg": 5.33,
            "equity": 9071645,
            "current_ratio": 492.81,
            "debt_ratio": 21.92,
            "inventory_turnover_ratio": 0.85,
            "account_receivable_turnover_ratio": 1.05,
            "reinvestment_rate": -17.98,
            "research_to_sale_ratio": 14.49,
            "price_fair": 21.13,
            "eps_avg_yearly": 0.6,
            "eps_latest_yearly": 0.92,
            "eps_growth_yearly": 205.63
        },
        "20054": {
            "year_quarter": 20054,
            "year": 2005,
            "quarter": 4,
            "eps": 0.15,
            "eps_growth_year": -45.88,
            "eps_4q": 0.73,
            "eps_4q_growth_year": -15.81,
            "roe": 2.74,
            "roe_4q": 13.2,
            "gross_profit": 760130,
            "gross_margin": 44.24,
            "gross_margin_4q_avg": 44.13,
            "net_income": 246714,
            "net_income_4q": null,
            "revenue": 1718120,
            "revenue_4q": null,
            "common_shares": 16067,
            "book_valuer_per_share": 5.3,
            "book_valuer_per_share_4q_avg": 5.32,
            "equity": 8928549,
            "current_ratio": 387.17,
            "debt_ratio": 20.77,
            "inventory_turnover_ratio": 0.91,
            "account_receivable_turnover_ratio": 1.09,
            "reinvestment_rate": 83.72,
            "research_to_sale_ratio": 13.78,
            "price_fair": 21.12,
            "eps_avg_yearly": 0.6,
            "eps_latest_yearly": 0.6,
            "eps_growth_yearly": 176.9
        },
        "20061": {
            "year_quarter": 20061,
            "year": 2006,
            "quarter": 1,
            "eps": 0.19,
            "eps_growth_year": 12.47,
            "eps_4q": 0.75,
            "eps_4q_growth_year": -18.57,
            "roe": 1.62,
            "roe_4q": 11.71,
            "gross_profit": 837699,
            "gross_margin": 45.1,
            "gross_margin_4q_avg": 44.31,
            "net_income": 142780,
            "net_income_4q": null,
            "revenue": 1857592,
            "revenue_4q": null,
            "common_shares": 15866,
            "book_valuer_per_share": 5.19,
            "book_valuer_per_share_4q_avg": 5.29,
            "equity": 8667579,
            "current_ratio": 507.93,
            "debt_ratio": 22.68,
            "inventory_turnover_ratio": 0.99,
            "account_receivable_turnover_ratio": 1.1,
            "reinvestment_rate": -21.94,
            "research_to_sale_ratio": 14.69,
            "price_fair": 23.22,
            "eps_avg_yearly": 0.66,
            "eps_latest_yearly": 0.76,
            "eps_growth_yearly": 185.79
        },
        "20062": {
            "year_quarter": 20062,
            "year": 2006,
            "quarter": 2,
            "eps": 0.26,
            "eps_growth_year": 42.35,
            "eps_4q": 0.83,
            "eps_4q_growth_year": -6.82,
            "roe": 4.78,
            "roe_4q": 13.190000000000001,
            "gross_profit": 1044625,
            "gross_margin": 46.48,
            "gross_margin_4q_avg": 44.94,
            "net_income": 412814,
            "net_income_4q": null,
            "revenue": 2247686,
            "revenue_4q": null,
            "common_shares": 15638,
            "book_valuer_per_share": 5.24,
            "book_valuer_per_share_4q_avg": 5.27,
            "equity": 8618670,
            "current_ratio": 335.34,
            "debt_ratio": 24.74,
            "inventory_turnover_ratio": 1.14,
            "account_receivable_turnover_ratio": 1.21,
            "reinvestment_rate": 53.94,
            "research_to_sale_ratio": 12.27,
            "price_fair": 25.9,
            "eps_avg_yearly": 0.74,
            "eps_latest_yearly": 1.04,
            "eps_growth_yearly": 131.4
        },
        "20063": {
            "year_quarter": 20063,
            "year": 2006,
            "quarter": 3,
            "eps": 0.33,
            "eps_growth_year": 45.03,
            "eps_4q": 0.93,
            "eps_4q_growth_year": 8.33,
            "roe": 5.92,
            "roe_4q": 15.06,
            "gross_profit": 1223354,
            "gross_margin": 48.1,
            "gross_margin_4q_avg": 45.98,
            "net_income": 512040,
            "net_income_4q": null,
            "revenue": 2543443,
            "revenue_4q": null,
            "common_shares": 15339,
            "book_valuer_per_share": 5.15,
            "book_valuer_per_share_4q_avg": 5.22,
            "equity": 8665944,
            "current_ratio": 304.62,
            "debt_ratio": 26.4,
            "inventory_turnover_ratio": 1.09,
            "account_receivable_turnover_ratio": 1.2,
            "reinvestment_rate": 47.91,
            "research_to_sale_ratio": 11.97,
            "price_fair": 28.93,
            "eps_avg_yearly": 0.83,
            "eps_latest_yearly": 1.32,
            "eps_growth_yearly": 95.93
        },
        "20064": {
            "year_quarter": 20064,
            "year": 2006,
            "quarter": 4,
            "eps": 0.3,
            "eps_growth_year": 100.46,
            "eps_4q": 1.08,
            "eps_4q_growth_year": 48.23,
            "roe": 5.86,
            "roe_4q": 18.180000000000003,
            "gross_profit": 1186124,
            "gross_margin": 47.1,
            "gross_margin_4q_avg": 46.7,
            "net_income": 449029,
            "net_income_4q": null,
            "revenue": 2518293,
            "revenue_4q": null,
            "common_shares": 13917,
            "book_valuer_per_share": 4.22,
            "book_valuer_per_share_4q_avg": 4.95,
            "equity": 6651400,
            "current_ratio": 249.63,
            "debt_ratio": 29.84,
            "inventory_turnover_ratio": 0.97,
            "account_receivable_turnover_ratio": 1.17,
            "reinvestment_rate": 18.54,
            "research_to_sale_ratio": 11.88,
            "price_fair": 31.38,
            "eps_avg_yearly": 0.9,
            "eps_latest_yearly": 1.2,
            "eps_growth_yearly": 83.38
        },
        "20071": {
            "year_quarter": 20071,
            "year": 2007,
            "quarter": 1,
            "eps": 0.28,
            "eps_growth_year": 47.89,
            "eps_4q": 1.17,
            "eps_4q_growth_year": 56.29,
            "roe": 5.93,
            "roe_4q": 22.490000000000002,
            "gross_profit": 1062538,
            "gross_margin": 46.66,
            "gross_margin_4q_avg": 47.09,
            "net_income": 403476,
            "net_income_4q": null,
            "revenue": 2277267,
            "revenue_4q": null,
            "common_shares": 13969,
            "book_valuer_per_share": 4.44,
            "book_valuer_per_share_4q_avg": 4.76,
            "equity": 6966711,
            "current_ratio": 262.07,
            "debt_ratio": 28.97,
            "inventory_turnover_ratio": 0.83,
            "account_receivable_turnover_ratio": 1.12,
            "reinvestment_rate": 19,
            "research_to_sale_ratio": 12.63,
            "price_fair": 31.98,
            "eps_avg_yearly": 0.91,
            "eps_latest_yearly": 1.12,
            "eps_growth_yearly": 74.91
        },
        "20072": {
            "year_quarter": 20072,
            "year": 2007,
            "quarter": 2,
            "eps": 0.3,
            "eps_growth_year": 17.29,
            "eps_4q": 1.22,
            "eps_4q_growth_year": 47.14,
            "roe": 5.88,
            "roe_4q": 23.589999999999996,
            "gross_profit": 1136610,
            "gross_margin": 44.93,
            "gross_margin_4q_avg": 46.7,
            "net_income": 411444,
            "net_income_4q": null,
            "revenue": 2529561,
            "revenue_4q": null,
            "common_shares": 13820,
            "book_valuer_per_share": 4.45,
            "book_valuer_per_share_4q_avg": 4.57,
            "equity": 7037740,
            "current_ratio": 258.7,
            "debt_ratio": 28.88,
            "inventory_turnover_ratio": 0.93,
            "account_receivable_turnover_ratio": 1.21,
            "reinvestment_rate": 18.6,
            "research_to_sale_ratio": 11.51,
            "price_fair": 32.7,
            "eps_avg_yearly": 0.93,
            "eps_latest_yearly": 1.2,
            "eps_growth_yearly": 71.6
        },
        "20073": {
            "year_quarter": 20073,
            "year": 2007,
            "quarter": 3,
            "eps": 0.34,
            "eps_growth_year": 3.3,
            "eps_4q": 1.23,
            "eps_4q_growth_year": 32.26,
            "roe": 6.56,
            "roe_4q": 24.229999999999997,
            "gross_profit": 1216390,
            "gross_margin": 47.5,
            "gross_margin_4q_avg": 46.55,
            "net_income": 473515,
            "net_income_4q": null,
            "revenue": 2560984,
            "revenue_4q": null,
            "common_shares": 13781,
            "book_valuer_per_share": 4.73,
            "book_valuer_per_share_4q_avg": 4.46,
            "equity": 7388137,
            "current_ratio": 267.24,
            "debt_ratio": 28.72,
            "inventory_turnover_ratio": 0.95,
            "account_receivable_turnover_ratio": 1.17,
            "reinvestment_rate": 17.9,
            "research_to_sale_ratio": 11.42,
            "price_fair": 33.69,
            "eps_avg_yearly": 0.96,
            "eps_latest_yearly": 1.36,
            "eps_growth_yearly": 70.39
        },
        "20074": {
            "year_quarter": 20074,
            "year": 2007,
            "quarter": 4,
            "eps": 0.3,
            "eps_growth_year": -0.53,
            "eps_4q": 1.23,
            "eps_4q_growth_year": 13.51,
            "roe": 5.55,
            "roe_4q": 23.919999999999998,
            "gross_profit": 1076905,
            "gross_margin": 45.5,
            "gross_margin_4q_avg": 46.15,
            "net_income": 421761,
            "net_income_4q": null,
            "revenue": 2367044,
            "revenue_4q": null,
            "common_shares": 13857,
            "book_valuer_per_share": 4.65,
            "book_valuer_per_share_4q_avg": 4.57,
            "equity": 7821409,
            "current_ratio": 277.44,
            "debt_ratio": 26.64,
            "inventory_turnover_ratio": 0.96,
            "account_receivable_turnover_ratio": 1.1,
            "reinvestment_rate": 18.23,
            "research_to_sale_ratio": 11.44,
            "price_fair": 34.21,
            "eps_avg_yearly": 0.98,
            "eps_latest_yearly": 1.2,
            "eps_growth_yearly": 63.05
        },
        "20081": {
            "year_quarter": 20081,
            "year": 2008,
            "quarter": 1,
            "eps": 0.21,
            "eps_growth_year": -25.02,
            "eps_4q": 1.16,
            "eps_4q_growth_year": -1.46,
            "roe": 3.43,
            "roe_4q": 21.419999999999998,
            "gross_profit": 934981,
            "gross_margin": 44.79,
            "gross_margin_4q_avg": 45.68,
            "net_income": 262376,
            "net_income_4q": null,
            "revenue": 2087397,
            "revenue_4q": null,
            "common_shares": 13536,
            "book_valuer_per_share": 4.5,
            "book_valuer_per_share_4q_avg": 4.58,
            "equity": 7458731,
            "current_ratio": 263.09,
            "debt_ratio": 27.95,
            "inventory_turnover_ratio": 0.85,
            "account_receivable_turnover_ratio": 1.03,
            "reinvestment_rate": 20.14,
            "research_to_sale_ratio": 13.09,
            "price_fair": 35,
            "eps_avg_yearly": 1,
            "eps_latest_yearly": 0.84,
            "eps_growth_yearly": 30.55
        },
        "20082": {
            "year_quarter": 20082,
            "year": 2008,
            "quarter": 2,
            "eps": 0.22,
            "eps_growth_year": -27.56,
            "eps_4q": 1.07,
            "eps_4q_growth_year": -11.97,
            "roe": 3.99,
            "roe_4q": 19.529999999999998,
            "gross_profit": 966828,
            "gross_margin": 44.97,
            "gross_margin_4q_avg": 45.69,
            "net_income": 302507,
            "net_income_4q": null,
            "revenue": 2149998,
            "revenue_4q": null,
            "common_shares": 13554,
            "book_valuer_per_share": 4.48,
            "book_valuer_per_share_4q_avg": 4.59,
            "equity": 7710804,
            "current_ratio": 244.03,
            "debt_ratio": 29.72,
            "inventory_turnover_ratio": 0.79,
            "account_receivable_turnover_ratio": 1.15,
            "reinvestment_rate": 20,
            "research_to_sale_ratio": 13.35,
            "price_fair": 20.9,
            "eps_avg_yearly": 1,
            "eps_latest_yearly": 0.88,
            "eps_growth_yearly": 10.9
        },
        "20083": {
            "year_quarter": 20083,
            "year": 2008,
            "quarter": 3,
            "eps": 0.12,
            "eps_growth_year": -64.26,
            "eps_4q": 0.86,
            "eps_4q_growth_year": -30.36,
            "roe": 2.16,
            "roe_4q": 15.129999999999999,
            "gross_profit": 742314,
            "gross_margin": 40.16,
            "gross_margin_4q_avg": 43.86,
            "net_income": 164768,
            "net_income_4q": null,
            "revenue": 1848168,
            "revenue_4q": null,
            "common_shares": 13417,
            "book_valuer_per_share": 4.43,
            "book_valuer_per_share_4q_avg": 4.52,
            "equity": 7540795,
            "current_ratio": 227.52,
            "debt_ratio": 31.44,
            "inventory_turnover_ratio": 0.64,
            "account_receivable_turnover_ratio": 1.09,
            "reinvestment_rate": 22.43,
            "research_to_sale_ratio": 14.53,
            "price_fair": 2.9,
            "eps_avg_yearly": 0.97,
            "eps_latest_yearly": 0.48,
            "eps_growth_yearly": -5.01
        },
        "20084": {
            "year_quarter": 20084,
            "year": 2008,
            "quarter": 4,
            "eps": 0.15,
            "eps_growth_year": -48.86,
            "eps_4q": 0.71,
            "eps_4q_growth_year": -42.29,
            "roe": 3.06,
            "roe_4q": 12.64,
            "gross_profit": 798705,
            "gross_margin": 39.08,
            "gross_margin_4q_avg": 42.25,
            "net_income": 231095,
            "net_income_4q": null,
            "revenue": 2043677,
            "revenue_4q": null,
            "common_shares": 13308,
            "book_valuer_per_share": 4.5,
            "book_valuer_per_share_4q_avg": 4.48,
            "equity": 7548958,
            "current_ratio": 226.24,
            "debt_ratio": 31.41,
            "inventory_turnover_ratio": 0.65,
            "account_receivable_turnover_ratio": 1.18,
            "reinvestment_rate": 22.44,
            "research_to_sale_ratio": 13.47,
            "price_fair": 2.8,
            "eps_avg_yearly": 0.93,
            "eps_latest_yearly": 0.6,
            "eps_growth_yearly": -0.68
        },
        "20091": {
            "year_quarter": 20091,
            "year": 2009,
            "quarter": 1,
            "eps": -0.02,
            "eps_growth_year": -109.75,
            "eps_4q": 0.47,
            "eps_4q_growth_year": -58.98,
            "roe": -1.78,
            "roe_4q": 7.430000000000001,
            "gross_profit": 391576,
            "gross_margin": 29.37,
            "gross_margin_4q_avg": 38.4,
            "net_income": -132934,
            "net_income_4q": null,
            "revenue": 1333396,
            "revenue_4q": null,
            "common_shares": 13293,
            "book_valuer_per_share": 4.38,
            "book_valuer_per_share_4q_avg": 4.45,
            "equity": 7356671,
            "current_ratio": 248.23,
            "debt_ratio": 29.45,
            "inventory_turnover_ratio": 0.46,
            "account_receivable_turnover_ratio": 0.81,
            "reinvestment_rate": 21.77,
            "research_to_sale_ratio": 17.21,
            "price_fair": 18.75,
            "eps_avg_yearly": 0.95,
            "eps_latest_yearly": 0.6,
            "eps_growth_yearly": 9.75
        },
        "20092": {
            "year_quarter": 20092,
            "year": 2009,
            "quarter": 2,
            "eps": -0.12,
            "eps_growth_year": -155.79,
            "eps_4q": 0.13,
            "eps_4q_growth_year": -87.78,
            "roe": -3.53,
            "roe_4q": -0.08999999999999941,
            "gross_profit": 155519,
            "gross_margin": 15.25,
            "gross_margin_4q_avg": 30.97,
            "net_income": -255390,
            "net_income_4q": null,
            "revenue": 1020077,
            "revenue_4q": null,
            "common_shares": 13330,
            "book_valuer_per_share": 4.18,
            "book_valuer_per_share_4q_avg": 4.37,
            "equity": 7095899,
            "current_ratio": 277.32,
            "debt_ratio": 27.21,
            "inventory_turnover_ratio": 0.43,
            "account_receivable_turnover_ratio": 0.76,
            "reinvestment_rate": 18.28,
            "research_to_sale_ratio": 23.17,
            "price_fair": 18.12,
            "eps_avg_yearly": 0.97,
            "eps_latest_yearly": 0.6,
            "eps_growth_yearly": 8.77
        },
        "20093": {
            "year_quarter": 20093,
            "year": 2009,
            "quarter": 3,
            "eps": -0.02,
            "eps_growth_year": -120.38,
            "eps_4q": -0.01,
            "eps_4q_growth_year": -101.63,
            "roe": -0.78,
            "roe_4q": -3.03,
            "gross_profit": 324874,
            "gross_margin": 28.66,
            "gross_margin_4q_avg": 28.09,
            "net_income": -54865,
            "net_income_4q": null,
            "revenue": 1133740,
            "revenue_4q": null,
            "common_shares": 13337,
            "book_valuer_per_share": 4.13,
            "book_valuer_per_share_4q_avg": 4.3,
            "equity": 7013609,
            "current_ratio": 282.73,
            "debt_ratio": 26.79,
            "inventory_turnover_ratio": 0.44,
            "account_receivable_turnover_ratio": 0.91,
            "reinvestment_rate": -46.32,
            "research_to_sale_ratio": 20.64,
            "price_fair": 9.69,
            "eps_avg_yearly": 0.97,
            "eps_latest_yearly": 0.6,
            "eps_growth_yearly": 0.9
        },
        "20094": {
            "year_quarter": 20094,
            "year": 2009,
            "quarter": 4,
            "eps": 0.12,
            "eps_growth_year": -24.71,
            "eps_4q": -0.05,
            "eps_4q_growth_year": -107.35,
            "roe": 1.95,
            "roe_4q": -4.14,
            "gross_profit": 558836,
            "gross_margin": 36.61,
            "gross_margin_4q_avg": 27.47,
            "net_income": 137862,
            "net_income_4q": null,
            "revenue": 1526394,
            "revenue_4q": null,
            "common_shares": 13409,
            "book_valuer_per_share": 4.19,
            "book_valuer_per_share_4q_avg": 4.22,
            "equity": 7094608,
            "current_ratio": 293.33,
            "debt_ratio": 25.9,
            "inventory_turnover_ratio": 0.57,
            "account_receivable_turnover_ratio": 1.23,
            "reinvestment_rate": 27.29,
            "research_to_sale_ratio": 15.34,
            "price_fair": 22.56,
            "eps_avg_yearly": 1,
            "eps_latest_yearly": 0.6,
            "eps_growth_yearly": 12.56
        },
        "20101": {
            "year_quarter": 20101,
            "year": 2010,
            "quarter": 1,
            "eps": 0.13,
            "eps_growth_year": null,
            "eps_4q": 0.1,
            "eps_4q_growth_year": -78.65,
            "roe": 1.16,
            "roe_4q": -1.1999999999999997,
            "gross_profit": 711184,
            "gross_margin": 38.47,
            "gross_margin_4q_avg": 29.75,
            "net_income": 82751,
            "net_income_4q": null,
            "revenue": 1848902,
            "revenue_4q": null,
            "common_shares": 13433,
            "book_valuer_per_share": 4.05,
            "book_valuer_per_share_4q_avg": 4.14,
            "equity": 7148143,
            "current_ratio": 256.78,
            "debt_ratio": 28.55,
            "inventory_turnover_ratio": 0.69,
            "account_receivable_turnover_ratio": 1.42,
            "reinvestment_rate": -35.76,
            "research_to_sale_ratio": 14.55,
            "price_fair": 16.12,
            "eps_avg_yearly": 0.98,
            "eps_latest_yearly": 0.52,
            "eps_growth_yearly": 6.45
        },
        "20102": {
            "year_quarter": 20102,
            "year": 2010,
            "quarter": 2,
            "eps": 0.22,
            "eps_growth_year": null,
            "eps_4q": 0.44,
            "eps_4q_growth_year": 235.77,
            "roe": 3.65,
            "roe_4q": 5.9799999999999995,
            "gross_profit": 926892,
            "gross_margin": 40.38,
            "gross_margin_4q_avg": 36.03,
            "net_income": 264004,
            "net_income_4q": null,
            "revenue": 2295540,
            "revenue_4q": null,
            "common_shares": 13430,
            "book_valuer_per_share": 4.2,
            "book_valuer_per_share_4q_avg": 4.14,
            "equity": 7321081,
            "current_ratio": 239.66,
            "debt_ratio": 29.94,
            "inventory_turnover_ratio": 0.82,
            "account_receivable_turnover_ratio": 1.64,
            "reinvestment_rate": -32.36,
            "research_to_sale_ratio": 13.33,
            "price_fair": 26.34,
            "eps_avg_yearly": 0.97,
            "eps_latest_yearly": 0.88,
            "eps_growth_yearly": 17.25
        },
        "20103": {
            "year_quarter": 20103,
            "year": 2010,
            "quarter": 3,
            "eps": 0.17,
            "eps_growth_year": null,
            "eps_4q": 0.64,
            "eps_4q_growth_year": null,
            "roe": 1.69,
            "roe_4q": 8.45,
            "gross_profit": 860128,
            "gross_margin": 34.16,
            "gross_margin_4q_avg": 37.41,
            "net_income": 123096,
            "net_income_4q": null,
            "revenue": 2517790,
            "revenue_4q": null,
            "common_shares": 13361,
            "book_valuer_per_share": 4.22,
            "book_valuer_per_share_4q_avg": 4.17,
            "equity": 7278139,
            "current_ratio": 226.75,
            "debt_ratio": 32.15,
            "inventory_turnover_ratio": 1.01,
            "account_receivable_turnover_ratio": 1.59,
            "reinvestment_rate": -6.71,
            "research_to_sale_ratio": 11.53,
            "price_fair": 9.13,
            "eps_avg_yearly": 0.91,
            "eps_latest_yearly": 0.68,
            "eps_growth_yearly": 0.7
        },
        "20104": {
            "year_quarter": 20104,
            "year": 2010,
            "quarter": 4,
            "eps": 0.36,
            "eps_growth_year": 208.38,
            "eps_4q": 0.88,
            "eps_4q_growth_year": null,
            "roe": 6.32,
            "roe_4q": 12.82,
            "gross_profit": 1216798,
            "gross_margin": 42.16,
            "gross_margin_4q_avg": 38.79,
            "net_income": 468015,
            "net_income_4q": null,
            "revenue": 2886435,
            "revenue_4q": null,
            "common_shares": 13280,
            "book_valuer_per_share": 4.45,
            "book_valuer_per_share_4q_avg": 4.23,
            "equity": 7536113,
            "current_ratio": 234.27,
            "debt_ratio": 31.14,
            "inventory_turnover_ratio": 1.06,
            "account_receivable_turnover_ratio": 1.62,
            "reinvestment_rate": -6.87,
            "research_to_sale_ratio": 9.64,
            "price_fair": 32.67,
            "eps_avg_yearly": 0.93,
            "eps_latest_yearly": 1.44,
            "eps_growth_yearly": 40.98
        },
        "20111": {
            "year_quarter": 20111,
            "year": 2011,
            "quarter": 1,
            "eps": 0.37,
            "eps_growth_year": 179.03,
            "eps_4q": 1.12,
            "eps_4q_growth_year": 1003.26,
            "roe": 6.58,
            "roe_4q": 18.24,
            "gross_profit": 1136000,
            "gross_margin": 42.29,
            "gross_margin_4q_avg": 39.75,
            "net_income": 506000,
            "net_income_4q": null,
            "revenue": 2686000,
            "revenue_4q": null,
            "common_shares": 13000,
            "book_valuer_per_share": 4.72,
            "book_valuer_per_share_4q_avg": 4.4,
            "equity": 7839000,
            "current_ratio": 245.09,
            "debt_ratio": 30.47,
            "inventory_turnover_ratio": 0.97,
            "account_receivable_turnover_ratio": 1.42,
            "reinvestment_rate": -7.94,
            "research_to_sale_ratio": 10.05,
            "price_fair": 33.72,
            "eps_avg_yearly": 0.96,
            "eps_latest_yearly": 1.48,
            "eps_growth_yearly": 44.13
        },
        "20112": {
            "year_quarter": 20112,
            "year": 2011,
            "quarter": 2,
            "eps": 0.38,
            "eps_growth_year": 76.06,
            "eps_4q": 1.28,
            "eps_4q_growth_year": 191.15,
            "roe": 6.1,
            "roe_4q": 20.69,
            "gross_profit": 1189000,
            "gross_margin": 41.54,
            "gross_margin_4q_avg": 40.04,
            "net_income": 489000,
            "net_income_4q": null,
            "revenue": 2862000,
            "revenue_4q": null,
            "common_shares": 13000,
            "book_valuer_per_share": 5.01,
            "book_valuer_per_share_4q_avg": 4.6,
            "equity": 8182000,
            "current_ratio": 244.36,
            "debt_ratio": 31.57,
            "inventory_turnover_ratio": 0.97,
            "account_receivable_turnover_ratio": 1.44,
            "reinvestment_rate": -10.22,
            "research_to_sale_ratio": 10.38,
            "price_fair": 34.65,
            "eps_avg_yearly": 0.99,
            "eps_latest_yearly": 1.52,
            "eps_growth_yearly": 42.65
        },
        "20113": {
            "year_quarter": 20113,
            "year": 2011,
            "quarter": 3,
            "eps": 0.36,
            "eps_growth_year": 107.12,
            "eps_4q": 1.47,
            "eps_4q_growth_year": 130,
            "roe": 5.69,
            "roe_4q": 24.689999999999998,
            "gross_profit": 1184000,
            "gross_margin": 42.48,
            "gross_margin_4q_avg": 42.12,
            "net_income": 476000,
            "net_income_4q": null,
            "revenue": 2787000,
            "revenue_4q": null,
            "common_shares": 13000,
            "book_valuer_per_share": 5.31,
            "book_valuer_per_share_4q_avg": 4.87,
            "equity": 8551000,
            "current_ratio": 313.39,
            "debt_ratio": 39.37,
            "inventory_turnover_ratio": 0.88,
            "account_receivable_turnover_ratio": 1.45,
            "reinvestment_rate": -17.86,
            "research_to_sale_ratio": 10.12,
            "price_fair": 34.88,
            "eps_avg_yearly": 1,
            "eps_latest_yearly": 1.44,
            "eps_growth_yearly": 36.45
        },
        "20114": {
            "year_quarter": 20114,
            "year": 2011,
            "quarter": 4,
            "eps": 0.36,
            "eps_growth_year": -0.18,
            "eps_4q": 1.47,
            "eps_4q_growth_year": 66.63,
            "roe": 5.26,
            "roe_4q": 23.629999999999995,
            "gross_profit": 852000,
            "gross_margin": 39.05,
            "gross_margin_4q_avg": 41.34,
            "net_income": 456000,
            "net_income_4q": null,
            "revenue": 2182000,
            "revenue_4q": null,
            "common_shares": 13000,
            "book_valuer_per_share": 5.55,
            "book_valuer_per_share_4q_avg": 5.15,
            "equity": 8800000,
            "current_ratio": 370.62,
            "debt_ratio": 36.51,
            "inventory_turnover_ratio": 0.75,
            "account_receivable_turnover_ratio": 1.31,
            "reinvestment_rate": -23.62,
            "research_to_sale_ratio": 12.33,
            "price_fair": 35.58,
            "eps_avg_yearly": 1.02,
            "eps_latest_yearly": 1.44,
            "eps_growth_yearly": 40.38
        },
        "20121": {
            "year_quarter": 20121,
            "year": 2012,
            "quarter": 1,
            "eps": 0.01,
            "eps_growth_year": -97.99,
            "eps_4q": 1.1,
            "eps_4q_growth_year": -1.21,
            "roe": 1.34,
            "roe_4q": 18.39,
            "gross_profit": 786000,
            "gross_margin": 35.91,
            "gross_margin_4q_avg": 39.75,
            "net_income": 117000,
            "net_income_4q": null,
            "revenue": 2189000,
            "revenue_4q": null,
            "common_shares": 13000,
            "book_valuer_per_share": 2.52,
            "book_valuer_per_share_4q_avg": 4.6,
            "equity": 8650000,
            "current_ratio": 246.87,
            "debt_ratio": 36.38,
            "inventory_turnover_ratio": 0.81,
            "account_receivable_turnover_ratio": 1.41,
            "reinvestment_rate": -19.29,
            "research_to_sale_ratio": 13.89,
            "price_fair": 26.57,
            "eps_avg_yearly": 0.95,
            "eps_latest_yearly": 0.04,
            "eps_growth_yearly": 17.97
        },
        "20122": {
            "year_quarter": 20122,
            "year": 2012,
            "quarter": 2,
            "eps": 0.27,
            "eps_growth_year": -28.92,
            "eps_4q": 0.99,
            "eps_4q_growth_year": -22.45,
            "roe": 3.33,
            "roe_4q": 15.620000000000001,
            "gross_profit": 1011000,
            "gross_margin": 39.79,
            "gross_margin_4q_avg": 39.31,
            "net_income": 289000,
            "net_income_4q": null,
            "revenue": 2541000,
            "revenue_4q": null,
            "common_shares": 13000,
            "book_valuer_per_share": 2.57,
            "book_valuer_per_share_4q_avg": 3.99,
            "equity": 8703000,
            "current_ratio": 237.43,
            "debt_ratio": 37.28,
            "inventory_turnover_ratio": 0.91,
            "account_receivable_turnover_ratio": 1.51,
            "reinvestment_rate": -17.75,
            "research_to_sale_ratio": 12.63,
            "price_fair": 33.83,
            "eps_avg_yearly": 0.97,
            "eps_latest_yearly": 1.08,
            "eps_growth_yearly": 883.05
        },
        "20123": {
            "year_quarter": 20123,
            "year": 2012,
            "quarter": 3,
            "eps": 0.16,
            "eps_growth_year": -55.4,
            "eps_4q": 0.8,
            "eps_4q_growth_year": -45.78,
            "roe": 2.56,
            "roe_4q": 12.49,
            "gross_profit": 930000,
            "gross_margin": 39.69,
            "gross_margin_4q_avg": 38.61,
            "net_income": 218000,
            "net_income_4q": null,
            "revenue": 2343000,
            "revenue_4q": null,
            "common_shares": 12000,
            "book_valuer_per_share": 2.42,
            "book_valuer_per_share_4q_avg": 3.27,
            "equity": 8339000,
            "current_ratio": 243.56,
            "debt_ratio": 37.39,
            "inventory_turnover_ratio": 0.95,
            "account_receivable_turnover_ratio": 1.41,
            "reinvestment_rate": -16.57,
            "research_to_sale_ratio": 13.19,
            "price_fair": 34.3,
            "eps_avg_yearly": 0.98,
            "eps_latest_yearly": 0.64,
            "eps_growth_yearly": 884.62
        },
        "20124": {
            "year_quarter": 20124,
            "year": 2012,
            "quarter": 4,
            "eps": -0.16,
            "eps_growth_year": -144.77,
            "eps_4q": 0.28,
            "eps_4q_growth_year": -81.09,
            "roe": -6.61,
            "roe_4q": 0.6199999999999994,
            "gross_profit": 587000,
            "gross_margin": 35.66,
            "gross_margin_4q_avg": 37.76,
            "net_income": -515000,
            "net_income_4q": null,
            "revenue": 1646000,
            "revenue_4q": null,
            "common_shares": 12000,
            "book_valuer_per_share": 1.97,
            "book_valuer_per_share_4q_avg": 2.37,
            "equity": 7235000,
            "current_ratio": 225.25,
            "debt_ratio": 40.22,
            "inventory_turnover_ratio": 0.8,
            "account_receivable_turnover_ratio": 1.16,
            "reinvestment_rate": -15.66,
            "research_to_sale_ratio": 18.47,
            "price_fair": 35.51,
            "eps_avg_yearly": 1.01,
            "eps_latest_yearly": 0.64,
            "eps_growth_yearly": 955.95
        },
        "20131": {
            "year_quarter": 20131,
            "year": 2013,
            "quarter": 1,
            "eps": 0,
            "eps_growth_year": -47.31,
            "eps_4q": 0.27,
            "eps_4q_growth_year": -75.19,
            "roe": 0.47,
            "roe_4q": -0.25000000000000044,
            "gross_profit": 582000,
            "gross_margin": 37,
            "gross_margin_4q_avg": 38.04,
            "net_income": 34000,
            "net_income_4q": null,
            "revenue": 1573000,
            "revenue_4q": null,
            "common_shares": 12000,
            "book_valuer_per_share": 1.93,
            "book_valuer_per_share_4q_avg": 2.22,
            "equity": 7141000,
            "current_ratio": 242.49,
            "debt_ratio": 39.04,
            "inventory_turnover_ratio": 0.78,
            "account_receivable_turnover_ratio": 1.3,
            "reinvestment_rate": -4.54,
            "research_to_sale_ratio": 19.33,
            "price_fair": 35.51,
            "eps_avg_yearly": 1.01,
            "eps_latest_yearly": 0.64,
            "eps_growth_yearly": 955.95
        },
        "20132": {
            "year_quarter": 20132,
            "year": 2013,
            "quarter": 2,
            "eps": 0.01,
            "eps_growth_year": -94.7,
            "eps_4q": 0.02,
            "eps_4q_growth_year": -98.19,
            "roe": -1.84,
            "roe_4q": -5.42,
            "gross_profit": 808000,
            "gross_margin": 40.95,
            "gross_margin_4q_avg": 38.33,
            "net_income": -129000,
            "net_income_4q": null,
            "revenue": 1973000,
            "revenue_4q": null,
            "common_shares": 12000,
            "book_valuer_per_share": 2,
            "book_valuer_per_share_4q_avg": 2.08,
            "equity": 6898000,
            "current_ratio": 232.3,
            "debt_ratio": 41.02,
            "inventory_turnover_ratio": 0.9,
            "account_receivable_turnover_ratio": 1.61,
            "reinvestment_rate": -3.79,
            "research_to_sale_ratio": 17.44,
            "price_fair": 35.51,
            "eps_avg_yearly": 1.01,
            "eps_latest_yearly": 0.64,
            "eps_growth_yearly": 955.95
        },
        "20133": {
            "year_quarter": 20133,
            "year": 2013,
            "quarter": 3,
            "eps": 0.12,
            "eps_growth_year": -27.13,
            "eps_4q": -0.03,
            "eps_4q_growth_year": -103.2,
            "roe": 2.43,
            "roe_4q": -5.550000000000001,
            "gross_profit": 806000,
            "gross_margin": 40.81,
            "gross_margin_4q_avg": 38.61,
            "net_income": 168000,
            "net_income_4q": null,
            "revenue": 1975000,
            "revenue_4q": null,
            "common_shares": 12000,
            "book_valuer_per_share": 2.09,
            "book_valuer_per_share_4q_avg": 2,
            "equity": 6954000,
            "current_ratio": 237.83,
            "debt_ratio": 40.82,
            "inventory_turnover_ratio": 0.87,
            "account_receivable_turnover_ratio": 1.56,
            "reinvestment_rate": -6.77,
            "research_to_sale_ratio": 16.91,
            "price_fair": 33.95,
            "eps_avg_yearly": 0.97,
            "eps_latest_yearly": 0.48,
            "eps_growth_yearly": 1242.95
        },
        "20134": {
            "year_quarter": 20134,
            "year": 2013,
            "quarter": 4,
            "eps": 0.13,
            "eps_growth_year": null,
            "eps_4q": 0.26,
            "eps_4q_growth_year": -6.07,
            "roe": 2.61,
            "roe_4q": 3.67,
            "gross_profit": 795000,
            "gross_margin": 39.99,
            "gross_margin_4q_avg": 39.69,
            "net_income": 183000,
            "net_income_4q": null,
            "revenue": 1988000,
            "revenue_4q": null,
            "common_shares": 12000,
            "book_valuer_per_share": 2.24,
            "book_valuer_per_share_4q_avg": 2.07,
            "equity": 7088000,
            "current_ratio": 230.95,
            "debt_ratio": 41.14,
            "inventory_turnover_ratio": 0.86,
            "account_receivable_turnover_ratio": 1.32,
            "reinvestment_rate": -9.9,
            "research_to_sale_ratio": 17,
            "price_fair": 32.74,
            "eps_avg_yearly": 0.94,
            "eps_latest_yearly": 0.52,
            "eps_growth_yearly": 1149.9
        },
        "20141": {
            "year_quarter": 20141,
            "year": 2014,
            "quarter": 1,
            "eps": 0.17,
            "eps_growth_year": 4231.89,
            "eps_4q": 0.43,
            "eps_4q_growth_year": 55.68,
            "roe": 3.53,
            "roe_4q": 6.73,
            "gross_profit": 891000,
            "gross_margin": 40.68,
            "gross_margin_4q_avg": 40.61,
            "net_income": 253000,
            "net_income_4q": null,
            "revenue": 2190000,
            "revenue_4q": null,
            "common_shares": 12000,
            "book_valuer_per_share": 2.39,
            "book_valuer_per_share_4q_avg": 2.18,
            "equity": 7241000,
            "current_ratio": 242.79,
            "debt_ratio": 40.64,
            "inventory_turnover_ratio": 0.88,
            "account_receivable_turnover_ratio": 1.26,
            "reinvestment_rate": -18.67,
            "research_to_sale_ratio": 16.26,
            "price_fair": 33.17,
            "eps_avg_yearly": 0.95,
            "eps_latest_yearly": 0.68,
            "eps_growth_yearly": 1156.81
        },
        "20142": {
            "year_quarter": 20142,
            "year": 2014,
            "quarter": 2,
            "eps": 0.23,
            "eps_growth_year": 1533.26,
            "eps_4q": 0.65,
            "eps_4q_growth_year": 3497.16,
            "roe": 3.56,
            "roe_4q": 12.129999999999999,
            "gross_profit": 1001000,
            "gross_margin": 42.54,
            "gross_margin_4q_avg": 41.01,
            "net_income": 262000,
            "net_income_4q": null,
            "revenue": 2353000,
            "revenue_4q": null,
            "common_shares": 12000,
            "book_valuer_per_share": 2.6,
            "book_valuer_per_share_4q_avg": 2.33,
            "equity": 7475000,
            "current_ratio": 240.46,
            "debt_ratio": 40.46,
            "inventory_turnover_ratio": 0.87,
            "account_receivable_turnover_ratio": 1.41,
            "reinvestment_rate": -16.84,
            "research_to_sale_ratio": 15.09,
            "price_fair": 33.28,
            "eps_avg_yearly": 0.95,
            "eps_latest_yearly": 0.92,
            "eps_growth_yearly": 1146.37
        },
        "20143": {
            "year_quarter": 20143,
            "year": 2014,
            "quarter": 3,
            "eps": 0.21,
            "eps_growth_year": 77.72,
            "eps_4q": 0.74,
            "eps_4q_growth_year": null,
            "roe": 3.97,
            "roe_4q": 13.67,
            "gross_profit": 992000,
            "gross_margin": 43.8,
            "gross_margin_4q_avg": 41.75,
            "net_income": 301000,
            "net_income_4q": null,
            "revenue": 2265000,
            "revenue_4q": null,
            "common_shares": 12000,
            "book_valuer_per_share": 2.8,
            "book_valuer_per_share_4q_avg": 2.51,
            "equity": 7684000,
            "current_ratio": 241.02,
            "debt_ratio": 40.21,
            "inventory_turnover_ratio": 0.82,
            "account_receivable_turnover_ratio": 1.34,
            "reinvestment_rate": -12.98,
            "research_to_sale_ratio": 15.76,
            "price_fair": 33.71,
            "eps_avg_yearly": 0.96,
            "eps_latest_yearly": 0.84,
            "eps_growth_yearly": 1150.68
        },
        "20144": {
            "year_quarter": 20144,
            "year": 2014,
            "quarter": 4,
            "eps": 0.24,
            "eps_growth_year": 90.57,
            "eps_4q": 0.85,
            "eps_4q_growth_year": 226.48,
            "roe": 3.29,
            "roe_4q": 14.35,
            "gross_profit": 959000,
            "gross_margin": 42.36,
            "gross_margin_4q_avg": 42.35,
            "net_income": 256000,
            "net_income_4q": null,
            "revenue": 2264000,
            "revenue_4q": null,
            "common_shares": 12000,
            "book_valuer_per_share": 2.96,
            "book_valuer_per_share_4q_avg": 2.69,
            "equity": 7868000,
            "current_ratio": 246.79,
            "debt_ratio": 40.28,
            "inventory_turnover_ratio": 0.84,
            "account_receivable_turnover_ratio": 1.32,
            "reinvestment_rate": -13.32,
            "research_to_sale_ratio": 15.9,
            "price_fair": 32.42,
            "eps_avg_yearly": 0.93,
            "eps_latest_yearly": 0.96,
            "eps_growth_yearly": 1120.69
        },
        "20151": {
            "year_quarter": 20151,
            "year": 2015,
            "quarter": 1,
            "eps": 0.31,
            "eps_growth_year": 82.29,
            "eps_4q": 0.99,
            "eps_4q_growth_year": 132.26,
            "roe": 4.37,
            "roe_4q": 15.190000000000001,
            "gross_profit": 959000,
            "gross_margin": 40.65,
            "gross_margin_4q_avg": 42.34,
            "net_income": 348000,
            "net_income_4q": null,
            "revenue": 2359000,
            "revenue_4q": null,
            "common_shares": 12000,
            "book_valuer_per_share": 3.14,
            "book_valuer_per_share_4q_avg": 2.88,
            "equity": 8072000,
            "current_ratio": 275.01,
            "debt_ratio": 38.25,
            "inventory_turnover_ratio": 0.87,
            "account_receivable_turnover_ratio": 1.38,
            "reinvestment_rate": -11.63,
            "research_to_sale_ratio": 14.88,
            "price_fair": 31.77,
            "eps_avg_yearly": 0.91,
            "eps_latest_yearly": 1.24,
            "eps_growth_yearly": 1128.81
        },
        "20152": {
            "year_quarter": 20152,
            "year": 2015,
            "quarter": 2,
            "eps": 0.33,
            "eps_growth_year": 39.72,
            "eps_4q": 1.08,
            "eps_4q_growth_year": 67.65,
            "roe": 4.43,
            "roe_4q": 16.06,
            "gross_profit": 1016000,
            "gross_margin": 41.61,
            "gross_margin_4q_avg": 42.11,
            "net_income": 364000,
            "net_income_4q": null,
            "revenue": 2442000,
            "revenue_4q": null,
            "common_shares": 12000,
            "book_valuer_per_share": 3.4,
            "book_valuer_per_share_4q_avg": 3.08,
            "equity": 8351000,
            "current_ratio": 276.22,
            "debt_ratio": 38.54,
            "inventory_turnover_ratio": 0.85,
            "account_receivable_turnover_ratio": 1.35,
            "reinvestment_rate": -2.69,
            "research_to_sale_ratio": 14.95,
            "price_fair": 31.23,
            "eps_avg_yearly": 0.89,
            "eps_latest_yearly": 1.32,
            "eps_growth_yearly": 1129.96
        },
        "20153": {
            "year_quarter": 20153,
            "year": 2015,
            "quarter": 3,
            "eps": 0.3,
            "eps_growth_year": 44.83,
            "eps_4q": 1.18,
            "eps_4q_growth_year": 59.65,
            "roe": 4.03,
            "roe_4q": 16.12,
            "gross_profit": 1018000,
            "gross_margin": 40.88,
            "gross_margin_4q_avg": 41.38,
            "net_income": 329000,
            "net_income_4q": null,
            "revenue": 2490000,
            "revenue_4q": null,
            "common_shares": 12000,
            "book_valuer_per_share": 3.22,
            "book_valuer_per_share_4q_avg": 3.18,
            "equity": 7977000,
            "current_ratio": 233.21,
            "debt_ratio": 39.35,
            "inventory_turnover_ratio": 0.85,
            "account_receivable_turnover_ratio": 1.21,
            "reinvestment_rate": 1.47,
            "research_to_sale_ratio": 14.9,
            "price_fair": 30.58,
            "eps_avg_yearly": 0.87,
            "eps_latest_yearly": 1.2,
            "eps_growth_yearly": 1128.78
        },
        "20154": {
            "year_quarter": 20154,
            "year": 2015,
            "quarter": 4,
            "eps": 0.33,
            "eps_growth_year": 35.86,
            "eps_4q": 1.26,
            "eps_4q_growth_year": 48.37,
            "roe": 4.31,
            "roe_4q": 17.14,
            "gross_profit": 959000,
            "gross_margin": 40.5,
            "gross_margin_4q_avg": 40.91,
            "net_income": 336000,
            "net_income_4q": null,
            "revenue": 2368000,
            "revenue_4q": null,
            "common_shares": 11000,
            "book_valuer_per_share": 3.06,
            "book_valuer_per_share_4q_avg": 3.21,
            "equity": 7613000,
            "current_ratio": 243.84,
            "debt_ratio": 50.27,
            "inventory_turnover_ratio": 0.79,
            "account_receivable_turnover_ratio": 1.18,
            "reinvestment_rate": -2.59,
            "research_to_sale_ratio": 15.33,
            "price_fair": 30.26,
            "eps_avg_yearly": 0.86,
            "eps_latest_yearly": 1.32,
            "eps_growth_yearly": 1131.86
        },
        "20161": {
            "year_quarter": 20161,
            "year": 2016,
            "quarter": 1,
            "eps": 0.21,
            "eps_growth_year": -30.65,
            "eps_4q": 1.17,
            "eps_4q_growth_year": 17.87,
            "roe": 3.87,
            "roe_4q": 16.64,
            "gross_profit": 916000,
            "gross_margin": 40.58,
            "gross_margin_4q_avg": 40.89,
            "net_income": 286000,
            "net_income_4q": null,
            "revenue": 2257000,
            "revenue_4q": null,
            "common_shares": 11000,
            "book_valuer_per_share": 2.79,
            "book_valuer_per_share_4q_avg": 3.12,
            "equity": 7168000,
            "current_ratio": 299.52,
            "debt_ratio": 46.21,
            "inventory_turnover_ratio": 0.73,
            "account_receivable_turnover_ratio": 1.24,
            "reinvestment_rate": -3.55,
            "research_to_sale_ratio": 16.57,
            "price_fair": 32.42,
            "eps_avg_yearly": 0.93,
            "eps_latest_yearly": 0.84,
            "eps_growth_yearly": 1150.59
        },
        "20162": {
            "year_quarter": 20162,
            "year": 2016,
            "quarter": 2,
            "eps": 0.25,
            "eps_growth_year": -22.57,
            "eps_4q": 1.09,
            "eps_4q_growth_year": 0.94,
            "roe": 4.66,
            "roe_4q": 16.87,
            "gross_profit": 1004000,
            "gross_margin": 40.98,
            "gross_margin_4q_avg": 40.74,
            "net_income": 320000,
            "net_income_4q": null,
            "revenue": 2450000,
            "revenue_4q": null,
            "common_shares": 11000,
            "book_valuer_per_share": 2.38,
            "book_valuer_per_share_4q_avg": 2.86,
            "equity": 6565000,
            "current_ratio": 257.68,
            "debt_ratio": 49.79,
            "inventory_turnover_ratio": 0.77,
            "account_receivable_turnover_ratio": 1.3,
            "reinvestment_rate": -4.55,
            "research_to_sale_ratio": 15.76,
            "price_fair": 32.2,
            "eps_avg_yearly": 0.92,
            "eps_latest_yearly": 1,
            "eps_growth_yearly": 356.45
        },
        "20163": {
            "year_quarter": 20163,
            "year": 2016,
            "quarter": 3,
            "eps": 0.42,
            "eps_growth_year": 40.88,
            "eps_4q": 1.22,
            "eps_4q_growth_year": 3.39,
            "roe": 7.55,
            "roe_4q": 20.39,
            "gross_profit": 1192000,
            "gross_margin": 42.25,
            "gross_margin_4q_avg": 41.08,
            "net_income": 505000,
            "net_income_4q": null,
            "revenue": 2821000,
            "revenue_4q": null,
            "common_shares": 11000,
            "book_valuer_per_share": 2.68,
            "book_valuer_per_share_4q_avg": 2.73,
            "equity": 6819000,
            "current_ratio": 249.63,
            "debt_ratio": 50.22,
            "inventory_turnover_ratio": 0.82,
            "account_receivable_turnover_ratio": 1.44,
            "reinvestment_rate": -3.03,
            "research_to_sale_ratio": 13.68,
            "price_fair": 35,
            "eps_avg_yearly": 1,
            "eps_latest_yearly": 1.68,
            "eps_growth_yearly": 389.91
        },
        "20164": {
            "year_quarter": 20164,
            "year": 2016,
            "quarter": 4,
            "eps": 0.52,
            "eps_growth_year": 60.16,
            "eps_4q": 1.41,
            "eps_4q_growth_year": 11.87,
            "roe": 8.69,
            "roe_4q": 24.77,
            "gross_profit": 1399000,
            "gross_margin": 42.43,
            "gross_margin_4q_avg": 41.56,
            "net_income": 610000,
            "net_income_4q": null,
            "revenue": 3297000,
            "revenue_4q": null,
            "common_shares": 11000,
            "book_valuer_per_share": 3.09,
            "book_valuer_per_share_4q_avg": 2.74,
            "equity": 7217000,
            "current_ratio": 229.98,
            "debt_ratio": 50.47,
            "inventory_turnover_ratio": 0.93,
            "account_receivable_turnover_ratio": 1.54,
            "reinvestment_rate": -2.17,
            "research_to_sale_ratio": 11.92,
            "price_fair": 37.7,
            "eps_avg_yearly": 1.08,
            "eps_latest_yearly": 2.08,
            "eps_growth_yearly": 368.86
        },
        "20171": {
            "year_quarter": 20171,
            "year": 2017,
            "quarter": 1,
            "eps": 0.69,
            "eps_growth_year": 219.42,
            "eps_4q": 1.88,
            "eps_4q_growth_year": 61.3,
            "roe": 9.43,
            "roe_4q": 30.33,
            "gross_profit": 1445000,
            "gross_margin": 44.08,
            "gross_margin_4q_avg": 42.44,
            "net_income": 703000,
            "net_income_4q": null,
            "revenue": 3278000,
            "revenue_4q": null,
            "common_shares": 11000,
            "book_valuer_per_share": 3.56,
            "book_valuer_per_share_4q_avg": 2.93,
            "equity": 7687000,
            "current_ratio": 238.81,
            "debt_ratio": 49.57,
            "inventory_turnover_ratio": 0.85,
            "account_receivable_turnover_ratio": 1.36,
            "reinvestment_rate": -2.12,
            "research_to_sale_ratio": 12.69,
            "price_fair": 41.63,
            "eps_avg_yearly": 1.19,
            "eps_latest_yearly": 2.76,
            "eps_growth_yearly": 352.99
        },
        "20172": {
            "year_quarter": 20172,
            "year": 2017,
            "quarter": 2,
            "eps": 0.8,
            "eps_growth_year": 214.65,
            "eps_4q": 2.43,
            "eps_4q_growth_year": 121.92,
            "roe": 10.37,
            "roe_4q": 36.03999999999999,
            "gross_profit": 1600000,
            "gross_margin": 45.12,
            "gross_margin_4q_avg": 43.47,
            "net_income": 824000,
            "net_income_4q": null,
            "revenue": 3546000,
            "revenue_4q": null,
            "common_shares": 11000,
            "book_valuer_per_share": 4.09,
            "book_valuer_per_share_4q_avg": 3.36,
            "equity": 8212000,
            "current_ratio": 293.34,
            "debt_ratio": 54.98,
            "inventory_turnover_ratio": 0.8,
            "account_receivable_turnover_ratio": 1.45,
            "reinvestment_rate": 0.05,
            "research_to_sale_ratio": 12.32,
            "price_fair": 46.03,
            "eps_avg_yearly": 1.32,
            "eps_latest_yearly": 3.2,
            "eps_growth_yearly": 334.91
        },
        "20173": {
            "year_quarter": 20173,
            "year": 2017,
            "quarter": 3,
            "eps": 0.9,
            "eps_growth_year": 113.42,
            "eps_4q": 2.91,
            "eps_4q_growth_year": 138.95,
            "roe": 10.93,
            "roe_4q": 39.419999999999995,
            "gross_profit": 1700000,
            "gross_margin": 45.41,
            "gross_margin_4q_avg": 44.26,
            "net_income": 925000,
            "net_income_4q": null,
            "revenue": 3744000,
            "revenue_4q": null,
            "common_shares": 11000,
            "book_valuer_per_share": 4.59,
            "book_valuer_per_share_4q_avg": 3.83,
            "equity": 8716000,
            "current_ratio": 291.26,
            "debt_ratio": 54.31,
            "inventory_turnover_ratio": 0.75,
            "account_receivable_turnover_ratio": 1.57,
            "reinvestment_rate": 2.94,
            "research_to_sale_ratio": 12.13,
            "price_fair": 52.85,
            "eps_avg_yearly": 1.51,
            "eps_latest_yearly": 3.6,
            "eps_growth_yearly": 63.04
        },
        "20174": {
            "year_quarter": 20174,
            "year": 2017,
            "quarter": 4,
            "eps": 1.03,
            "eps_growth_year": 98.3,
            "eps_4q": 3.42,
            "eps_4q_growth_year": 142.11,
            "roe": 11.81,
            "roe_4q": 42.54,
            "gross_profit": 1867000,
            "gross_margin": 45.21,
            "gross_margin_4q_avg": 44.96,
            "net_income": 1067000,
            "net_income_4q": null,
            "revenue": 4130000,
            "revenue_4q": null,
            "common_shares": 11000,
            "book_valuer_per_share": 5.25,
            "book_valuer_per_share_4q_avg": 4.37,
            "equity": 9349000,
            "current_ratio": 313.92,
            "debt_ratio": 51.86,
            "inventory_turnover_ratio": 0.78,
            "account_receivable_turnover_ratio": 1.74,
            "reinvestment_rate": 6.89,
            "research_to_sale_ratio": 11.45,
            "price_fair": 60.73,
            "eps_avg_yearly": 1.74,
            "eps_latest_yearly": 4.12,
            "eps_growth_yearly": 64.56
        },
        "20181": {
            "year_quarter": 20181,
            "year": 2018,
            "quarter": 1,
            "eps": 1.14,
            "eps_growth_year": 66.05,
            "eps_4q": 3.87,
            "eps_4q_growth_year": 105.6,
            "roe": 13.12,
            "roe_4q": 46.23,
            "gross_profit": 1940000,
            "gross_margin": 46.14,
            "gross_margin_4q_avg": 45.47,
            "net_income": 1171000,
            "net_income_4q": null,
            "revenue": 4205000,
            "revenue_4q": null,
            "common_shares": 11000,
            "book_valuer_per_share": 4.55,
            "book_valuer_per_share_4q_avg": 4.62,
            "equity": 8506000,
            "current_ratio": 296.18,
            "debt_ratio": 56.74,
            "inventory_turnover_ratio": 0.75,
            "account_receivable_turnover_ratio": 1.83,
            "reinvestment_rate": 8.21,
            "research_to_sale_ratio": 11.63,
            "price_fair": 69.21,
            "eps_avg_yearly": 1.98,
            "eps_latest_yearly": 4.56,
            "eps_growth_yearly": 59.54
        },
        "20182": {
            "year_quarter": 20182,
            "year": 2018,
            "quarter": 2,
            "eps": 1.18,
            "eps_growth_year": 47.38,
            "eps_4q": 4.25,
            "eps_4q_growth_year": 75.1,
            "roe": 15.06,
            "roe_4q": 50.92,
            "gross_profit": 2056000,
            "gross_margin": 44.9,
            "gross_margin_4q_avg": 45.42,
            "net_income": 1171000,
            "net_income_4q": null,
            "revenue": 4579000,
            "revenue_4q": null,
            "common_shares": 10000,
            "book_valuer_per_share": 3.33,
            "book_valuer_per_share_4q_avg": 4.43,
            "equity": 7042000,
            "current_ratio": 259.63,
            "debt_ratio": 61.93,
            "inventory_turnover_ratio": 0.76,
            "account_receivable_turnover_ratio": 1.83,
            "reinvestment_rate": 6.99,
            "research_to_sale_ratio": 11.12,
            "price_fair": 77.53,
            "eps_avg_yearly": 2.22,
            "eps_latest_yearly": 4.72,
            "eps_growth_yearly": 51.59
        },
        "20183": {
            "year_quarter": 20183,
            "year": 2018,
            "quarter": 3,
            "eps": 1.06,
            "eps_growth_year": 17.07,
            "eps_4q": 4.4,
            "eps_4q_growth_year": 51.52,
            "roe": 14.83,
            "roe_4q": 54.82,
            "gross_profit": 1864000,
            "gross_margin": 44.79,
            "gross_margin_4q_avg": 45.26,
            "net_income": 1028000,
            "net_income_4q": null,
            "revenue": 4162000,
            "revenue_4q": null,
            "common_shares": 10000,
            "book_valuer_per_share": 3.25,
            "book_valuer_per_share_4q_avg": 4.1,
            "equity": 6825000,
            "current_ratio": 251.94,
            "debt_ratio": 61.84,
            "inventory_turnover_ratio": 0.64,
            "account_receivable_turnover_ratio": 1.45,
            "reinvestment_rate": 11.11,
            "research_to_sale_ratio": 12.11,
            "price_fair": 84.96,
            "eps_avg_yearly": 2.43,
            "eps_latest_yearly": 4.24,
            "eps_growth_yearly": 51.23
        },
        "20184": {
            "year_quarter": 20184,
            "year": 2018,
            "quarter": 4,
            "eps": 0.82,
            "eps_growth_year": -20.29,
            "eps_4q": 4.19,
            "eps_4q_growth_year": 22.66,
            "roe": 11.41,
            "roe_4q": 54.42,
            "gross_profit": 1657000,
            "gross_margin": 44.08,
            "gross_margin_4q_avg": 44.98,
            "net_income": 780000,
            "net_income_4q": null,
            "revenue": 3759000,
            "revenue_4q": null,
            "common_shares": 10000,
            "book_valuer_per_share": 3.38,
            "book_valuer_per_share_4q_avg": 3.63,
            "equity": 6845000,
            "current_ratio": 270.37,
            "debt_ratio": 61.18,
            "inventory_turnover_ratio": 0.57,
            "account_receivable_turnover_ratio": 1.39,
            "reinvestment_rate": 10.97,
            "research_to_sale_ratio": 13.81,
            "price_fair": 90.04,
            "eps_avg_yearly": 2.57,
            "eps_latest_yearly": 3.28,
            "eps_growth_yearly": 41.99
        },
        "20191": {
            "year_quarter": 20191,
            "year": 2019,
            "quarter": 1,
            "eps": 0.79,
            "eps_growth_year": -30.72,
            "eps_4q": 3.84,
            "eps_4q_growth_year": -0.72,
            "roe": 9.92,
            "roe_4q": 51.22,
            "gross_profit": 1665000,
            "gross_margin": 44.36,
            "gross_margin_4q_avg": 44.53,
            "net_income": 747000,
            "net_income_4q": null,
            "revenue": 3753000,
            "revenue_4q": null,
            "common_shares": 9000,
            "book_valuer_per_share": 4.89,
            "book_valuer_per_share_4q_avg": 3.71,
            "equity": 8209000,
            "current_ratio": 272.38,
            "debt_ratio": 56.62,
            "inventory_turnover_ratio": 0.56,
            "account_receivable_turnover_ratio": 1.49,
            "reinvestment_rate": 10.93,
            "research_to_sale_ratio": 13.75,
            "price_fair": 94.24,
            "eps_avg_yearly": 2.69,
            "eps_latest_yearly": 3.16,
            "eps_growth_yearly": 33.79
        },
        "20192": {
            "year_quarter": 20192,
            "year": 2019,
            "quarter": 2,
            "eps": 0.72,
            "eps_growth_year": -38.8,
            "eps_4q": 3.39,
            "eps_4q_growth_year": -20.27,
            "roe": 8.12,
            "roe_4q": 44.28,
            "gross_profit": 1530000,
            "gross_margin": 43.23,
            "gross_margin_4q_avg": 44.12,
            "net_income": 666000,
            "net_income_4q": null,
            "revenue": 3539000,
            "revenue_4q": null,
            "common_shares": 9000,
            "book_valuer_per_share": 4.93,
            "book_valuer_per_share_4q_avg": 4.11,
            "equity": 8201000,
            "current_ratio": 279.11,
            "debt_ratio": 56.32,
            "inventory_turnover_ratio": 0.54,
            "account_receivable_turnover_ratio": 1.41,
            "reinvestment_rate": 11.01,
            "research_to_sale_ratio": 14.35,
            "price_fair": 97.65,
            "eps_avg_yearly": 2.79,
            "eps_latest_yearly": 2.88,
            "eps_growth_yearly": 29.96
        },
        "20193": {
            "year_quarter": 20193,
            "year": 2019,
            "quarter": 3,
            "eps": 0.62,
            "eps_growth_year": -40.97,
            "eps_4q": 2.96,
            "eps_4q_growth_year": -32.88,
            "roe": 7,
            "roe_4q": 36.45,
            "gross_profit": 1557000,
            "gross_margin": 43.71,
            "gross_margin_4q_avg": 43.85,
            "net_income": 571000,
            "net_income_4q": null,
            "revenue": 3562000,
            "revenue_4q": null,
            "common_shares": 9000,
            "book_valuer_per_share": 4.92,
            "book_valuer_per_share_4q_avg": 4.53,
            "equity": 8116000,
            "current_ratio": 265.31,
            "debt_ratio": 56.84,
            "inventory_turnover_ratio": 0.56,
            "account_receivable_turnover_ratio": 1.42,
            "reinvestment_rate": 11.32,
            "research_to_sale_ratio": 14.43,
            "price_fair": 100.45,
            "eps_avg_yearly": 2.87,
            "eps_latest_yearly": 2.48,
            "eps_growth_yearly": 28.76
        },
        "20194": {
            "year_quarter": 20194,
            "year": 2019,
            "quarter": 4,
            "eps": 0.77,
            "eps_growth_year": -7.03,
            "eps_4q": 2.9,
            "eps_4q_growth_year": -30.91,
            "roe": 8.55,
            "roe_4q": 33.59,
            "gross_profit": 1634000,
            "gross_margin": 43.53,
            "gross_margin_4q_avg": 43.71,
            "net_income": 698000,
            "net_income_4q": null,
            "revenue": 3754000,
            "revenue_4q": null,
            "common_shares": 9000,
            "book_valuer_per_share": 5.09,
            "book_valuer_per_share_4q_avg": 4.96,
            "equity": 8214000,
            "current_ratio": 229.5,
            "debt_ratio": 56.82,
            "inventory_turnover_ratio": 0.6,
            "account_receivable_turnover_ratio": 1.41,
            "reinvestment_rate": 11,
            "research_to_sale_ratio": 13.72,
            "price_fair": 104.3,
            "eps_avg_yearly": 2.98,
            "eps_latest_yearly": 3.08,
            "eps_growth_yearly": 32.31
        },
        "20201": {
            "year_quarter": 20201,
            "year": 2020,
            "quarter": 1,
            "eps": 0.99,
            "eps_growth_year": 25.37,
            "eps_4q": 3.1,
            "eps_4q_growth_year": -19.41,
            "roe": 10.57,
            "roe_4q": 34.24,
            "gross_profit": 1858000,
            "gross_margin": 44.64,
            "gross_margin_4q_avg": 43.78,
            "net_income": 892000,
            "net_income_4q": null,
            "revenue": 4162000,
            "revenue_4q": null,
            "common_shares": 9000,
            "book_valuer_per_share": 5.57,
            "book_valuer_per_share_4q_avg": 5.13,
            "equity": 8660000,
            "current_ratio": 235.7,
            "debt_ratio": 56.19,
            "inventory_turnover_ratio": 0.66,
            "account_receivable_turnover_ratio": 1.47,
            "reinvestment_rate": 12.51,
            "research_to_sale_ratio": 13.26,
            "price_fair": 111.13,
            "eps_avg_yearly": 3.18,
            "eps_latest_yearly": 3.96,
            "eps_growth_yearly": 48.54
        },
        "20202": {
            "year_quarter": 20202,
            "year": 2020,
            "quarter": 2,
            "eps": 0.86,
            "eps_growth_year": 20.09,
            "eps_4q": 3.24,
            "eps_4q_growth_year": -4.31,
            "roe": 8.54,
            "roe_4q": 34.66,
            "gross_profit": 1749000,
            "gross_margin": 44.2,
            "gross_margin_4q_avg": 44.02,
            "net_income": 755000,
            "net_income_4q": null,
            "revenue": 3957000,
            "revenue_4q": null,
            "common_shares": 9000,
            "book_valuer_per_share": 5.96,
            "book_valuer_per_share_4q_avg": 5.39,
            "equity": 9024000,
            "current_ratio": 267.26,
            "debt_ratio": 58.63,
            "inventory_turnover_ratio": 0.61,
            "account_receivable_turnover_ratio": 1.36,
            "reinvestment_rate": 12.36,
            "research_to_sale_ratio": 13.9,
            "price_fair": 116.46,
            "eps_avg_yearly": 3.33,
            "eps_latest_yearly": 3.44,
            "eps_growth_yearly": 40.5
        },
        "20203": {
            "year_quarter": 20203,
            "year": 2020,
            "quarter": 3,
            "eps": 0.92,
            "eps_growth_year": 47.86,
            "eps_4q": 3.54,
            "eps_4q_growth_year": 19.79,
            "roe": 9.05,
            "roe_4q": 36.71,
            "gross_profit": 1955000,
            "gross_margin": 44.48,
            "gross_margin_4q_avg": 44.21,
            "net_income": 841000,
            "net_income_4q": null,
            "revenue": 4395000,
            "revenue_4q": null,
            "common_shares": 9000,
            "book_valuer_per_share": 6.5,
            "book_valuer_per_share_4q_avg": 5.78,
            "equity": 9569000,
            "current_ratio": 285.83,
            "debt_ratio": 54.8,
            "inventory_turnover_ratio": 0.64,
            "account_receivable_turnover_ratio": 1.46,
            "reinvestment_rate": 10.83,
            "research_to_sale_ratio": 13.01,
            "price_fair": 120.84,
            "eps_avg_yearly": 3.45,
            "eps_latest_yearly": 3.68,
            "eps_growth_yearly": 25.24
        },
        "20204": {
            "year_quarter": 20204,
            "year": 2020,
            "quarter": 4,
            "eps": 1.27,
            "eps_growth_year": 65.78,
            "eps_4q": 4.05,
            "eps_4q_growth_year": 39.59,
            "roe": 11.23,
            "roe_4q": 39.39,
            "gross_profit": 2130000,
            "gross_margin": 45.44,
            "gross_margin_4q_avg": 44.69,
            "net_income": 1131000,
            "net_income_4q": null,
            "revenue": 4688000,
            "revenue_4q": null,
            "common_shares": 9000,
            "book_valuer_per_share": 7.61,
            "book_valuer_per_share_4q_avg": 6.41,
            "equity": 10578000,
            "current_ratio": 299.82,
            "debt_ratio": 52.68,
            "inventory_turnover_ratio": 0.65,
            "account_receivable_turnover_ratio": 1.47,
            "reinvestment_rate": 10.99,
            "research_to_sale_ratio": 11.92,
            "price_fair": 127.4,
            "eps_avg_yearly": 3.64,
            "eps_latest_yearly": 5.08,
            "eps_growth_yearly": 28.8
        },
        "20211": {
            "year_quarter": 20211,
            "year": 2021,
            "quarter": 1,
            "eps": 1.43,
            "eps_growth_year": 44.53,
            "eps_4q": 4.49,
            "eps_4q_growth_year": 44.78,
            "roe": 10.25,
            "roe_4q": 39.07,
            "gross_profit": 2349000,
            "gross_margin": 45.51,
            "gross_margin_4q_avg": 44.91,
            "net_income": 1130000,
            "net_income_4q": null,
            "revenue": 5162000,
            "revenue_4q": null,
            "common_shares": 9000,
            "book_valuer_per_share": 8.56,
            "book_valuer_per_share_4q_avg": 7.16,
            "equity": 11473000,
            "current_ratio": 316.81,
            "debt_ratio": 50.77,
            "inventory_turnover_ratio": 0.72,
            "account_receivable_turnover_ratio": 1.55,
            "reinvestment_rate": 10.77,
            "research_to_sale_ratio": 11.74,
            "price_fair": 129.2,
            "eps_avg_yearly": 3.83,
            "eps_latest_yearly": 5.72,
            "eps_growth_yearly": 23.78
        },
        "20212": {
            "year_quarter": 20212,
            "year": 2021,
            "quarter": 2,
            "eps": 1.61,
            "eps_growth_year": 86.23,
            "eps_4q": 5.23,
            "eps_4q_growth_year": 61.3,
            "roe": 11.34,
            "roe_4q": 41.870000000000005,
            "gross_profit": 2653000,
            "gross_margin": 47.53,
            "gross_margin_4q_avg": 45.74,
            "net_income": 1330000,
            "net_income_4q": null,
            "revenue": 5582000,
            "revenue_4q": null,
            "common_shares": 9000,
            "book_valuer_per_share": 9.18,
            "book_valuer_per_share_4q_avg": 7.96,
            "equity": 11993000,
            "current_ratio": 310.47,
            "debt_ratio": 50.21,
            "inventory_turnover_ratio": 0.73,
            "account_receivable_turnover_ratio": 1.57,
            "reinvestment_rate": 10.25,
            "research_to_sale_ratio": 11.05,
            "price_fair": 132.66,
            "eps_avg_yearly": 4.03,
            "eps_latest_yearly": 6.44,
            "eps_growth_yearly": 22.94
        },
        "20213": {
            "year_quarter": 20213,
            "year": 2021,
            "quarter": 3,
            "eps": 1.88,
            "eps_growth_year": 103.81,
            "eps_4q": 6.19,
            "eps_4q_growth_year": 74.73,
            "roe": 14.27,
            "roe_4q": 47.09,
            "gross_profit": 2967000,
            "gross_margin": 47.89,
            "gross_margin_4q_avg": 46.59,
            "net_income": 1716000,
            "net_income_4q": null,
            "revenue": 6196000,
            "revenue_4q": null,
            "common_shares": 9000,
            "book_valuer_per_share": 9.37,
            "book_valuer_per_share_4q_avg": 8.68,
            "equity": 12060000,
            "current_ratio": 297.52,
            "debt_ratio": 50.73,
            "inventory_turnover_ratio": 0.79,
            "account_receivable_turnover_ratio": 1.57,
            "reinvestment_rate": 9.72,
            "research_to_sale_ratio": 10.33,
            "price_fair": 145.29,
            "eps_avg_yearly": 4.27,
            "eps_latest_yearly": 7.52,
            "eps_growth_yearly": 24.01
        },
        "20214": {
            "year_quarter": 20214,
            "year": 2021,
            "quarter": 4,
            "eps": 1.86,
            "eps_growth_year": 46.67,
            "eps_4q": 6.78,
            "eps_4q_growth_year": 67.61,
            "roe": 14.09,
            "roe_4q": 49.95,
            "gross_profit": 2945000,
            "gross_margin": 48.1,
            "gross_margin_4q_avg": 47.26,
            "net_income": 1712000,
            "net_income_4q": null,
            "revenue": 6123000,
            "revenue_4q": null,
            "common_shares": 9000,
            "book_valuer_per_share": 9.71,
            "book_valuer_per_share_4q_avg": 9.21,
            "equity": 12247000,
            "current_ratio": 253.89,
            "debt_ratio": 52.58,
            "inventory_turnover_ratio": 0.75,
            "account_receivable_turnover_ratio": 1.24,
            "reinvestment_rate": 11.54,
            "research_to_sale_ratio": 10.16,
            "price_fair": 134.98,
            "eps_avg_yearly": 4.48,
            "eps_latest_yearly": 7.44,
            "eps_growth_yearly": 20.13
        },
        "20221": {
            "year_quarter": 20221,
            "year": 2022,
            "quarter": 1,
            "eps": 2.01,
            "eps_growth_year": 40.41,
            "eps_4q": 7.36,
            "eps_4q_growth_year": 64.03,
            "roe": 14.85,
            "roe_4q": 54.55,
            "gross_profit": 2959000,
            "gross_margin": 47.19,
            "gross_margin_4q_avg": 47.68,
            "net_income": 1792000,
            "net_income_4q": null,
            "revenue": 6271000,
            "revenue_4q": null,
            "common_shares": 9000,
            "book_valuer_per_share": 9.42,
            "book_valuer_per_share_4q_avg": 9.42,
            "equity": 11890000,
            "current_ratio": 250.75,
            "debt_ratio": 53.24,
            "inventory_turnover_ratio": 0.75,
            "account_receivable_turnover_ratio": 1.17,
            "reinvestment_rate": 10.76,
            "research_to_sale_ratio": 10.43,
            "price_fair": 138.46,
            "eps_avg_yearly": 4.7,
            "eps_latest_yearly": 8.04,
            "eps_growth_yearly": 19.48
        },
        "20222": {
            "year_quarter": 20222,
            "year": 2022,
            "quarter": 2,
            "eps": 1.76,
            "eps_growth_year": 9.43,
            "eps_4q": 7.51,
            "eps_4q_growth_year": 43.58,
            "roe": 13.09,
            "roe_4q": 56.3,
            "gross_profit": 2927000,
            "gross_margin": 46.87,
            "gross_margin_4q_avg": 47.51,
            "net_income": 1536000,
            "net_income_4q": null,
            "revenue": 6245000,
            "revenue_4q": null,
            "common_shares": 9000,
            "book_valuer_per_share": 9.22,
            "book_valuer_per_share_4q_avg": 9.43,
            "equity": 11579000,
            "current_ratio": 229.23,
            "debt_ratio": 54.52,
            "inventory_turnover_ratio": 0.7,
            "account_receivable_turnover_ratio": 1.17,
            "reinvestment_rate": 9.41,
            "research_to_sale_ratio": 10.98,
            "price_fair": 123.43,
            "eps_avg_yearly": 4.84,
            "eps_latest_yearly": 7.04,
            "eps_growth_yearly": 15.49
        },
        "20223": {
            "year_quarter": 20223,
            "year": 2022,
            "quarter": 3,
            "eps": 1.87,
            "eps_growth_year": -0.47,
            "eps_4q": 7.5,
            "eps_4q_growth_year": 21.23,
            "roe": 13.58,
            "roe_4q": 55.61,
            "gross_profit": 3006000,
            "gross_margin": 46.1,
            "gross_margin_4q_avg": 47.07,
            "net_income": 1606000,
            "net_income_4q": null,
            "revenue": 6520000,
            "revenue_4q": null,
            "common_shares": 9000,
            "book_valuer_per_share": 9.33,
            "book_valuer_per_share_4q_avg": 9.42,
            "equity": 12070000,
            "current_ratio": 225.87,
            "debt_ratio": 53.86,
            "inventory_turnover_ratio": 0.67,
            "account_receivable_turnover_ratio": 1.15,
            "reinvestment_rate": 9.31,
            "research_to_sale_ratio": 10.81,
            "price_fair": 149.3,
            "eps_avg_yearly": 5.05,
            "eps_latest_yearly": 7.48,
            "eps_growth_yearly": 19.59
        },
        "20224": {
            "year_quarter": 20224,
            "year": 2022,
            "quarter": 4,
            "eps": 1.87,
            "eps_growth_year": 0.18,
            "eps_4q": 7.5,
            "eps_4q_growth_year": 10.68,
            "roe": 13.11,
            "roe_4q": 54.63,
            "gross_profit": 3101000,
            "gross_margin": 45.95,
            "gross_margin_4q_avg": 46.53,
            "net_income": 1591000,
            "net_income_4q": null,
            "revenue": 6749000,
            "revenue_4q": null,
            "common_shares": 8000,
            "book_valuer_per_share": 9.66,
            "book_valuer_per_share_4q_avg": 9.41,
            "equity": 12194000,
            "current_ratio": 215.82,
            "debt_ratio": 54.37,
            "inventory_turnover_ratio": 0.64,
            "account_receivable_turnover_ratio": 1.09,
            "reinvestment_rate": 8.72,
            "research_to_sale_ratio": 10.76,
            "price_fair": 185.76,
            "eps_avg_yearly": 5.31,
            "eps_latest_yearly": 7.48,
            "eps_growth_yearly": 25.25
        },
        "20231": {
            "year_quarter": 20231,
            "year": 2023,
            "quarter": 1,
            "eps": 2.02,
            "eps_growth_year": 0.76,
            "eps_4q": 7.52,
            "eps_4q_growth_year": 2.19,
            "roe": 13.41,
            "roe_4q": 53.19,
            "gross_profit": 3145000,
            "gross_margin": 46.67,
            "gross_margin_4q_avg": 46.4,
            "net_income": 1717000,
            "net_income_4q": null,
            "revenue": 6739000,
            "revenue_4q": null,
            "common_shares": 8000,
            "book_valuer_per_share": 11.09,
            "book_valuer_per_share_4q_avg": 9.83,
            "equity": 13420000,
            "current_ratio": 230.55,
            "debt_ratio": 52,
            "inventory_turnover_ratio": 0.6,
            "account_receivable_turnover_ratio": 1.06,
            "reinvestment_rate": 9.97,
            "research_to_sale_ratio": 11.44,
            "price_fair": 196.53,
            "eps_avg_yearly": 5.62,
            "eps_latest_yearly": 8.08,
            "eps_growth_yearly": 28.17
        },
        "20232": {
            "year_quarter": 20232,
            "year": 2023,
            "quarter": 2,
            "eps": 1.86,
            "eps_growth_year": 5.65,
            "eps_4q": 7.62,
            "eps_4q_growth_year": 1.46,
            "roe": 11.43,
            "roe_4q": 51.53,
            "gross_profit": 3094000,
            "gross_margin": 46.67,
            "gross_margin_4q_avg": 46.35,
            "net_income": 1575000,
            "net_income_4q": null,
            "revenue": 6630000,
            "revenue_4q": null,
            "common_shares": 8000,
            "book_valuer_per_share": 12.01,
            "book_valuer_per_share_4q_avg": 10.52,
            "equity": 14129000,
            "current_ratio": 225.8,
            "debt_ratio": 51.43,
            "inventory_turnover_ratio": 0.59,
            "account_receivable_turnover_ratio": 1.09,
            "reinvestment_rate": 9.31,
            "research_to_sale_ratio": 11.69,
            "price_fair": 206.5,
            "eps_avg_yearly": 5.9,
            "eps_latest_yearly": 7.44,
            "eps_growth_yearly": 28.41
        },
        "20233": {
            "year_quarter": 20233,
            "year": 2023,
            "quarter": 3,
            "eps": 1.85,
            "eps_growth_year": -1.04,
            "eps_4q": 7.6,
            "eps_4q_growth_year": 1.31,
            "roe": 10.68,
            "roe_4q": 48.629999999999995,
            "gross_profit": 2976000,
            "gross_margin": 46.32,
            "gross_margin_4q_avg": 46.4,
            "net_income": 1560000,
            "net_income_4q": null,
            "revenue": 6425000,
            "revenue_4q": null,
            "common_shares": 8000,
            "book_valuer_per_share": 13.22,
            "book_valuer_per_share_4q_avg": 11.5,
            "equity": 15093000,
            "current_ratio": 229.56,
            "debt_ratio": 50.37,
            "inventory_turnover_ratio": 0.59,
            "account_receivable_turnover_ratio": 1.07,
            "reinvestment_rate": 9.4,
            "research_to_sale_ratio": 11.94,
            "price_fair": 217.26,
            "eps_avg_yearly": 6.21,
            "eps_latest_yearly": 7.4,
            "eps_growth_yearly": 31.75
        },
        "20234": {
            "year_quarter": 20234,
            "year": 2023,
            "quarter": 4,
            "eps": 2.38,
            "eps_growth_year": 27.46,
            "eps_4q": 8.11,
            "eps_4q_growth_year": 8.1,
            "roe": 12.75,
            "roe_4q": 48.269999999999996,
            "gross_profit": 3169000,
            "gross_margin": 47.14,
            "gross_margin_4q_avg": 46.7,
            "net_income": 2004000,
            "net_income_4q": null,
            "revenue": 6723000,
            "revenue_4q": null,
            "common_shares": 8000,
            "book_valuer_per_share": 14.79,
            "book_valuer_per_share_4q_avg": 12.78,
            "equity": 16349000,
            "current_ratio": 259.73,
            "debt_ratio": 46.8,
            "inventory_turnover_ratio": 0.62,
            "account_receivable_turnover_ratio": 1.15,
            "reinvestment_rate": 8.99,
            "research_to_sale_ratio": 11.74,
            "price_fair": 231.35,
            "eps_avg_yearly": 6.61,
            "eps_latest_yearly": 9.52,
            "eps_growth_yearly": 32.86
        }
    },
    "months": {
        "2001-01": {
            "month": "2001-01",
            "price": "23.62",
            "revenue": 0
        },
        "2001-02": {
            "month": "2001-02",
            "price": "22.94",
            "revenue": 0
        },
        "2001-03": {
            "month": "2001-03",
            "price": "23.60",
            "revenue": 0
        },
        "2001-04": {
            "month": "2001-04",
            "price": "23.94",
            "revenue": 0
        },
        "2001-05": {
            "month": "2001-05",
            "price": "26.35",
            "revenue": 0
        },
        "2001-06": {
            "month": "2001-06",
            "price": "25.49",
            "revenue": 0
        },
        "2001-07": {
            "month": "2001-07",
            "price": "22.70",
            "revenue": 0
        },
        "2001-08": {
            "month": "2001-08",
            "price": "22.60",
            "revenue": 0
        },
        "2001-09": {
            "month": "2001-09",
            "price": "16.98",
            "revenue": 0
        },
        "2001-10": {
            "month": "2001-10",
            "price": "16.56",
            "revenue": 0
        },
        "2001-11": {
            "month": "2001-11",
            "price": "19.62",
            "revenue": 0
        },
        "2001-12": {
            "month": "2001-12",
            "price": "21.09",
            "revenue": 0
        },
        "2002-01": {
            "month": "2002-01",
            "price": "21.64",
            "revenue": 0
        },
        "2002-02": {
            "month": "2002-02",
            "price": "22.35",
            "revenue": 0
        },
        "2002-03": {
            "month": "2002-03",
            "price": "25.63",
            "revenue": 0
        },
        "2002-04": {
            "month": "2002-04",
            "price": "25.92",
            "revenue": 0
        },
        "2002-05": {
            "month": "2002-05",
            "price": "24.66",
            "revenue": 0
        },
        "2002-06": {
            "month": "2002-06",
            "price": "20.25",
            "revenue": 0
        },
        "2002-07": {
            "month": "2002-07",
            "price": "17.09",
            "revenue": 0
        },
        "2002-08": {
            "month": "2002-08",
            "price": "14.21",
            "revenue": 0
        },
        "2002-09": {
            "month": "2002-09",
            "price": "12.38",
            "revenue": 0
        },
        "2002-10": {
            "month": "2002-10",
            "price": "12.84",
            "revenue": 0
        },
        "2002-11": {
            "month": "2002-11",
            "price": "16.02",
            "revenue": 0
        },
        "2002-12": {
            "month": "2002-12",
            "price": "14.21",
            "revenue": 0
        },
        "2003-01": {
            "month": "2003-01",
            "price": "14.13",
            "revenue": 0
        },
        "2003-02": {
            "month": "2003-02",
            "price": "12.32",
            "revenue": 0
        },
        "2003-03": {
            "month": "2003-03",
            "price": "12.84",
            "revenue": 0
        },
        "2003-04": {
            "month": "2003-04",
            "price": "14.07",
            "revenue": 0
        },
        "2003-05": {
            "month": "2003-05",
            "price": "14.74",
            "revenue": 0
        },
        "2003-06": {
            "month": "2003-06",
            "price": "15.84",
            "revenue": 0
        },
        "2003-07": {
            "month": "2003-07",
            "price": "18.22",
            "revenue": 0
        },
        "2003-08": {
            "month": "2003-08",
            "price": "19.82",
            "revenue": 0
        },
        "2003-09": {
            "month": "2003-09",
            "price": "20.39",
            "revenue": 0
        },
        "2003-10": {
            "month": "2003-10",
            "price": "20.97",
            "revenue": 0
        },
        "2003-11": {
            "month": "2003-11",
            "price": "24.21",
            "revenue": 0
        },
        "2003-12": {
            "month": "2003-12",
            "price": "22.35",
            "revenue": 0
        },
        "2004-01": {
            "month": "2004-01",
            "price": "23.31",
            "revenue": 0
        },
        "2004-02": {
            "month": "2004-02",
            "price": "21.78",
            "revenue": 0
        },
        "2004-03": {
            "month": "2004-03",
            "price": "21.12",
            "revenue": 0
        },
        "2004-04": {
            "month": "2004-04",
            "price": "20.93",
            "revenue": 0
        },
        "2004-05": {
            "month": "2004-05",
            "price": "18.89",
            "revenue": 0
        },
        "2004-06": {
            "month": "2004-06",
            "price": "18.89",
            "revenue": 0
        },
        "2004-07": {
            "month": "2004-07",
            "price": "17.27",
            "revenue": 0
        },
        "2004-08": {
            "month": "2004-08",
            "price": "16.23",
            "revenue": 0
        },
        "2004-09": {
            "month": "2004-09",
            "price": "16.63",
            "revenue": 0
        },
        "2004-10": {
            "month": "2004-10",
            "price": "16.33",
            "revenue": 0
        },
        "2004-11": {
            "month": "2004-11",
            "price": "16.61",
            "revenue": 0
        },
        "2004-12": {
            "month": "2004-12",
            "price": "17.20",
            "revenue": 0
        },
        "2005-01": {
            "month": "2005-01",
            "price": "16.14",
            "revenue": 0
        },
        "2005-02": {
            "month": "2005-02",
            "price": "17.05",
            "revenue": 0
        },
        "2005-03": {
            "month": "2005-03",
            "price": "16.54",
            "revenue": 0
        },
        "2005-04": {
            "month": "2005-04",
            "price": "15.37",
            "revenue": 0
        },
        "2005-05": {
            "month": "2005-05",
            "price": "15.91",
            "revenue": 0
        },
        "2005-06": {
            "month": "2005-06",
            "price": "16.74",
            "revenue": 0
        },
        "2005-07": {
            "month": "2005-07",
            "price": "17.44",
            "revenue": 0
        },
        "2005-08": {
            "month": "2005-08",
            "price": "17.99",
            "revenue": 0
        },
        "2005-09": {
            "month": "2005-09",
            "price": "17.41",
            "revenue": 0
        },
        "2005-10": {
            "month": "2005-10",
            "price": "16.94",
            "revenue": 0
        },
        "2005-11": {
            "month": "2005-11",
            "price": "17.53",
            "revenue": 0
        },
        "2005-12": {
            "month": "2005-12",
            "price": "18.61",
            "revenue": 0
        },
        "2006-01": {
            "month": "2006-01",
            "price": "19.47",
            "revenue": 0
        },
        "2006-02": {
            "month": "2006-02",
            "price": "19.42",
            "revenue": 0
        },
        "2006-03": {
            "month": "2006-03",
            "price": "17.96",
            "revenue": 0
        },
        "2006-04": {
            "month": "2006-04",
            "price": "17.99",
            "revenue": 0
        },
        "2006-05": {
            "month": "2006-05",
            "price": "17.56",
            "revenue": 0
        },
        "2006-06": {
            "month": "2006-06",
            "price": "16.45",
            "revenue": 0
        },
        "2006-07": {
            "month": "2006-07",
            "price": "15.59",
            "revenue": 0
        },
        "2006-08": {
            "month": "2006-08",
            "price": "15.79",
            "revenue": 0
        },
        "2006-09": {
            "month": "2006-09",
            "price": "17.14",
            "revenue": 0
        },
        "2006-10": {
            "month": "2006-10",
            "price": "17.94",
            "revenue": 0
        },
        "2006-11": {
            "month": "2006-11",
            "price": "17.92",
            "revenue": 0
        },
        "2006-12": {
            "month": "2006-12",
            "price": "18.31",
            "revenue": 0
        },
        "2007-01": {
            "month": "2007-01",
            "price": "18.47",
            "revenue": 0
        },
        "2007-02": {
            "month": "2007-02",
            "price": "18.54",
            "revenue": 0
        },
        "2007-03": {
            "month": "2007-03",
            "price": "18.47",
            "revenue": 0
        },
        "2007-04": {
            "month": "2007-04",
            "price": "19.15",
            "revenue": 0
        },
        "2007-05": {
            "month": "2007-05",
            "price": "19.36",
            "revenue": 0
        },
        "2007-06": {
            "month": "2007-06",
            "price": "19.47",
            "revenue": 0
        },
        "2007-07": {
            "month": "2007-07",
            "price": "20.99",
            "revenue": 0
        },
        "2007-08": {
            "month": "2007-08",
            "price": "21.38",
            "revenue": 0
        },
        "2007-09": {
            "month": "2007-09",
            "price": "20.92",
            "revenue": 0
        },
        "2007-10": {
            "month": "2007-10",
            "price": "20.42",
            "revenue": 0
        },
        "2007-11": {
            "month": "2007-11",
            "price": "18.45",
            "revenue": 0
        },
        "2007-12": {
            "month": "2007-12",
            "price": "18.07",
            "revenue": 0
        },
        "2008-01": {
            "month": "2008-01",
            "price": "17.31",
            "revenue": 0
        },
        "2008-02": {
            "month": "2008-02",
            "price": "18.94",
            "revenue": 0
        },
        "2008-03": {
            "month": "2008-03",
            "price": "20.43",
            "revenue": 0
        },
        "2008-04": {
            "month": "2008-04",
            "price": "19.44",
            "revenue": 0
        },
        "2008-05": {
            "month": "2008-05",
            "price": "19.48",
            "revenue": 0
        },
        "2008-06": {
            "month": "2008-06",
            "price": "19.63",
            "revenue": 0
        },
        "2008-07": {
            "month": "2008-07",
            "price": "17.94",
            "revenue": 0
        },
        "2008-08": {
            "month": "2008-08",
            "price": "18.43",
            "revenue": 0
        },
        "2008-09": {
            "month": "2008-09",
            "price": "16.24",
            "revenue": 0
        },
        "2008-10": {
            "month": "2008-10",
            "price": "12.59",
            "revenue": 0
        },
        "2008-11": {
            "month": "2008-11",
            "price": "10.27",
            "revenue": 0
        },
        "2008-12": {
            "month": "2008-12",
            "price": "9.96",
            "revenue": 0
        },
        "2009-01": {
            "month": "2009-01",
            "price": "10.07",
            "revenue": 0
        },
        "2009-02": {
            "month": "2009-02",
            "price": "9.37",
            "revenue": 0
        },
        "2009-03": {
            "month": "2009-03",
            "price": "10.12",
            "revenue": 0
        },
        "2009-04": {
            "month": "2009-04",
            "price": "11.46",
            "revenue": 0
        },
        "2009-05": {
            "month": "2009-05",
            "price": "11.44",
            "revenue": 0
        },
        "2009-06": {
            "month": "2009-06",
            "price": "11.06",
            "revenue": 0
        },
        "2009-07": {
            "month": "2009-07",
            "price": "12.33",
            "revenue": 0
        },
        "2009-08": {
            "month": "2009-08",
            "price": "13.49",
            "revenue": 0
        },
        "2009-09": {
            "month": "2009-09",
            "price": "13.28",
            "revenue": 0
        },
        "2009-10": {
            "month": "2009-10",
            "price": "13.08",
            "revenue": 0
        },
        "2009-11": {
            "month": "2009-11",
            "price": "12.55",
            "revenue": 0
        },
        "2009-12": {
            "month": "2009-12",
            "price": "13.55",
            "revenue": 0
        },
        "2010-01": {
            "month": "2010-01",
            "price": "13.67",
            "revenue": 0
        },
        "2010-02": {
            "month": "2010-02",
            "price": "12.37",
            "revenue": 0
        },
        "2010-03": {
            "month": "2010-03",
            "price": "12.69",
            "revenue": 0
        },
        "2010-04": {
            "month": "2010-04",
            "price": "13.98",
            "revenue": 0
        },
        "2010-05": {
            "month": "2010-05",
            "price": "13.03",
            "revenue": 0
        },
        "2010-06": {
            "month": "2010-06",
            "price": "12.79",
            "revenue": 0
        },
        "2010-07": {
            "month": "2010-07",
            "price": "12.26",
            "revenue": 0
        },
        "2010-08": {
            "month": "2010-08",
            "price": "11.23",
            "revenue": 0
        },
        "2010-09": {
            "month": "2010-09",
            "price": "11.12",
            "revenue": 0
        },
        "2010-10": {
            "month": "2010-10",
            "price": "11.94",
            "revenue": 0
        },
        "2010-11": {
            "month": "2010-11",
            "price": "12.60",
            "revenue": 0
        },
        "2010-12": {
            "month": "2010-12",
            "price": "13.51",
            "revenue": 0
        },
        "2011-01": {
            "month": "2011-01",
            "price": "14.78",
            "revenue": 0
        },
        "2011-02": {
            "month": "2011-02",
            "price": "16.16",
            "revenue": 0
        },
        "2011-03": {
            "month": "2011-03",
            "price": "15.48",
            "revenue": 0
        },
        "2011-04": {
            "month": "2011-04",
            "price": "15.28",
            "revenue": 0
        },
        "2011-05": {
            "month": "2011-05",
            "price": "14.50",
            "revenue": 0
        },
        "2011-06": {
            "month": "2011-06",
            "price": "12.71",
            "revenue": 0
        },
        "2011-07": {
            "month": "2011-07",
            "price": "12.80",
            "revenue": 0
        },
        "2011-08": {
            "month": "2011-08",
            "price": "11.45",
            "revenue": 0
        },
        "2011-09": {
            "month": "2011-09",
            "price": "10.88",
            "revenue": 0
        },
        "2011-10": {
            "month": "2011-10",
            "price": "11.39",
            "revenue": 0
        },
        "2011-11": {
            "month": "2011-11",
            "price": "11.65",
            "revenue": 0
        },
        "2011-12": {
            "month": "2011-12",
            "price": "10.66",
            "revenue": 0
        },
        "2012-01": {
            "month": "2012-01",
            "price": "11.79",
            "revenue": 0
        },
        "2012-02": {
            "month": "2012-02",
            "price": "12.78",
            "revenue": 0
        },
        "2012-03": {
            "month": "2012-03",
            "price": "12.50",
            "revenue": 0
        },
        "2012-04": {
            "month": "2012-04",
            "price": "11.91",
            "revenue": 0
        },
        "2012-05": {
            "month": "2012-05",
            "price": "10.89",
            "revenue": 0
        },
        "2012-06": {
            "month": "2012-06",
            "price": "10.86",
            "revenue": 0
        },
        "2012-07": {
            "month": "2012-07",
            "price": "10.74",
            "revenue": 0
        },
        "2012-08": {
            "month": "2012-08",
            "price": "11.67",
            "revenue": 0
        },
        "2012-09": {
            "month": "2012-09",
            "price": "11.59",
            "revenue": 0
        },
        "2012-10": {
            "month": "2012-10",
            "price": "10.95",
            "revenue": 0
        },
        "2012-11": {
            "month": "2012-11",
            "price": "10.61",
            "revenue": 0
        },
        "2012-12": {
            "month": "2012-12",
            "price": "11.15",
            "revenue": 0
        },
        "2013-01": {
            "month": "2013-01",
            "price": "12.22",
            "revenue": 0
        },
        "2013-02": {
            "month": "2013-02",
            "price": "13.54",
            "revenue": 0
        },
        "2013-03": {
            "month": "2013-03",
            "price": "13.41",
            "revenue": 0
        },
        "2013-04": {
            "month": "2013-04",
            "price": "13.50",
            "revenue": 0
        },
        "2013-05": {
            "month": "2013-05",
            "price": "14.80",
            "revenue": 0
        },
        "2013-06": {
            "month": "2013-06",
            "price": "15.31",
            "revenue": 0
        },
        "2013-07": {
            "month": "2013-07",
            "price": "16.02",
            "revenue": 0
        },
        "2013-08": {
            "month": "2013-08",
            "price": "15.63",
            "revenue": 0
        },
        "2013-09": {
            "month": "2013-09",
            "price": "16.28",
            "revenue": 0
        },
        "2013-10": {
            "month": "2013-10",
            "price": "17.77",
            "revenue": 0
        },
        "2013-11": {
            "month": "2013-11",
            "price": "17.45",
            "revenue": 0
        },
        "2013-12": {
            "month": "2013-12",
            "price": "17.03",
            "revenue": 0
        },
        "2014-01": {
            "month": "2014-01",
            "price": "17.33",
            "revenue": 0
        },
        "2014-02": {
            "month": "2014-02",
            "price": "18.23",
            "revenue": 0
        },
        "2014-03": {
            "month": "2014-03",
            "price": "19.53",
            "revenue": 0
        },
        "2014-04": {
            "month": "2014-04",
            "price": "19.47",
            "revenue": 0
        },
        "2014-05": {
            "month": "2014-05",
            "price": "19.58",
            "revenue": 0
        },
        "2014-06": {
            "month": "2014-06",
            "price": "22.14",
            "revenue": 0
        },
        "2014-07": {
            "month": "2014-07",
            "price": "22.39",
            "revenue": 0
        },
        "2014-08": {
            "month": "2014-08",
            "price": "21.70",
            "revenue": 0
        },
        "2014-09": {
            "month": "2014-09",
            "price": "22.29",
            "revenue": 0
        },
        "2014-10": {
            "month": "2014-10",
            "price": "20.56",
            "revenue": 0
        },
        "2014-11": {
            "month": "2014-11",
            "price": "22.77",
            "revenue": 0
        },
        "2014-12": {
            "month": "2014-12",
            "price": "24.54",
            "revenue": 0
        },
        "2015-01": {
            "month": "2015-01",
            "price": "23.77",
            "revenue": 0
        },
        "2015-02": {
            "month": "2015-02",
            "price": "24.32",
            "revenue": 0
        },
        "2015-03": {
            "month": "2015-03",
            "price": "23.82",
            "revenue": 0
        },
        "2015-04": {
            "month": "2015-04",
            "price": "21.75",
            "revenue": 0
        },
        "2015-05": {
            "month": "2015-05",
            "price": "19.95",
            "revenue": 0
        },
        "2015-06": {
            "month": "2015-06",
            "price": "19.88",
            "revenue": 0
        },
        "2015-07": {
            "month": "2015-07",
            "price": "18.25",
            "revenue": 0
        },
        "2015-08": {
            "month": "2015-08",
            "price": "16.45",
            "revenue": 0
        },
        "2015-09": {
            "month": "2015-09",
            "price": "15.35",
            "revenue": 0
        },
        "2015-10": {
            "month": "2015-10",
            "price": "15.81",
            "revenue": 0
        },
        "2015-11": {
            "month": "2015-11",
            "price": "17.56",
            "revenue": 0
        },
        "2015-12": {
            "month": "2015-12",
            "price": "18.75",
            "revenue": 0
        },
        "2016-01": {
            "month": "2016-01",
            "price": "17.03",
            "revenue": 0
        },
        "2016-02": {
            "month": "2016-02",
            "price": "17.42",
            "revenue": 0
        },
        "2016-03": {
            "month": "2016-03",
            "price": "20.01",
            "revenue": 0
        },
        "2016-04": {
            "month": "2016-04",
            "price": "21.10",
            "revenue": 0
        },
        "2016-05": {
            "month": "2016-05",
            "price": "21.13",
            "revenue": 0
        },
        "2016-06": {
            "month": "2016-06",
            "price": "23.85",
            "revenue": 0
        },
        "2016-07": {
            "month": "2016-07",
            "price": "25.76",
            "revenue": 0
        },
        "2016-08": {
            "month": "2016-08",
            "price": "27.97",
            "revenue": 0
        },
        "2016-09": {
            "month": "2016-09",
            "price": "29.86",
            "revenue": 0
        },
        "2016-10": {
            "month": "2016-10",
            "price": "28.86",
            "revenue": 0
        },
        "2016-11": {
            "month": "2016-11",
            "price": "30.10",
            "revenue": 0
        },
        "2016-12": {
            "month": "2016-12",
            "price": "32.32",
            "revenue": 0
        },
        "2017-01": {
            "month": "2017-01",
            "price": "33.46",
            "revenue": 0
        },
        "2017-02": {
            "month": "2017-02",
            "price": "35.66",
            "revenue": 0
        },
        "2017-03": {
            "month": "2017-03",
            "price": "38.25",
            "revenue": 0
        },
        "2017-04": {
            "month": "2017-04",
            "price": "39.21",
            "revenue": 0
        },
        "2017-05": {
            "month": "2017-05",
            "price": "43.55",
            "revenue": 0
        },
        "2017-06": {
            "month": "2017-06",
            "price": "44.28",
            "revenue": 0
        },
        "2017-07": {
            "month": "2017-07",
            "price": "45.27",
            "revenue": 0
        },
        "2017-08": {
            "month": "2017-08",
            "price": "43.73",
            "revenue": 0
        },
        "2017-09": {
            "month": "2017-09",
            "price": "46.89",
            "revenue": 0
        },
        "2017-10": {
            "month": "2017-10",
            "price": "54.32",
            "revenue": 0
        },
        "2017-11": {
            "month": "2017-11",
            "price": "56.46",
            "revenue": 0
        },
        "2017-12": {
            "month": "2017-12",
            "price": "51.62",
            "revenue": 0
        },
        "2018-01": {
            "month": "2018-01",
            "price": "55.27",
            "revenue": 0
        },
        "2018-02": {
            "month": "2018-02",
            "price": "52.89",
            "revenue": 0
        },
        "2018-03": {
            "month": "2018-03",
            "price": "58.58",
            "revenue": 0
        },
        "2018-04": {
            "month": "2018-04",
            "price": "53.03",
            "revenue": 0
        },
        "2018-05": {
            "month": "2018-05",
            "price": "52.27",
            "revenue": 0
        },
        "2018-06": {
            "month": "2018-06",
            "price": "49.31",
            "revenue": 0
        },
        "2018-07": {
            "month": "2018-07",
            "price": "46.57",
            "revenue": 0
        },
        "2018-08": {
            "month": "2018-08",
            "price": "46.05",
            "revenue": 0
        },
        "2018-09": {
            "month": "2018-09",
            "price": "39.44",
            "revenue": 0
        },
        "2018-10": {
            "month": "2018-10",
            "price": "34.62",
            "revenue": 0
        },
        "2018-11": {
            "month": "2018-11",
            "price": "35.13",
            "revenue": 0
        },
        "2018-12": {
            "month": "2018-12",
            "price": "32.94",
            "revenue": 0
        },
        "2019-01": {
            "month": "2019-01",
            "price": "35.36",
            "revenue": 0
        },
        "2019-02": {
            "month": "2019-02",
            "price": "39.55",
            "revenue": 0
        },
        "2019-03": {
            "month": "2019-03",
            "price": "39.16",
            "revenue": 0
        },
        "2019-04": {
            "month": "2019-04",
            "price": "43.17",
            "revenue": 0
        },
        "2019-05": {
            "month": "2019-05",
            "price": "41.04",
            "revenue": 0
        },
        "2019-06": {
            "month": "2019-06",
            "price": "42.15",
            "revenue": 0
        },
        "2019-07": {
            "month": "2019-07",
            "price": "47.44",
            "revenue": 0
        },
        "2019-08": {
            "month": "2019-08",
            "price": "46.80",
            "revenue": 0
        },
        "2019-09": {
            "month": "2019-09",
            "price": "50.79",
            "revenue": 0
        },
        "2019-10": {
            "month": "2019-10",
            "price": "52.25",
            "revenue": 0
        },
        "2019-11": {
            "month": "2019-11",
            "price": "57.57",
            "revenue": 0
        },
        "2019-12": {
            "month": "2019-12",
            "price": "59.22",
            "revenue": 0
        },
        "2020-01": {
            "month": "2020-01",
            "price": "61.54",
            "revenue": 0
        },
        "2020-02": {
            "month": "2020-02",
            "price": "62.97",
            "revenue": 0
        },
        "2020-03": {
            "month": "2020-03",
            "price": "48.75",
            "revenue": 0
        },
        "2020-04": {
            "month": "2020-04",
            "price": "49.57",
            "revenue": 0
        },
        "2020-05": {
            "month": "2020-05",
            "price": "53.08",
            "revenue": 0
        },
        "2020-06": {
            "month": "2020-06",
            "price": "58.91",
            "revenue": 0
        },
        "2020-07": {
            "month": "2020-07",
            "price": "62.69",
            "revenue": 0
        },
        "2020-08": {
            "month": "2020-08",
            "price": "64.49",
            "revenue": 0
        },
        "2020-09": {
            "month": "2020-09",
            "price": "58.09",
            "revenue": 0
        },
        "2020-10": {
            "month": "2020-10",
            "price": "61.37",
            "revenue": 0
        },
        "2020-11": {
            "month": "2020-11",
            "price": "73.51",
            "revenue": 0
        },
        "2020-12": {
            "month": "2020-12",
            "price": "86.83",
            "revenue": 0
        },
        "2021-01": {
            "month": "2021-01",
            "price": "100.20",
            "revenue": 0
        },
        "2021-02": {
            "month": "2021-02",
            "price": "111.00",
            "revenue": 0
        },
        "2021-03": {
            "month": "2021-03",
            "price": "118.03",
            "revenue": 0
        },
        "2021-04": {
            "month": "2021-04",
            "price": "135.85",
            "revenue": 0
        },
        "2021-05": {
            "month": "2021-05",
            "price": "128.92",
            "revenue": 0
        },
        "2021-06": {
            "month": "2021-06",
            "price": "137.36",
            "revenue": 0
        },
        "2021-07": {
            "month": "2021-07",
            "price": "135.60",
            "revenue": 0
        },
        "2021-08": {
            "month": "2021-08",
            "price": "134.82",
            "revenue": 0
        },
        "2021-09": {
            "month": "2021-09",
            "price": "136.94",
            "revenue": 0
        },
        "2021-10": {
            "month": "2021-10",
            "price": "131.09",
            "revenue": 0
        },
        "2021-11": {
            "month": "2021-11",
            "price": "150.63",
            "revenue": 0
        },
        "2021-12": {
            "month": "2021-12",
            "price": "152.51",
            "revenue": 0
        },
        "2022-01": {
            "month": "2022-01",
            "price": "147.16",
            "revenue": 0
        },
        "2022-02": {
            "month": "2022-02",
            "price": "136.14",
            "revenue": 0
        },
        "2022-03": {
            "month": "2022-03",
            "price": "130.67",
            "revenue": 0
        },
        "2022-04": {
            "month": "2022-04",
            "price": "116.84",
            "revenue": 0
        },
        "2022-05": {
            "month": "2022-05",
            "price": "111.42",
            "revenue": 0
        },
        "2022-06": {
            "month": "2022-06",
            "price": "101.15",
            "revenue": 0
        },
        "2022-07": {
            "month": "2022-07",
            "price": "95.35",
            "revenue": 0
        },
        "2022-08": {
            "month": "2022-08",
            "price": "104.34",
            "revenue": 0
        },
        "2022-09": {
            "month": "2022-09",
            "price": "88.78",
            "revenue": 0
        },
        "2022-10": {
            "month": "2022-10",
            "price": "82.59",
            "revenue": 0
        },
        "2022-11": {
            "month": "2022-11",
            "price": "101.48",
            "revenue": 0
        },
        "2022-12": {
            "month": "2022-12",
            "price": "103.78",
            "revenue": 0
        },
        "2023-01": {
            "month": "2023-01",
            "price": "108.34",
            "revenue": 0
        },
        "2023-02": {
            "month": "2023-02",
            "price": "116.19",
            "revenue": 0
        },
        "2023-03": {
            "month": "2023-03",
            "price": "119.37",
            "revenue": 0
        },
        "2023-04": {
            "month": "2023-04",
            "price": "114.06",
            "revenue": 0
        },
        "2023-05": {
            "month": "2023-05",
            "price": "121.69",
            "revenue": 0
        },
        "2023-06": {
            "month": "2023-06",
            "price": "138.85",
            "revenue": 0
        },
        "2023-07": {
            "month": "2023-07",
            "price": "141.97",
            "revenue": 0
        },
        "2023-08": {
            "month": "2023-08",
            "price": "145.72",
            "revenue": 0
        },
        "2023-09": {
            "month": "2023-09",
            "price": "142.17",
            "revenue": 0
        },
        "2023-10": {
            "month": "2023-10",
            "price": "137.43",
            "revenue": 0
        },
        "2023-11": {
            "month": "2023-11",
            "price": "147.43",
            "revenue": 0
        },
        "2023-12": {
            "month": "2023-12",
            "price": "156.83",
            "revenue": 0
        }
    }
}
