{
    "summary": {
        "stock_name": "Advanced Micro Devices Inc",
        "stock_id": "AMD",
        "category": "Computer and Technology",
        "main_business": "Advanced Micro Devices, Inc.成立於1969年5月1日。公司是全球半導體廠商，工廠遍佈世界各地。在全球半導體行業中，公司主要提供：x86微處理器，用於商業和消費市場；嵌入式微處理器，用於商業和消費者市場；臺式和膝上型電腦晶片組；專業工作站和伺服器；臺式和膝上型電腦的影片圖形和多媒體產品，包括國內媒體電腦、專業遊戲工作站和伺服器及相關技術。",
        "website_url": "https://www.amd.com/en",
        "ceo": "Lisa Su",
        "pe_ratio": 100,
        "report_year_from": 1993,
        "report_year_to": 2023,
        "age": 31,
        "eps_negative_percentage": 61,
        "eps_growth_avg": {
            "last_all": -13.67,
            "last_2y": -25.79,
            "last_4y": 8.9,
            "last_8y": 8.9,
            "last_12y": -9.25,
            "last_16y": -9.25,
            "last_20y": -13.67,
            "at_2006_last_3y": -26.92,
            "at_2007_last_3y": -26.92,
            "at_2008_last_3y": -26.92,
            "at_2009_last_3y": -100,
            "at_2010_last_3y": null,
            "at_2011_last_3y": null,
            "at_2012_last_3y": -100,
            "at_2013_last_3y": -100,
            "at_2014_last_3y": -100,
            "at_2015_last_3y": -100,
            "at_2016_last_3y": null,
            "at_2017_last_3y": null,
            "at_2018_last_3y": null,
            "at_2019_last_3y": 21.88,
            "at_2020_last_3y": 60.94,
            "at_2021_last_3y": 48.6,
            "at_2022_last_3y": 19.65,
            "at_2023_last_3y": 5.66,
            "at_2024_last_3y": 5.66,
            "at_2006_last_all": -26.92,
            "at_2007_last_all": -26.92,
            "at_2008_last_all": -26.92,
            "at_2009_last_all": -26.92,
            "at_2010_last_all": -26.92,
            "at_2011_last_all": -26.92,
            "at_2012_last_all": -51.28,
            "at_2013_last_all": -51.28,
            "at_2014_last_all": -51.28,
            "at_2015_last_all": -51.28,
            "at_2016_last_all": -51.28,
            "at_2017_last_all": -51.28,
            "at_2018_last_all": -51.28,
            "at_2019_last_all": -32.99,
            "at_2020_last_all": -6.39,
            "at_2021_last_all": -1.34,
            "at_2022_last_all": -10.75,
            "at_2023_last_all": -13.67,
            "at_2024_last_all": -13.67
        },
        "latest_eps": 0.56,
        "latest_price": 180.49,
        "latest_roe": 1.52,
        "latest_gross_margin": 47.2,
        "latest_equity": 55892000,
        "latest_revenue": 6168000,
        "latest_gross_profit": 2911000,
        "latest_net_income": 661000,
        "latest_debt_ratio": 17.67,
        "latest_current_ratio": 250.68,
        "latest_account_receivable_turnover_ratio": 1.18,
        "latest_inventory_turnover_ratio": 0.74,
        "latest_reinvestment_rate": 19.29,
        "latest_research_to_sale_ratio": 24.5
    },
    "eps_dividends": {
        "2001": {
            "cash": 0,
            "stock": 0,
            "eps": 0
        },
        "2002": {
            "cash": 0,
            "stock": 0,
            "eps": -3.17
        },
        "2003": {
            "cash": 0,
            "stock": 0,
            "eps": -0.83
        },
        "2004": {
            "cash": 0,
            "stock": 0,
            "eps": 0.26
        },
        "2005": {
            "cash": 0,
            "stock": 0,
            "eps": 0.38
        },
        "2006": {
            "cash": 0,
            "stock": 0,
            "eps": -0.25
        },
        "2007": {
            "cash": 0,
            "stock": 0,
            "eps": -3.55
        },
        "2008": {
            "cash": 0,
            "stock": 0,
            "eps": -2.83
        },
        "2009": {
            "cash": 0,
            "stock": 0,
            "eps": -0.8
        },
        "2010": {
            "cash": 0,
            "stock": 0,
            "eps": -0.11
        },
        "2011": {
            "cash": 0,
            "stock": 0,
            "eps": 0.75
        },
        "2012": {
            "cash": 0,
            "stock": 0,
            "eps": -1.47
        },
        "2013": {
            "cash": 0,
            "stock": 0,
            "eps": -0.14
        },
        "2014": {
            "cash": 0,
            "stock": 0,
            "eps": -0.22
        },
        "2015": {
            "cash": 0,
            "stock": 0,
            "eps": -0.71
        },
        "2016": {
            "cash": 0,
            "stock": 0,
            "eps": -0.63
        },
        "2017": {
            "cash": 0,
            "stock": 0,
            "eps": -1.23
        },
        "2018": {
            "cash": 0,
            "stock": 0,
            "eps": 0.32
        },
        "2019": {
            "cash": 0,
            "stock": 0,
            "eps": 0.39
        },
        "2020": {
            "cash": 0,
            "stock": 0,
            "eps": 2.09
        },
        "2021": {
            "cash": 0,
            "stock": 0,
            "eps": 2.59
        },
        "2022": {
            "cash": 0,
            "stock": 0,
            "eps": 0.85
        },
        "2023": {
            "cash": 0,
            "stock": 0,
            "eps": 0.56
        }
    },
    "dividends": [],
    "prices": {
        "200101": "19.58",
        "200102": "23.60",
        "200103": "24.94",
        "200104": "25.25",
        "200105": "30.69",
        "200106": "27.55",
        "200107": "20.48",
        "200108": "15.79",
        "200109": "10.01",
        "200110": "9.48",
        "200111": "13.23",
        "200112": "16.50",
        "200201": "17.75",
        "200202": "14.34",
        "200203": "14.94",
        "200204": "12.92",
        "200205": "11.62",
        "200206": "9.60",
        "200207": "8.71",
        "200208": "9.06",
        "200209": "7.01",
        "200210": "4.74",
        "200211": "6.80",
        "200212": "7.28",
        "200301": "6.36",
        "200302": "5.20",
        "200303": "6.04",
        "200304": "7.48",
        "200305": "7.33",
        "200306": "6.66",
        "200307": "7.13",
        "200308": "8.62",
        "200309": "11.86",
        "200310": "13.54",
        "200311": "17.23",
        "200312": "15.32",
        "200401": "15.58",
        "200402": "14.81",
        "200403": "15.15",
        "200404": "16.35",
        "200405": "14.62",
        "200406": "15.27",
        "200407": "13.33",
        "200408": "11.63",
        "200409": "12.26",
        "200410": "14.68",
        "200411": "19.63",
        "200412": "22.40",
        "200501": "16.90",
        "200502": "17.34",
        "200503": "16.47",
        "200504": "15.57",
        "200505": "15.49",
        "200506": "17.38",
        "200507": "19.56",
        "200508": "20.57",
        "200509": "23.03",
        "200510": "22.57",
        "200511": "25.42",
        "200512": "28.46",
        "200601": "35.97",
        "200602": "40.45",
        "200603": "35.87",
        "200604": "32.98",
        "200605": "32.24",
        "200606": "26.19",
        "200607": "21.04",
        "200608": "22.26",
        "200609": "26.07",
        "200610": "22.95",
        "200611": "21.38",
        "200612": "21.10",
        "200701": "17.96",
        "200702": "15.08",
        "200703": "13.81",
        "200704": "13.68",
        "200705": "14.52",
        "200706": "14.04",
        "200707": "14.86",
        "200708": "12.49",
        "200709": "13.11",
        "200710": "13.54",
        "200711": "11.82",
        "200712": "8.38",
        "200801": "6.76",
        "200802": "6.89",
        "200803": "6.36",
        "200804": "6.08",
        "200805": "6.93",
        "200806": "7.00",
        "200807": "4.82",
        "200808": "5.43",
        "200809": "5.44",
        "200810": "3.85",
        "200811": "2.63",
        "200812": "2.15",
        "200901": "2.34",
        "200902": "2.21",
        "200903": "2.67",
        "200904": "3.47",
        "200905": "4.30",
        "200906": "4.19",
        "200907": "3.71",
        "200908": "3.80",
        "200909": "5.45",
        "200910": "5.60",
        "200911": "6.09",
        "200912": "8.90",
        "201001": "8.79",
        "201002": "7.79",
        "201003": "8.97",
        "201004": "9.62",
        "201005": "8.65",
        "201006": "8.25",
        "201007": "7.53",
        "201008": "6.61",
        "201009": "6.30",
        "201010": "7.10",
        "201011": "7.59",
        "201012": "8.01",
        "201101": "8.17",
        "201102": "8.65",
        "201103": "8.69",
        "201104": "8.49",
        "201105": "8.72",
        "201106": "7.40",
        "201107": "6.95",
        "201108": "6.43",
        "201109": "6.51",
        "201110": "4.94",
        "201111": "5.51",
        "201112": "5.36",
        "201201": "6.08",
        "201202": "7.25",
        "201203": "7.80",
        "201204": "7.70",
        "201205": "6.63",
        "201206": "5.74",
        "201207": "4.80",
        "201208": "4.04",
        "201209": "3.61",
        "201210": "2.72",
        "201211": "1.99",
        "201212": "2.40",
        "201301": "2.65",
        "201302": "2.62",
        "201303": "2.56",
        "201304": "2.51",
        "201305": "3.91",
        "201306": "4.01",
        "201307": "4.04",
        "201308": "3.63",
        "201309": "3.75",
        "201310": "3.64",
        "201311": "3.41",
        "201312": "3.70",
        "201401": "3.93",
        "201402": "3.61",
        "201403": "3.89",
        "201404": "3.98",
        "201405": "4.02",
        "201406": "4.15",
        "201407": "4.11",
        "201408": "4.14",
        "201409": "3.88",
        "201410": "2.88",
        "201411": "2.75",
        "201412": "2.61",
        "201501": "2.57",
        "201502": "3.04",
        "201503": "2.83",
        "201504": "2.55",
        "201505": "2.30",
        "201506": "2.41",
        "201507": "1.96",
        "201508": "1.88",
        "201509": "1.80",
        "201510": "1.99",
        "201511": "2.16",
        "201512": "2.55",
        "201601": "2.22",
        "201602": "1.97",
        "201603": "2.60",
        "201604": "3.00",
        "201605": "3.88",
        "201606": "4.73",
        "201607": "5.62",
        "201608": "6.99",
        "201609": "6.45",
        "201610": "6.89",
        "201611": "7.69",
        "201612": "10.58",
        "201701": "10.65",
        "201702": "13.50",
        "201703": "13.80",
        "201704": "13.30",
        "201705": "11.05",
        "201706": "12.47",
        "201707": "13.72",
        "201708": "12.69",
        "201709": "12.78",
        "201710": "13.28",
        "201711": "11.27",
        "201712": "10.37",
        "201801": "12.36",
        "201802": "11.97",
        "201803": "11.26",
        "201804": "10.08",
        "201805": "12.44",
        "201806": "15.62",
        "201807": "16.75",
        "201808": "21.05",
        "201809": "30.83",
        "201810": "24.71",
        "201811": "20.40",
        "201812": "19.24",
        "201901": "20.33",
        "201902": "23.60",
        "201903": "24.25",
        "201904": "27.87",
        "201905": "27.41",
        "201906": "30.44",
        "201907": "32.89",
        "201908": "30.84",
        "201909": "30.24",
        "201910": "30.69",
        "201911": "38.07",
        "201912": "42.32",
        "202001": "49.20",
        "202002": "51.38",
        "202003": "44.42",
        "202004": "52.06",
        "202005": "53.50",
        "202006": "53.49",
        "202007": "60.22",
        "202008": "83.42",
        "202009": "79.78",
        "202010": "82.21",
        "202011": "83.20",
        "202012": "93.20",
        "202101": "91.68",
        "202102": "88.68",
        "202103": "79.37",
        "202104": "81.84",
        "202105": "76.98",
        "202106": "83.33",
        "202107": "92.05",
        "202108": "108.79",
        "202109": "105.51",
        "202110": "112.38",
        "202111": "146.96",
        "202112": "143.49",
        "202201": "126.84",
        "202202": "119.63",
        "202203": "112.68",
        "202204": "95.80",
        "202205": "94.27",
        "202206": "90.85",
        "202207": "82.90",
        "202208": "96.37",
        "202209": "74.99",
        "202210": "60.32",
        "202211": "69.61",
        "202212": "68.09",
        "202301": "70.27",
        "202302": "82.07",
        "202303": "90.47",
        "202304": "90.81",
        "202305": "102.22",
        "202306": "117.79",
        "202307": "113.69",
        "202308": "108.82",
        "202309": "103.11",
        "202310": "102.56",
        "202311": "117.59",
        "202312": "134.97",
        "202401": "158.71",
        "202402": "174.36",
        "202403": "192.16",
        "202404": "無"
    },
    "quarters": {
        "20011": {
            "year_quarter": 20011,
            "year": 2001,
            "quarter": 1,
            "eps": 0.37,
            "eps_growth_year": -35.38,
            "eps_4q": 2.07,
            "eps_4q_growth_year": null,
            "roe": 3.46,
            "roe_4q": 3.46,
            "gross_profit": 473917,
            "gross_margin": 39.87,
            "gross_margin_4q_avg": 39.87,
            "net_income": 111654,
            "net_income_4q": null,
            "revenue": 1188747,
            "revenue_4q": null,
            "common_shares": 3160,
            "book_valuer_per_share": 10.37,
            "book_valuer_per_share_4q_avg": 10.37,
            "equity": 3276636,
            "current_ratio": 248,
            "debt_ratio": 45.66,
            "inventory_turnover_ratio": 2.05,
            "account_receivable_turnover_ratio": 2.07,
            "reinvestment_rate": 94.24,
            "research_to_sale_ratio": 13.27,
            "price_fair": 0,
            "eps_avg_yearly": 0,
            "eps_latest_yearly": 0,
            "eps_growth_yearly": 0
        },
        "20012": {
            "year_quarter": 20012,
            "year": 2001,
            "quarter": 2,
            "eps": 0.05,
            "eps_growth_year": -91.58,
            "eps_4q": 1.51,
            "eps_4q_growth_year": 44.09,
            "roe": 0.28,
            "roe_4q": 3.74,
            "gross_profit": 349065,
            "gross_margin": 35.43,
            "gross_margin_4q_avg": 37.65,
            "net_income": 10052,
            "net_income_4q": null,
            "revenue": 985264,
            "revenue_4q": null,
            "common_shares": 3464,
            "book_valuer_per_share": 11,
            "book_valuer_per_share_4q_avg": 10.69,
            "equity": 3800305,
            "current_ratio": 236.69,
            "debt_ratio": 34.83,
            "inventory_turnover_ratio": 1.68,
            "account_receivable_turnover_ratio": 1.48,
            "reinvestment_rate": 105.93,
            "research_to_sale_ratio": 17.37,
            "price_fair": 0,
            "eps_avg_yearly": 0,
            "eps_latest_yearly": 0,
            "eps_growth_yearly": 0
        },
        "20013": {
            "year_quarter": 20013,
            "year": 2001,
            "quarter": 3,
            "eps": -0.37,
            "eps_growth_year": -166.28,
            "eps_4q": 0.58,
            "eps_4q_growth_year": -70.79,
            "roe": -5,
            "roe_4q": -1.2599999999999998,
            "gross_profit": 171814,
            "gross_margin": 22.43,
            "gross_margin_4q_avg": 32.58,
            "net_income": -185742,
            "net_income_4q": null,
            "revenue": 765870,
            "revenue_4q": null,
            "common_shares": 3471,
            "book_valuer_per_share": 10.68,
            "book_valuer_per_share_4q_avg": 10.68,
            "equity": 3630788,
            "current_ratio": 204.66,
            "debt_ratio": 36.74,
            "inventory_turnover_ratio": 1.4,
            "account_receivable_turnover_ratio": 1.16,
            "reinvestment_rate": 130.74,
            "research_to_sale_ratio": 21.05,
            "price_fair": 0,
            "eps_avg_yearly": 0,
            "eps_latest_yearly": 0,
            "eps_growth_yearly": 0
        },
        "20014": {
            "year_quarter": 20014,
            "year": 2001,
            "quarter": 4,
            "eps": -0.05,
            "eps_growth_year": -108.81,
            "eps_4q": 0,
            "eps_4q_growth_year": -99.97,
            "roe": -0.43,
            "roe_4q": -1.6899999999999995,
            "gross_profit": 307211,
            "gross_margin": 32.27,
            "gross_margin_4q_avg": 32.5,
            "net_income": -15424,
            "net_income_4q": null,
            "revenue": 951873,
            "revenue_4q": null,
            "common_shares": 3405,
            "book_valuer_per_share": 10.44,
            "book_valuer_per_share_4q_avg": 10.62,
            "equity": 3555055,
            "current_ratio": 179.09,
            "debt_ratio": 37.05,
            "inventory_turnover_ratio": 1.55,
            "account_receivable_turnover_ratio": 1.53,
            "reinvestment_rate": 118.91,
            "research_to_sale_ratio": 16.9,
            "price_fair": 0,
            "eps_avg_yearly": 0,
            "eps_latest_yearly": 0,
            "eps_growth_yearly": 0
        },
        "20021": {
            "year_quarter": 20021,
            "year": 2002,
            "quarter": 1,
            "eps": -0.03,
            "eps_growth_year": -107.27,
            "eps_4q": -0.4,
            "eps_4q_growth_year": -119.16,
            "roe": -0.34,
            "roe_4q": -5.489999999999999,
            "gross_profit": 315199,
            "gross_margin": 34.94,
            "gross_margin_4q_avg": 31.27,
            "net_income": -12122,
            "net_income_4q": null,
            "revenue": 902073,
            "revenue_4q": null,
            "common_shares": 3414,
            "book_valuer_per_share": 10.47,
            "book_valuer_per_share_4q_avg": 10.65,
            "equity": 3509603,
            "current_ratio": 216.78,
            "debt_ratio": 41.16,
            "inventory_turnover_ratio": 1.55,
            "account_receivable_turnover_ratio": 1.33,
            "reinvestment_rate": 99.13,
            "research_to_sale_ratio": 19.05,
            "price_fair": 0,
            "eps_avg_yearly": 0,
            "eps_latest_yearly": 0,
            "eps_growth_yearly": 0
        },
        "20022": {
            "year_quarter": 20022,
            "year": 2002,
            "quarter": 2,
            "eps": -0.54,
            "eps_growth_year": -1161.81,
            "eps_4q": -0.99,
            "eps_4q_growth_year": -165.32,
            "roe": -5.19,
            "roe_4q": -10.96,
            "gross_profit": 42009,
            "gross_margin": 7,
            "gross_margin_4q_avg": 24.16,
            "net_income": -182239,
            "net_income_4q": null,
            "revenue": 600299,
            "revenue_4q": null,
            "common_shares": 3423,
            "book_valuer_per_share": 10.45,
            "book_valuer_per_share_4q_avg": 10.51,
            "equity": 3512408,
            "current_ratio": 197.81,
            "debt_ratio": 41.47,
            "inventory_turnover_ratio": 1.48,
            "account_receivable_turnover_ratio": 0.98,
            "reinvestment_rate": 112.24,
            "research_to_sale_ratio": 29.72,
            "price_fair": 0,
            "eps_avg_yearly": 0,
            "eps_latest_yearly": 0,
            "eps_growth_yearly": 0
        },
        "20023": {
            "year_quarter": 20023,
            "year": 2002,
            "quarter": 3,
            "eps": -0.74,
            "eps_growth_year": null,
            "eps_4q": -1.36,
            "eps_4q_growth_year": -335.58,
            "roe": -7.7,
            "roe_4q": -13.66,
            "gross_profit": 54343,
            "gross_margin": 10.69,
            "gross_margin_4q_avg": 21.23,
            "net_income": -260059,
            "net_income_4q": null,
            "revenue": 508227,
            "revenue_4q": null,
            "common_shares": 3435,
            "book_valuer_per_share": 9.44,
            "book_valuer_per_share_4q_avg": 10.2,
            "equity": 3241092,
            "current_ratio": 165.83,
            "debt_ratio": 43.45,
            "inventory_turnover_ratio": 1.13,
            "account_receivable_turnover_ratio": 1.05,
            "reinvestment_rate": 203.65,
            "research_to_sale_ratio": 43.48,
            "price_fair": 0,
            "eps_avg_yearly": 0,
            "eps_latest_yearly": 0,
            "eps_growth_yearly": 0
        },
        "20024": {
            "year_quarter": 20024,
            "year": 2002,
            "quarter": 4,
            "eps": -1.86,
            "eps_growth_year": null,
            "eps_4q": -3.17,
            "eps_4q_growth_year": -434324.66,
            "roe": -29.95,
            "roe_4q": -43.18,
            "gross_profit": 179817,
            "gross_margin": 26.2,
            "gross_margin_4q_avg": 19.71,
            "net_income": -854769,
            "net_income_4q": null,
            "revenue": 686430,
            "revenue_4q": null,
            "common_shares": 3445,
            "book_valuer_per_share": 7.16,
            "book_valuer_per_share_4q_avg": 9.38,
            "equity": 2467265,
            "current_ratio": 167.59,
            "debt_ratio": 56.79,
            "inventory_turnover_ratio": 1.19,
            "account_receivable_turnover_ratio": 1.67,
            "reinvestment_rate": -93.97,
            "research_to_sale_ratio": 35.67,
            "price_fair": 0,
            "eps_avg_yearly": 0,
            "eps_latest_yearly": 0,
            "eps_growth_yearly": 0
        },
        "20031": {
            "year_quarter": 20031,
            "year": 2003,
            "quarter": 1,
            "eps": -0.42,
            "eps_growth_year": null,
            "eps_4q": -3.56,
            "eps_4q_growth_year": null,
            "roe": -6.11,
            "roe_4q": -48.95,
            "gross_profit": 217963,
            "gross_margin": 30.5,
            "gross_margin_4q_avg": 18.6,
            "net_income": -147474,
            "net_income_4q": null,
            "revenue": 714555,
            "revenue_4q": null,
            "common_shares": 3457,
            "book_valuer_per_share": 6.83,
            "book_valuer_per_share_4q_avg": 8.47,
            "equity": 2361884,
            "current_ratio": 141.35,
            "debt_ratio": 56.25,
            "inventory_turnover_ratio": 1.14,
            "account_receivable_turnover_ratio": 1.86,
            "reinvestment_rate": -103.84,
            "research_to_sale_ratio": 28.42,
            "price_fair": 0,
            "eps_avg_yearly": 0,
            "eps_latest_yearly": 0,
            "eps_growth_yearly": 0
        },
        "20032": {
            "year_quarter": 20032,
            "year": 2003,
            "quarter": 2,
            "eps": -0.4,
            "eps_growth_year": null,
            "eps_4q": -3.43,
            "eps_4q_growth_year": null,
            "roe": -6.24,
            "roe_4q": -50,
            "gross_profit": 220176,
            "gross_margin": 34.12,
            "gross_margin_4q_avg": 25.38,
            "net_income": -144891,
            "net_income_4q": null,
            "revenue": 645261,
            "revenue_4q": null,
            "common_shares": 3469,
            "book_valuer_per_share": 6.58,
            "book_valuer_per_share_4q_avg": 7.5,
            "equity": 2283280,
            "current_ratio": 161.19,
            "debt_ratio": 56.87,
            "inventory_turnover_ratio": 0.94,
            "account_receivable_turnover_ratio": 1.78,
            "reinvestment_rate": -60.72,
            "research_to_sale_ratio": 32.31,
            "price_fair": 0,
            "eps_avg_yearly": 0,
            "eps_latest_yearly": 0,
            "eps_growth_yearly": 0
        },
        "20033": {
            "year_quarter": 20033,
            "year": 2003,
            "quarter": 3,
            "eps": -0.11,
            "eps_growth_year": null,
            "eps_4q": -2.8,
            "eps_4q_growth_year": null,
            "roe": -2.48,
            "roe_4q": -44.78,
            "gross_profit": 326879,
            "gross_margin": 34.27,
            "gross_margin_4q_avg": 31.27,
            "net_income": -56584,
            "net_income_4q": null,
            "revenue": 953759,
            "revenue_4q": null,
            "common_shares": 3478,
            "book_valuer_per_share": 6.56,
            "book_valuer_per_share_4q_avg": 6.78,
            "equity": 2282784,
            "current_ratio": 198.42,
            "debt_ratio": 65.75,
            "inventory_turnover_ratio": 1.08,
            "account_receivable_turnover_ratio": 2.13,
            "reinvestment_rate": -144.2,
            "research_to_sale_ratio": 22.44,
            "price_fair": 0,
            "eps_avg_yearly": 0,
            "eps_latest_yearly": 0,
            "eps_growth_yearly": 0
        },
        "20034": {
            "year_quarter": 20034,
            "year": 2003,
            "quarter": 4,
            "eps": 0.1,
            "eps_growth_year": null,
            "eps_4q": -0.84,
            "eps_4q_growth_year": null,
            "roe": 1.01,
            "roe_4q": -13.82,
            "gross_profit": 427087,
            "gross_margin": 35.43,
            "gross_margin_4q_avg": 33.58,
            "net_income": 23785,
            "net_income_4q": null,
            "revenue": 1205593,
            "revenue_4q": null,
            "common_shares": 3502,
            "book_valuer_per_share": 6.96,
            "book_valuer_per_share_4q_avg": 6.73,
            "equity": 2438310,
            "current_ratio": 202.86,
            "debt_ratio": 65.41,
            "inventory_turnover_ratio": 1.12,
            "account_receivable_turnover_ratio": 2.18,
            "reinvestment_rate": -144.95,
            "research_to_sale_ratio": 18.79,
            "price_fair": 0,
            "eps_avg_yearly": 0,
            "eps_latest_yearly": 0,
            "eps_growth_yearly": 0
        },
        "20041": {
            "year_quarter": 20041,
            "year": 2004,
            "quarter": 1,
            "eps": 0.12,
            "eps_growth_year": null,
            "eps_4q": -0.3,
            "eps_4q_growth_year": null,
            "roe": 1.63,
            "roe_4q": -6.08,
            "gross_profit": 467593,
            "gross_margin": 37.82,
            "gross_margin_4q_avg": 35.41,
            "net_income": 39740,
            "net_income_4q": null,
            "revenue": 1236433,
            "revenue_4q": null,
            "common_shares": 3522,
            "book_valuer_per_share": 6.96,
            "book_valuer_per_share_4q_avg": 6.77,
            "equity": 2450522,
            "current_ratio": 199.03,
            "debt_ratio": 65.01,
            "inventory_turnover_ratio": 1.11,
            "account_receivable_turnover_ratio": 2,
            "reinvestment_rate": -107.42,
            "research_to_sale_ratio": 18.29,
            "price_fair": 16.8,
            "eps_avg_yearly": 0.48,
            "eps_latest_yearly": 0.48,
            "eps_growth_yearly": 80
        },
        "20042": {
            "year_quarter": 20042,
            "year": 2004,
            "quarter": 2,
            "eps": 0.09,
            "eps_growth_year": null,
            "eps_4q": 0.2,
            "eps_4q_growth_year": null,
            "roe": 1.56,
            "roe_4q": 1.7200000000000002,
            "gross_profit": 478768,
            "gross_margin": 37.94,
            "gross_margin_4q_avg": 36.37,
            "net_income": 38707,
            "net_income_4q": null,
            "revenue": 1261837,
            "revenue_4q": null,
            "common_shares": 3543,
            "book_valuer_per_share": 7.11,
            "book_valuer_per_share_4q_avg": 6.9,
            "equity": 2519846,
            "current_ratio": 190.39,
            "debt_ratio": 64.05,
            "inventory_turnover_ratio": 1.1,
            "account_receivable_turnover_ratio": 1.78,
            "reinvestment_rate": -94.37,
            "research_to_sale_ratio": 17.82,
            "price_fair": 1.26,
            "eps_avg_yearly": 0.42,
            "eps_latest_yearly": 0.36,
            "eps_growth_yearly": -10
        },
        "20043": {
            "year_quarter": 20043,
            "year": 2004,
            "quarter": 3,
            "eps": 0.12,
            "eps_growth_year": null,
            "eps_4q": 0.42,
            "eps_4q_growth_year": null,
            "roe": 1.6,
            "roe_4q": 5.8,
            "gross_profit": 501433,
            "gross_margin": 40.46,
            "gross_margin_4q_avg": 37.91,
            "net_income": 40840,
            "net_income_4q": null,
            "revenue": 1239459,
            "revenue_4q": null,
            "common_shares": 3556,
            "book_valuer_per_share": 7.23,
            "book_valuer_per_share_4q_avg": 7.07,
            "equity": 2571442,
            "current_ratio": 192.64,
            "debt_ratio": 64.69,
            "inventory_turnover_ratio": 0.96,
            "account_receivable_turnover_ratio": 1.61,
            "reinvestment_rate": -66.62,
            "research_to_sale_ratio": 18.63,
            "price_fair": 15.4,
            "eps_avg_yearly": 0.44,
            "eps_latest_yearly": 0.48,
            "eps_growth_yearly": 37.78
        },
        "20044": {
            "year_quarter": 20044,
            "year": 2004,
            "quarter": 4,
            "eps": -0.07,
            "eps_growth_year": -177.47,
            "eps_4q": 0.25,
            "eps_4q_growth_year": null,
            "roe": -1.68,
            "roe_4q": 3.1100000000000003,
            "gross_profit": 521056,
            "gross_margin": 41.23,
            "gross_margin_4q_avg": 39.36,
            "net_income": -46794,
            "net_income_4q": null,
            "revenue": 1263706,
            "revenue_4q": null,
            "common_shares": 3917,
            "book_valuer_per_share": 7.68,
            "book_valuer_per_share_4q_avg": 7.25,
            "equity": 3010053,
            "current_ratio": 174.83,
            "debt_ratio": 61.63,
            "inventory_turnover_ratio": 0.88,
            "account_receivable_turnover_ratio": 1.67,
            "reinvestment_rate": -77.43,
            "research_to_sale_ratio": 20,
            "price_fair": 15.4,
            "eps_avg_yearly": 0.44,
            "eps_latest_yearly": 0.48,
            "eps_growth_yearly": 37.78
        },
        "20051": {
            "year_quarter": 20051,
            "year": 2005,
            "quarter": 1,
            "eps": -0.04,
            "eps_growth_year": -137.28,
            "eps_4q": 0.09,
            "eps_4q_growth_year": null,
            "roe": -2.16,
            "roe_4q": -0.6799999999999997,
            "gross_profit": 419179,
            "gross_margin": 34.17,
            "gross_margin_4q_avg": 38.45,
            "net_income": -64276,
            "net_income_4q": null,
            "revenue": 1226628,
            "revenue_4q": null,
            "common_shares": 3947,
            "book_valuer_per_share": 7.44,
            "book_valuer_per_share_4q_avg": 7.37,
            "equity": 2934697,
            "current_ratio": 164.3,
            "debt_ratio": 62.48,
            "inventory_turnover_ratio": 0.94,
            "account_receivable_turnover_ratio": 1.73,
            "reinvestment_rate": -65.92,
            "research_to_sale_ratio": 20.64,
            "price_fair": 15.4,
            "eps_avg_yearly": 0.44,
            "eps_latest_yearly": 0.48,
            "eps_growth_yearly": 37.78
        },
        "20052": {
            "year_quarter": 20052,
            "year": 2005,
            "quarter": 2,
            "eps": 0.03,
            "eps_growth_year": -69.87,
            "eps_4q": 0.02,
            "eps_4q_growth_year": -87.36,
            "roe": -0.92,
            "roe_4q": -3.1599999999999997,
            "gross_profit": 493964,
            "gross_margin": 39.21,
            "gross_margin_4q_avg": 38.77,
            "net_income": -26586,
            "net_income_4q": null,
            "revenue": 1259918,
            "revenue_4q": null,
            "common_shares": 3963,
            "book_valuer_per_share": 7.18,
            "book_valuer_per_share_4q_avg": 7.38,
            "equity": 2846609,
            "current_ratio": 162.59,
            "debt_ratio": 63.38,
            "inventory_turnover_ratio": 0.87,
            "account_receivable_turnover_ratio": 1.76,
            "reinvestment_rate": -51.64,
            "research_to_sale_ratio": 21.64,
            "price_fair": 15.4,
            "eps_avg_yearly": 0.44,
            "eps_latest_yearly": 0.48,
            "eps_growth_yearly": 37.78
        },
        "20053": {
            "year_quarter": 20053,
            "year": 2005,
            "quarter": 3,
            "eps": 0.18,
            "eps_growth_year": 52.31,
            "eps_4q": 0.09,
            "eps_4q_growth_year": -79.89,
            "roe": 1.88,
            "roe_4q": -2.88,
            "gross_profit": 626494,
            "gross_margin": 41.14,
            "gross_margin_4q_avg": 38.94,
            "net_income": 54773,
            "net_income_4q": null,
            "revenue": 1522755,
            "revenue_4q": null,
            "common_shares": 4020,
            "book_valuer_per_share": 7.4,
            "book_valuer_per_share_4q_avg": 7.43,
            "equity": 2974245,
            "current_ratio": 156.5,
            "debt_ratio": 63.55,
            "inventory_turnover_ratio": 0.97,
            "account_receivable_turnover_ratio": 1.9,
            "reinvestment_rate": -68.36,
            "research_to_sale_ratio": 18.98,
            "price_fair": 17.85,
            "eps_avg_yearly": 0.51,
            "eps_latest_yearly": 0.72,
            "eps_growth_yearly": 528.33
        },
        "20054": {
            "year_quarter": 20054,
            "year": 2005,
            "quarter": 4,
            "eps": 0.21,
            "eps_growth_year": null,
            "eps_4q": 0.37,
            "eps_4q_growth_year": 47,
            "roe": 2.42,
            "roe_4q": 1.2199999999999998,
            "gross_profit": 852128,
            "gross_margin": 46.35,
            "gross_margin_4q_avg": 40.22,
            "net_income": 76422,
            "net_income_4q": null,
            "revenue": 1838276,
            "revenue_4q": null,
            "common_shares": 4000,
            "book_valuer_per_share": 7.69,
            "book_valuer_per_share_4q_avg": 7.43,
            "equity": 3352000,
            "current_ratio": 195.33,
            "debt_ratio": 54.01,
            "inventory_turnover_ratio": 1.49,
            "account_receivable_turnover_ratio": 2.02,
            "reinvestment_rate": -17.51,
            "research_to_sale_ratio": 17.91,
            "price_fair": 20.16,
            "eps_avg_yearly": 0.58,
            "eps_latest_yearly": 0.84,
            "eps_growth_yearly": 436
        },
        "20061": {
            "year_quarter": 20061,
            "year": 2006,
            "quarter": 1,
            "eps": 0.38,
            "eps_growth_year": null,
            "eps_4q": 0.79,
            "eps_4q_growth_year": 786.95,
            "roe": 4.74,
            "roe_4q": 8.12,
            "gross_profit": 778818,
            "gross_margin": 58.46,
            "gross_margin_4q_avg": 46.29,
            "net_income": 190871,
            "net_income_4q": null,
            "revenue": 1332158,
            "revenue_4q": null,
            "common_shares": 4832,
            "book_valuer_per_share": 9.74,
            "book_valuer_per_share_4q_avg": 8,
            "equity": 4709921,
            "current_ratio": 216.41,
            "debt_ratio": 41.51,
            "inventory_turnover_ratio": 1.52,
            "account_receivable_turnover_ratio": 1.47,
            "reinvestment_rate": -17.47,
            "research_to_sale_ratio": 19.83,
            "price_fair": 25.67,
            "eps_avg_yearly": 0.73,
            "eps_latest_yearly": 1.52,
            "eps_growth_yearly": 417.3
        },
        "20062": {
            "year_quarter": 20062,
            "year": 2006,
            "quarter": 2,
            "eps": 0.18,
            "eps_growth_year": 536.67,
            "eps_4q": 0.94,
            "eps_4q_growth_year": 3722.76,
            "roe": 2.01,
            "roe_4q": 11.05,
            "gross_profit": 690308,
            "gross_margin": 56.75,
            "gross_margin_4q_avg": 50.68,
            "net_income": 96030,
            "net_income_4q": null,
            "revenue": 1216367,
            "revenue_4q": null,
            "common_shares": 4856,
            "book_valuer_per_share": 9.99,
            "book_valuer_per_share_4q_avg": 8.71,
            "equity": 4852590,
            "current_ratio": 222.6,
            "debt_ratio": 39.81,
            "inventory_turnover_ratio": 1.42,
            "account_receivable_turnover_ratio": 1.68,
            "reinvestment_rate": -44.92,
            "research_to_sale_ratio": 22.91,
            "price_fair": 25.6,
            "eps_avg_yearly": 0.73,
            "eps_latest_yearly": 0.72,
            "eps_growth_yearly": 327.61
        },
        "20063": {
            "year_quarter": 20063,
            "year": 2006,
            "quarter": 3,
            "eps": 0.27,
            "eps_growth_year": 53.44,
            "eps_4q": 1.04,
            "eps_4q_growth_year": 1116.21,
            "roe": 2.87,
            "roe_4q": 12.040000000000001,
            "gross_profit": 682358,
            "gross_margin": 51.4,
            "gross_margin_4q_avg": 53.24,
            "net_income": 141396,
            "net_income_4q": null,
            "revenue": 1327622,
            "revenue_4q": null,
            "common_shares": 4871,
            "book_valuer_per_share": 10.29,
            "book_valuer_per_share_4q_avg": 9.43,
            "equity": 5012495,
            "current_ratio": 206.73,
            "debt_ratio": 40.18,
            "inventory_turnover_ratio": 1.48,
            "account_receivable_turnover_ratio": 2.04,
            "reinvestment_rate": -100.55,
            "research_to_sale_ratio": 20.89,
            "price_fair": 27.13,
            "eps_avg_yearly": 0.78,
            "eps_latest_yearly": 1.08,
            "eps_growth_yearly": 311.66
        },
        "20064": {
            "year_quarter": 20064,
            "year": 2006,
            "quarter": 4,
            "eps": -1.08,
            "eps_growth_year": -609.39,
            "eps_4q": -0.25,
            "eps_4q_growth_year": -167.67,
            "roe": -10.49,
            "roe_4q": -0.8700000000000001,
            "gross_profit": 641516,
            "gross_margin": 36.19,
            "gross_margin_4q_avg": 50.7,
            "net_income": -566297,
            "net_income_4q": null,
            "revenue": 1772853,
            "revenue_4q": null,
            "common_shares": 5000,
            "book_valuer_per_share": 2.49,
            "book_valuer_per_share_4q_avg": 8.13,
            "equity": 5785000,
            "current_ratio": 136.42,
            "debt_ratio": 56,
            "inventory_turnover_ratio": 1.77,
            "account_receivable_turnover_ratio": 1.91,
            "reinvestment_rate": -207.91,
            "research_to_sale_ratio": 45.17,
            "price_fair": 27.13,
            "eps_avg_yearly": 0.78,
            "eps_latest_yearly": 1.08,
            "eps_growth_yearly": 311.66
        },
        "20071": {
            "year_quarter": 20071,
            "year": 2007,
            "quarter": 1,
            "eps": -1,
            "eps_growth_year": -366.25,
            "eps_4q": -1.63,
            "eps_4q_growth_year": -305.89,
            "roe": -10.01,
            "roe_4q": -15.62,
            "gross_profit": 315000,
            "gross_margin": 27.88,
            "gross_margin_4q_avg": 43.06,
            "net_income": -550000,
            "net_income_4q": null,
            "revenue": 1130000,
            "revenue_4q": null,
            "common_shares": 6000,
            "book_valuer_per_share": 1.61,
            "book_valuer_per_share_4q_avg": 6.1,
            "equity": 5205000,
            "current_ratio": 109.48,
            "debt_ratio": 59.05,
            "inventory_turnover_ratio": 0.93,
            "account_receivable_turnover_ratio": 1.23,
            "reinvestment_rate": -160.47,
            "research_to_sale_ratio": 34.69,
            "price_fair": 27.13,
            "eps_avg_yearly": 0.78,
            "eps_latest_yearly": 1.08,
            "eps_growth_yearly": 311.66
        },
        "20072": {
            "year_quarter": 20072,
            "year": 2007,
            "quarter": 2,
            "eps": -0.96,
            "eps_growth_year": -641.55,
            "eps_4q": -2.77,
            "eps_4q_growth_year": -394.11,
            "roe": -10.97,
            "roe_4q": -28.599999999999998,
            "gross_profit": 439000,
            "gross_margin": 33.54,
            "gross_margin_4q_avg": 37.25,
            "net_income": -531000,
            "net_income_4q": null,
            "revenue": 1309000,
            "revenue_4q": null,
            "common_shares": 6000,
            "book_valuer_per_share": 0.41,
            "book_valuer_per_share_4q_avg": 3.7,
            "equity": 4472000,
            "current_ratio": 145.32,
            "debt_ratio": 66.18,
            "inventory_turnover_ratio": 0.95,
            "account_receivable_turnover_ratio": 1.95,
            "reinvestment_rate": -84.06,
            "research_to_sale_ratio": 33.46,
            "price_fair": 27.13,
            "eps_avg_yearly": 0.78,
            "eps_latest_yearly": 1.08,
            "eps_growth_yearly": 311.66
        },
        "20073": {
            "year_quarter": 20073,
            "year": 2007,
            "quarter": 3,
            "eps": -0.62,
            "eps_growth_year": -329.42,
            "eps_4q": -3.66,
            "eps_4q_growth_year": -453.38,
            "roe": -8,
            "roe_4q": -39.47,
            "gross_profit": 635000,
            "gross_margin": 40.76,
            "gross_margin_4q_avg": 34.59,
            "net_income": -344000,
            "net_income_4q": null,
            "revenue": 1558000,
            "revenue_4q": null,
            "common_shares": 6000,
            "book_valuer_per_share": -0.06,
            "book_valuer_per_share_4q_avg": 1.11,
            "equity": 4125000,
            "current_ratio": 131.13,
            "debt_ratio": 68.11,
            "inventory_turnover_ratio": 1.07,
            "account_receivable_turnover_ratio": 2.31,
            "reinvestment_rate": -56.13,
            "research_to_sale_ratio": 27.66,
            "price_fair": 27.13,
            "eps_avg_yearly": 0.78,
            "eps_latest_yearly": 1.08,
            "eps_growth_yearly": 311.66
        },
        "20074": {
            "year_quarter": 20074,
            "year": 2007,
            "quarter": 4,
            "eps": -0.97,
            "eps_growth_year": null,
            "eps_4q": -3.56,
            "eps_4q_growth_year": null,
            "roe": -36.49,
            "roe_4q": -65.47,
            "gross_profit": 769000,
            "gross_margin": 44.27,
            "gross_margin_4q_avg": 36.61,
            "net_income": -1298000,
            "net_income_4q": null,
            "revenue": 1737000,
            "revenue_4q": null,
            "common_shares": 6000,
            "book_valuer_per_share": 2.04,
            "book_valuer_per_share_4q_avg": 1,
            "equity": 2990000,
            "current_ratio": 173.83,
            "debt_ratio": 74.11,
            "inventory_turnover_ratio": 1.17,
            "account_receivable_turnover_ratio": 2.63,
            "reinvestment_rate": -34.4,
            "research_to_sale_ratio": 26.19,
            "price_fair": 27.13,
            "eps_avg_yearly": 0.78,
            "eps_latest_yearly": 1.08,
            "eps_growth_yearly": 311.66
        },
        "20081": {
            "year_quarter": 20081,
            "year": 2008,
            "quarter": 1,
            "eps": -0.55,
            "eps_growth_year": null,
            "eps_4q": -3.11,
            "eps_4q_growth_year": null,
            "roe": -11.41,
            "roe_4q": -66.87,
            "gross_profit": 621000,
            "gross_margin": 41.76,
            "gross_margin_4q_avg": 40.08,
            "net_income": -321000,
            "net_income_4q": null,
            "revenue": 1487000,
            "revenue_4q": null,
            "common_shares": 6000,
            "book_valuer_per_share": 0.32,
            "book_valuer_per_share_4q_avg": 0.68,
            "equity": 2637000,
            "current_ratio": 128.31,
            "debt_ratio": 76.47,
            "inventory_turnover_ratio": 1.09,
            "account_receivable_turnover_ratio": 2.52,
            "reinvestment_rate": -30.33,
            "research_to_sale_ratio": 32.15,
            "price_fair": 28.6,
            "eps_avg_yearly": 0.82,
            "eps_latest_yearly": 1.08,
            "eps_growth_yearly": 344.75
        },
        "20082": {
            "year_quarter": 20082,
            "year": 2008,
            "quarter": 2,
            "eps": -0.76,
            "eps_growth_year": null,
            "eps_4q": -2.9,
            "eps_4q_growth_year": null,
            "roe": -33.76,
            "roe_4q": -89.66,
            "gross_profit": 511000,
            "gross_margin": 37.52,
            "gross_margin_4q_avg": 41.08,
            "net_income": -694000,
            "net_income_4q": null,
            "revenue": 1362000,
            "revenue_4q": null,
            "common_shares": 6000,
            "book_valuer_per_share": 0.45,
            "book_valuer_per_share_4q_avg": 0.69,
            "equity": 1474000,
            "current_ratio": 139.02,
            "debt_ratio": 84.93,
            "inventory_turnover_ratio": 1.08,
            "account_receivable_turnover_ratio": 2.79,
            "reinvestment_rate": -18.31,
            "research_to_sale_ratio": 34.29,
            "price_fair": 31.27,
            "eps_avg_yearly": 0.89,
            "eps_latest_yearly": 1.08,
            "eps_growth_yearly": 418.88
        },
        "20083": {
            "year_quarter": 20083,
            "year": 2008,
            "quarter": 3,
            "eps": 0.04,
            "eps_growth_year": null,
            "eps_4q": -2.24,
            "eps_4q_growth_year": null,
            "roe": 1.64,
            "roe_4q": -80.02000000000001,
            "gross_profit": 916000,
            "gross_margin": 50.97,
            "gross_margin_4q_avg": 43.63,
            "net_income": 23000,
            "net_income_4q": null,
            "revenue": 1797000,
            "revenue_4q": null,
            "common_shares": 6000,
            "book_valuer_per_share": 0.28,
            "book_valuer_per_share_4q_avg": 0.77,
            "equity": 1339000,
            "current_ratio": 137.83,
            "debt_ratio": 85.82,
            "inventory_turnover_ratio": 1.08,
            "account_receivable_turnover_ratio": 3.4,
            "reinvestment_rate": -5.22,
            "research_to_sale_ratio": 24.37,
            "price_fair": 34.16,
            "eps_avg_yearly": 0.98,
            "eps_latest_yearly": 1.08,
            "eps_growth_yearly": 475.99
        },
        "20084": {
            "year_quarter": 20084,
            "year": 2008,
            "quarter": 4,
            "eps": -1.56,
            "eps_growth_year": null,
            "eps_4q": -2.83,
            "eps_4q_growth_year": null,
            "roe": -193.72,
            "roe_4q": -237.25,
            "gross_profit": 272000,
            "gross_margin": 23.41,
            "gross_margin_4q_avg": 38.42,
            "net_income": -1420000,
            "net_income_4q": null,
            "revenue": 1162000,
            "revenue_4q": null,
            "common_shares": 6000,
            "book_valuer_per_share": -0.6,
            "book_valuer_per_share_4q_avg": 0.11,
            "equity": 127000,
            "current_ratio": 106.87,
            "debt_ratio": 98.34,
            "inventory_turnover_ratio": 1.19,
            "account_receivable_turnover_ratio": 2.47,
            "reinvestment_rate": 0.39,
            "research_to_sale_ratio": 40.02,
            "price_fair": 34.16,
            "eps_avg_yearly": 0.98,
            "eps_latest_yearly": 1.08,
            "eps_growth_yearly": 475.99
        },
        "20091": {
            "year_quarter": 20091,
            "year": 2009,
            "quarter": 1,
            "eps": -0.6,
            "eps_growth_year": null,
            "eps_4q": -2.89,
            "eps_4q_growth_year": null,
            "roe": 2300,
            "roe_4q": 2074.16,
            "gross_profit": 511000,
            "gross_margin": 43.42,
            "gross_margin_4q_avg": 38.83,
            "net_income": -414000,
            "net_income_4q": null,
            "revenue": 1177000,
            "revenue_4q": null,
            "common_shares": 7000,
            "book_valuer_per_share": -0.95,
            "book_valuer_per_share_4q_avg": -0.21,
            "equity": -163000,
            "current_ratio": 191.01,
            "debt_ratio": 101.8,
            "inventory_turnover_ratio": 1.11,
            "account_receivable_turnover_ratio": 3.21,
            "reinvestment_rate": 0.15,
            "research_to_sale_ratio": 37.72,
            "price_fair": 34.16,
            "eps_avg_yearly": 0.98,
            "eps_latest_yearly": 1.08,
            "eps_growth_yearly": 475.99
        },
        "20092": {
            "year_quarter": 20092,
            "year": 2009,
            "quarter": 2,
            "eps": -0.49,
            "eps_growth_year": null,
            "eps_4q": -2.62,
            "eps_4q_growth_year": null,
            "roe": 106.69,
            "roe_4q": 2214.61,
            "gross_profit": 441000,
            "gross_margin": 37.25,
            "gross_margin_4q_avg": 38.76,
            "net_income": -335000,
            "net_income_4q": null,
            "revenue": 1184000,
            "revenue_4q": null,
            "common_shares": 7000,
            "book_valuer_per_share": -1.38,
            "book_valuer_per_share_4q_avg": -0.66,
            "equity": -465000,
            "current_ratio": 183.63,
            "debt_ratio": 105.36,
            "inventory_turnover_ratio": 1.44,
            "account_receivable_turnover_ratio": 3.04,
            "reinvestment_rate": 4.73,
            "research_to_sale_ratio": 35.9,
            "price_fair": 34.16,
            "eps_avg_yearly": 0.98,
            "eps_latest_yearly": 1.08,
            "eps_growth_yearly": 475.99
        },
        "20093": {
            "year_quarter": 20093,
            "year": 2009,
            "quarter": 3,
            "eps": -0.18,
            "eps_growth_year": -574.5,
            "eps_4q": -2.84,
            "eps_4q_growth_year": null,
            "roe": 26.11,
            "roe_4q": 2239.0800000000004,
            "gross_profit": 585000,
            "gross_margin": 41.91,
            "gross_margin_4q_avg": 36.5,
            "net_income": -135000,
            "net_income_4q": null,
            "revenue": 1396000,
            "revenue_4q": null,
            "common_shares": 7000,
            "book_valuer_per_share": -1.5,
            "book_valuer_per_share_4q_avg": -1.11,
            "equity": -569000,
            "current_ratio": 188.73,
            "debt_ratio": 106.51,
            "inventory_turnover_ratio": 1.61,
            "account_receivable_turnover_ratio": 2.98,
            "reinvestment_rate": -7.76,
            "research_to_sale_ratio": 30.09,
            "price_fair": 36.4,
            "eps_avg_yearly": 1.04,
            "eps_latest_yearly": 1.08,
            "eps_growth_yearly": 94.99
        },
        "20094": {
            "year_quarter": 20094,
            "year": 2009,
            "quarter": 4,
            "eps": 0.47,
            "eps_growth_year": null,
            "eps_4q": -0.8,
            "eps_4q_growth_year": null,
            "roe": 2987.34,
            "roe_4q": 5420.14,
            "gross_profit": 735000,
            "gross_margin": 44.65,
            "gross_margin_4q_avg": 41.81,
            "net_income": 1180000,
            "net_income_4q": null,
            "revenue": 1646000,
            "revenue_4q": null,
            "common_shares": 7000,
            "book_valuer_per_share": 0.34,
            "book_valuer_per_share_4q_avg": -0.87,
            "equity": 648000,
            "current_ratio": 193.44,
            "debt_ratio": 92.86,
            "inventory_turnover_ratio": 1.68,
            "account_receivable_turnover_ratio": 2.5,
            "reinvestment_rate": -4.68,
            "research_to_sale_ratio": 26.25,
            "price_fair": 38.73,
            "eps_avg_yearly": 1.11,
            "eps_latest_yearly": 1.08,
            "eps_growth_yearly": 104.43
        },
        "20101": {
            "year_quarter": 20101,
            "year": 2010,
            "quarter": 1,
            "eps": -0.08,
            "eps_growth_year": null,
            "eps_4q": -0.28,
            "eps_4q_growth_year": null,
            "roe": 60.94,
            "roe_4q": 3181.0800000000004,
            "gross_profit": 741000,
            "gross_margin": 47.08,
            "gross_margin_4q_avg": 42.72,
            "net_income": 440000,
            "net_income_4q": null,
            "revenue": 1574000,
            "revenue_4q": null,
            "common_shares": 7000,
            "book_valuer_per_share": 0.58,
            "book_valuer_per_share_4q_avg": -0.49,
            "equity": 796000,
            "current_ratio": 202.49,
            "debt_ratio": 84.79,
            "inventory_turnover_ratio": 1.46,
            "account_receivable_turnover_ratio": 2.22,
            "reinvestment_rate": 58.68,
            "research_to_sale_ratio": 20.52,
            "price_fair": 2.7,
            "eps_avg_yearly": 0.9,
            "eps_latest_yearly": 1.08,
            "eps_growth_yearly": -5.26
        },
        "20102": {
            "year_quarter": 20102,
            "year": 2010,
            "quarter": 2,
            "eps": -0.06,
            "eps_growth_year": null,
            "eps_4q": 0.15,
            "eps_4q_growth_year": null,
            "roe": 9.95,
            "roe_4q": 3084.34,
            "gross_profit": 738000,
            "gross_margin": 44.65,
            "gross_margin_4q_avg": 44.57,
            "net_income": 77000,
            "net_income_4q": null,
            "revenue": 1653000,
            "revenue_4q": null,
            "common_shares": 7000,
            "book_valuer_per_share": 0.54,
            "book_valuer_per_share_4q_avg": -0.01,
            "equity": 752000,
            "current_ratio": 203.25,
            "debt_ratio": 84.82,
            "inventory_turnover_ratio": 1.58,
            "account_receivable_turnover_ratio": 2.36,
            "reinvestment_rate": 66.33,
            "research_to_sale_ratio": 22.44,
            "price_fair": 37.8,
            "eps_avg_yearly": 1.08,
            "eps_latest_yearly": 1.08,
            "eps_growth_yearly": 200
        },
        "20103": {
            "year_quarter": 20103,
            "year": 2010,
            "quarter": 3,
            "eps": -0.13,
            "eps_growth_year": null,
            "eps_4q": 0.19,
            "eps_4q_growth_year": null,
            "roe": 9.96,
            "roe_4q": 3068.19,
            "gross_profit": 739000,
            "gross_margin": 45.67,
            "gross_margin_4q_avg": 45.51,
            "net_income": 68000,
            "net_income_4q": null,
            "revenue": 1618000,
            "revenue_4q": null,
            "common_shares": 7000,
            "book_valuer_per_share": 0.36,
            "book_valuer_per_share_4q_avg": 0.46,
            "equity": 614000,
            "current_ratio": 192.91,
            "debt_ratio": 86.64,
            "inventory_turnover_ratio": 1.46,
            "account_receivable_turnover_ratio": 2.17,
            "reinvestment_rate": 74.75,
            "research_to_sale_ratio": 22.19,
            "price_fair": 0,
            "eps_avg_yearly": 0,
            "eps_latest_yearly": 0,
            "eps_growth_yearly": 0
        },
        "20104": {
            "year_quarter": 20104,
            "year": 2010,
            "quarter": 4,
            "eps": 0.16,
            "eps_growth_year": -65.8,
            "eps_4q": -0.12,
            "eps_4q_growth_year": null,
            "roe": 42.78,
            "roe_4q": 123.63,
            "gross_profit": 743000,
            "gross_margin": 45.06,
            "gross_margin_4q_avg": 45.62,
            "net_income": 348000,
            "net_income_4q": null,
            "revenue": 1649000,
            "revenue_4q": null,
            "common_shares": 7000,
            "book_valuer_per_share": 0.96,
            "book_valuer_per_share_4q_avg": 0.61,
            "equity": 1013000,
            "current_ratio": 214.7,
            "debt_ratio": 79.59,
            "inventory_turnover_ratio": 1.44,
            "account_receivable_turnover_ratio": 1.9,
            "reinvestment_rate": 102.38,
            "research_to_sale_ratio": 21.35,
            "price_fair": 0,
            "eps_avg_yearly": 0,
            "eps_latest_yearly": 0,
            "eps_growth_yearly": 0
        },
        "20111": {
            "year_quarter": 20111,
            "year": 2011,
            "quarter": 1,
            "eps": 0.68,
            "eps_growth_year": null,
            "eps_4q": 0.65,
            "eps_4q_growth_year": null,
            "roe": 1.4,
            "roe_4q": 64.09,
            "gross_profit": 691000,
            "gross_margin": 42.84,
            "gross_margin_4q_avg": 44.56,
            "net_income": 18000,
            "net_income_4q": null,
            "revenue": 1613000,
            "revenue_4q": null,
            "common_shares": 7000,
            "book_valuer_per_share": 1.76,
            "book_valuer_per_share_4q_avg": 0.91,
            "equity": 1558000,
            "current_ratio": 248.07,
            "debt_ratio": 70.09,
            "inventory_turnover_ratio": 1.44,
            "account_receivable_turnover_ratio": 1.83,
            "reinvestment_rate": 110.36,
            "research_to_sale_ratio": 22.75,
            "price_fair": 95.2,
            "eps_avg_yearly": 2.72,
            "eps_latest_yearly": 2.72,
            "eps_growth_yearly": 1300
        },
        "20112": {
            "year_quarter": 20112,
            "year": 2011,
            "quarter": 2,
            "eps": 0.08,
            "eps_growth_year": null,
            "eps_4q": 0.79,
            "eps_4q_growth_year": 441.83,
            "roe": 3.81,
            "roe_4q": 57.95,
            "gross_profit": 720000,
            "gross_margin": 45.74,
            "gross_margin_4q_avg": 44.83,
            "net_income": 61000,
            "net_income_4q": null,
            "revenue": 1574000,
            "revenue_4q": null,
            "common_shares": 7000,
            "book_valuer_per_share": 1.88,
            "book_valuer_per_share_4q_avg": 1.24,
            "equity": 1641000,
            "current_ratio": 262.04,
            "debt_ratio": 68.59,
            "inventory_turnover_ratio": 1.32,
            "account_receivable_turnover_ratio": 2.02,
            "reinvestment_rate": 127.07,
            "research_to_sale_ratio": 23.32,
            "price_fair": 53.2,
            "eps_avg_yearly": 1.52,
            "eps_latest_yearly": 0.32,
            "eps_growth_yearly": 473.53
        },
        "20113": {
            "year_quarter": 20113,
            "year": 2011,
            "quarter": 3,
            "eps": 0.14,
            "eps_growth_year": null,
            "eps_4q": 1.06,
            "eps_4q_growth_year": 444.7,
            "roe": 5.73,
            "roe_4q": 53.72,
            "gross_profit": 756000,
            "gross_margin": 44.73,
            "gross_margin_4q_avg": 44.59,
            "net_income": 97000,
            "net_income_4q": null,
            "revenue": 1690000,
            "revenue_4q": null,
            "common_shares": 7000,
            "book_valuer_per_share": 2.02,
            "book_valuer_per_share_4q_avg": 1.66,
            "equity": 1744000,
            "current_ratio": 183.94,
            "debt_ratio": 66.69,
            "inventory_turnover_ratio": 1.58,
            "account_receivable_turnover_ratio": 2.03,
            "reinvestment_rate": 147.9,
            "research_to_sale_ratio": 21.36,
            "price_fair": 42,
            "eps_avg_yearly": 1.2,
            "eps_latest_yearly": 0.56,
            "eps_growth_yearly": 415.69
        },
        "20114": {
            "year_quarter": 20114,
            "year": 2011,
            "quarter": 4,
            "eps": -0.15,
            "eps_growth_year": -191.86,
            "eps_4q": 0.75,
            "eps_4q_growth_year": null,
            "roe": -10.38,
            "roe_4q": 0.5599999999999996,
            "gross_profit": 773000,
            "gross_margin": 45.71,
            "gross_margin_4q_avg": 44.76,
            "net_income": -173000,
            "net_income_4q": null,
            "revenue": 1691000,
            "revenue_4q": null,
            "common_shares": 7000,
            "book_valuer_per_share": 1.81,
            "book_valuer_per_share_4q_avg": 1.87,
            "equity": 1590000,
            "current_ratio": 182.02,
            "debt_ratio": 67.9,
            "inventory_turnover_ratio": 1.81,
            "account_receivable_turnover_ratio": 1.85,
            "reinvestment_rate": 293.66,
            "research_to_sale_ratio": 21.17,
            "price_fair": 42,
            "eps_avg_yearly": 1.2,
            "eps_latest_yearly": 0.56,
            "eps_growth_yearly": 415.69
        },
        "20121": {
            "year_quarter": 20121,
            "year": 2012,
            "quarter": 1,
            "eps": -0.76,
            "eps_growth_year": -211.27,
            "eps_4q": -0.69,
            "eps_4q_growth_year": -206.65,
            "roe": -44.66,
            "roe_4q": -45.5,
            "gross_profit": 27000,
            "gross_margin": 1.7,
            "gross_margin_4q_avg": 34.47,
            "net_income": -590000,
            "net_income_4q": null,
            "revenue": 1585000,
            "revenue_4q": null,
            "common_shares": 7000,
            "book_valuer_per_share": 0.56,
            "book_valuer_per_share_4q_avg": 1.57,
            "equity": 1052000,
            "current_ratio": 136.13,
            "debt_ratio": 78.91,
            "inventory_turnover_ratio": 2.94,
            "account_receivable_turnover_ratio": 1.69,
            "reinvestment_rate": 245.7,
            "research_to_sale_ratio": 23.22,
            "price_fair": 42,
            "eps_avg_yearly": 1.2,
            "eps_latest_yearly": 0.56,
            "eps_growth_yearly": 415.69
        },
        "20122": {
            "year_quarter": 20122,
            "year": 2012,
            "quarter": 2,
            "eps": 0.05,
            "eps_growth_year": -35.07,
            "eps_4q": -0.72,
            "eps_4q_growth_year": -190.61,
            "roe": 3.41,
            "roe_4q": -45.900000000000006,
            "gross_profit": 638000,
            "gross_margin": 45.15,
            "gross_margin_4q_avg": 34.32,
            "net_income": 37000,
            "net_income_4q": null,
            "revenue": 1413000,
            "revenue_4q": null,
            "common_shares": 7000,
            "book_valuer_per_share": 0.65,
            "book_valuer_per_share_4q_avg": 1.26,
            "equity": 1117000,
            "current_ratio": 137.46,
            "debt_ratio": 77.84,
            "inventory_turnover_ratio": 1.09,
            "account_receivable_turnover_ratio": 1.66,
            "reinvestment_rate": 450.89,
            "research_to_sale_ratio": 24.42,
            "price_fair": 42,
            "eps_avg_yearly": 1.2,
            "eps_latest_yearly": 0.56,
            "eps_growth_yearly": 415.69
        },
        "20123": {
            "year_quarter": 20123,
            "year": 2012,
            "quarter": 3,
            "eps": -0.21,
            "eps_growth_year": -252.79,
            "eps_4q": -1.06,
            "eps_4q_growth_year": -199.98,
            "roe": -14.91,
            "roe_4q": -66.53999999999999,
            "gross_profit": 392000,
            "gross_margin": 30.89,
            "gross_margin_4q_avg": 30.86,
            "net_income": -157000,
            "net_income_4q": null,
            "revenue": 1269000,
            "revenue_4q": null,
            "common_shares": 7000,
            "book_valuer_per_share": 0.47,
            "book_valuer_per_share_4q_avg": 0.87,
            "equity": 989000,
            "current_ratio": 181.03,
            "debt_ratio": 78.56,
            "inventory_turnover_ratio": 1.11,
            "account_receivable_turnover_ratio": 1.78,
            "reinvestment_rate": 351.9,
            "research_to_sale_ratio": 25.85,
            "price_fair": 42,
            "eps_avg_yearly": 1.2,
            "eps_latest_yearly": 0.56,
            "eps_growth_yearly": 415.69
        },
        "20124": {
            "year_quarter": 20124,
            "year": 2012,
            "quarter": 4,
            "eps": -0.55,
            "eps_growth_year": null,
            "eps_4q": -1.47,
            "eps_4q_growth_year": -295.31,
            "roe": -61.95,
            "roe_4q": -118.11,
            "gross_profit": 178000,
            "gross_margin": 15.41,
            "gross_margin_4q_avg": 23.29,
            "net_income": -473000,
            "net_income_4q": null,
            "revenue": 1155000,
            "revenue_4q": null,
            "common_shares": 7000,
            "book_valuer_per_share": -0.16,
            "book_valuer_per_share_4q_avg": 0.38,
            "equity": 538000,
            "current_ratio": 162.13,
            "debt_ratio": 86.55,
            "inventory_turnover_ratio": 1.5,
            "account_receivable_turnover_ratio": 1.76,
            "reinvestment_rate": 9700,
            "research_to_sale_ratio": 27.1,
            "price_fair": 42,
            "eps_avg_yearly": 1.2,
            "eps_latest_yearly": 0.56,
            "eps_growth_yearly": 415.69
        },
        "20131": {
            "year_quarter": 20131,
            "year": 2013,
            "quarter": 1,
            "eps": -0.15,
            "eps_growth_year": null,
            "eps_4q": -0.86,
            "eps_4q_growth_year": null,
            "roe": -30.64,
            "roe_4q": -104.09,
            "gross_profit": 445000,
            "gross_margin": 40.9,
            "gross_margin_4q_avg": 33.09,
            "net_income": -146000,
            "net_income_4q": null,
            "revenue": 1088000,
            "revenue_4q": null,
            "common_shares": 7000,
            "book_valuer_per_share": -0.32,
            "book_valuer_per_share_4q_avg": 0.16,
            "equity": 415000,
            "current_ratio": 176.99,
            "debt_ratio": 89.07,
            "inventory_turnover_ratio": 1.09,
            "account_receivable_turnover_ratio": 1.71,
            "reinvestment_rate": -1437.92,
            "research_to_sale_ratio": 28.68,
            "price_fair": 42,
            "eps_avg_yearly": 1.2,
            "eps_latest_yearly": 0.56,
            "eps_growth_yearly": 415.69
        },
        "20132": {
            "year_quarter": 20132,
            "year": 2013,
            "quarter": 2,
            "eps": -0.09,
            "eps_growth_year": -276.48,
            "eps_4q": -1.01,
            "eps_4q_growth_year": null,
            "roe": -19.12,
            "roe_4q": -126.62,
            "gross_profit": 459000,
            "gross_margin": 39.53,
            "gross_margin_4q_avg": 31.68,
            "net_income": -74000,
            "net_income_4q": null,
            "revenue": 1161000,
            "revenue_4q": null,
            "common_shares": 7000,
            "book_valuer_per_share": -0.39,
            "book_valuer_per_share_4q_avg": -0.1,
            "equity": 359000,
            "current_ratio": 169.4,
            "debt_ratio": 90.79,
            "inventory_turnover_ratio": 1.06,
            "account_receivable_turnover_ratio": 1.77,
            "reinvestment_rate": -635.74,
            "research_to_sale_ratio": 26.53,
            "price_fair": 42,
            "eps_avg_yearly": 1.2,
            "eps_latest_yearly": 0.56,
            "eps_growth_yearly": 415.69
        },
        "20133": {
            "year_quarter": 20133,
            "year": 2013,
            "quarter": 3,
            "eps": 0.04,
            "eps_growth_year": null,
            "eps_4q": -0.77,
            "eps_4q_growth_year": null,
            "roe": 12.11,
            "roe_4q": -99.60000000000001,
            "gross_profit": 521000,
            "gross_margin": 35.66,
            "gross_margin_4q_avg": 32.88,
            "net_income": 48000,
            "net_income_4q": null,
            "revenue": 1461000,
            "revenue_4q": null,
            "common_shares": 7000,
            "book_valuer_per_share": -0.27,
            "book_valuer_per_share_4q_avg": -0.29,
            "equity": 434000,
            "current_ratio": 166.8,
            "debt_ratio": 89.95,
            "inventory_turnover_ratio": 1.15,
            "account_receivable_turnover_ratio": 1.89,
            "reinvestment_rate": -451.22,
            "research_to_sale_ratio": 19.64,
            "price_fair": 42,
            "eps_avg_yearly": 1.2,
            "eps_latest_yearly": 0.56,
            "eps_growth_yearly": 415.69
        },
        "20134": {
            "year_quarter": 20134,
            "year": 2013,
            "quarter": 4,
            "eps": 0.06,
            "eps_growth_year": null,
            "eps_4q": -0.16,
            "eps_4q_growth_year": null,
            "roe": 18.2,
            "roe_4q": -19.450000000000003,
            "gross_profit": 553000,
            "gross_margin": 34.8,
            "gross_margin_4q_avg": 37.72,
            "net_income": 89000,
            "net_income_4q": null,
            "revenue": 1589000,
            "revenue_4q": null,
            "common_shares": 7000,
            "book_valuer_per_share": -0.12,
            "book_valuer_per_share_4q_avg": -0.28,
            "equity": 544000,
            "current_ratio": 178.24,
            "debt_ratio": 87.46,
            "inventory_turnover_ratio": 1.15,
            "account_receivable_turnover_ratio": 1.86,
            "reinvestment_rate": 188.79,
            "research_to_sale_ratio": 18.38,
            "price_fair": 33.6,
            "eps_avg_yearly": 0.96,
            "eps_latest_yearly": 0.24,
            "eps_growth_yearly": 361.76
        },
        "20141": {
            "year_quarter": 20141,
            "year": 2014,
            "quarter": 1,
            "eps": -0.03,
            "eps_growth_year": null,
            "eps_4q": -0.03,
            "eps_4q_growth_year": null,
            "roe": -3.79,
            "roe_4q": 7.399999999999999,
            "gross_profit": 487000,
            "gross_margin": 34.86,
            "gross_margin_4q_avg": 36.21,
            "net_income": -20000,
            "net_income_4q": null,
            "revenue": 1397000,
            "revenue_4q": null,
            "common_shares": 8000,
            "book_valuer_per_share": -0.15,
            "book_valuer_per_share_4q_avg": -0.23,
            "equity": 511000,
            "current_ratio": 194.36,
            "debt_ratio": 87.56,
            "inventory_turnover_ratio": 1.04,
            "account_receivable_turnover_ratio": 1.67,
            "reinvestment_rate": 61.52,
            "research_to_sale_ratio": 19.9,
            "price_fair": 33.6,
            "eps_avg_yearly": 0.96,
            "eps_latest_yearly": 0.24,
            "eps_growth_yearly": 361.76
        },
        "20142": {
            "year_quarter": 20142,
            "year": 2014,
            "quarter": 2,
            "eps": -0.05,
            "eps_growth_year": null,
            "eps_4q": 0.02,
            "eps_4q_growth_year": null,
            "roe": -7.11,
            "roe_4q": 19.409999999999997,
            "gross_profit": 498000,
            "gross_margin": 34.56,
            "gross_margin_4q_avg": 34.97,
            "net_income": -36000,
            "net_income_4q": null,
            "revenue": 1441000,
            "revenue_4q": null,
            "common_shares": 8000,
            "book_valuer_per_share": -0.16,
            "book_valuer_per_share_4q_avg": -0.18,
            "equity": 501000,
            "current_ratio": 194.82,
            "debt_ratio": 88.2,
            "inventory_turnover_ratio": 1.03,
            "account_receivable_turnover_ratio": 1.68,
            "reinvestment_rate": 43.63,
            "research_to_sale_ratio": 19.15,
            "price_fair": 33.6,
            "eps_avg_yearly": 0.96,
            "eps_latest_yearly": 0.24,
            "eps_growth_yearly": 361.76
        },
        "20143": {
            "year_quarter": 20143,
            "year": 2014,
            "quarter": 3,
            "eps": 0.02,
            "eps_growth_year": -39.38,
            "eps_4q": 0,
            "eps_4q_growth_year": null,
            "roe": 3.28,
            "roe_4q": 10.579999999999998,
            "gross_profit": 494000,
            "gross_margin": 34.57,
            "gross_margin_4q_avg": 34.7,
            "net_income": 17000,
            "net_income_4q": null,
            "revenue": 1429000,
            "revenue_4q": null,
            "common_shares": 8000,
            "book_valuer_per_share": -0.42,
            "book_valuer_per_share_4q_avg": -0.21,
            "equity": 535000,
            "current_ratio": 192.85,
            "debt_ratio": 87.63,
            "inventory_turnover_ratio": 1.01,
            "account_receivable_turnover_ratio": 1.55,
            "reinvestment_rate": 38.99,
            "research_to_sale_ratio": 19.45,
            "price_fair": 33.6,
            "eps_avg_yearly": 0.96,
            "eps_latest_yearly": 0.24,
            "eps_growth_yearly": 361.76
        },
        "20144": {
            "year_quarter": 20144,
            "year": 2014,
            "quarter": 4,
            "eps": -0.16,
            "eps_growth_year": -390.8,
            "eps_4q": -0.22,
            "eps_4q_growth_year": null,
            "roe": -100.83,
            "roe_4q": -108.45,
            "gross_profit": 360000,
            "gross_margin": 29.06,
            "gross_margin_4q_avg": 33.26,
            "net_income": -364000,
            "net_income_4q": null,
            "revenue": 1239000,
            "revenue_4q": null,
            "common_shares": 8000,
            "book_valuer_per_share": -0.26,
            "book_valuer_per_share_4q_avg": -0.25,
            "equity": 187000,
            "current_ratio": 190,
            "debt_ratio": 95.04,
            "inventory_turnover_ratio": 1.11,
            "account_receivable_turnover_ratio": 1.38,
            "reinvestment_rate": 51.62,
            "research_to_sale_ratio": 19.61,
            "price_fair": 33.6,
            "eps_avg_yearly": 0.96,
            "eps_latest_yearly": 0.24,
            "eps_growth_yearly": 361.76
        },
        "20151": {
            "year_quarter": 20151,
            "year": 2015,
            "quarter": 1,
            "eps": -0.16,
            "eps_growth_year": null,
            "eps_4q": -0.35,
            "eps_4q_growth_year": null,
            "roe": -176.47,
            "roe_4q": -281.13000000000005,
            "gross_profit": 326000,
            "gross_margin": 31.65,
            "gross_margin_4q_avg": 32.46,
            "net_income": -180000,
            "net_income_4q": null,
            "revenue": 1030000,
            "revenue_4q": null,
            "common_shares": 8000,
            "book_valuer_per_share": -0.39,
            "book_valuer_per_share_4q_avg": -0.31,
            "equity": 17000,
            "current_ratio": 193.27,
            "debt_ratio": 99.5,
            "inventory_turnover_ratio": 1.03,
            "account_receivable_turnover_ratio": 1.3,
            "reinvestment_rate": 46.94,
            "research_to_sale_ratio": 23.3,
            "price_fair": 13.07,
            "eps_avg_yearly": 0.37,
            "eps_latest_yearly": 0.24,
            "eps_growth_yearly": 49.02
        },
        "20152": {
            "year_quarter": 20152,
            "year": 2015,
            "quarter": 2,
            "eps": -0.23,
            "eps_growth_year": null,
            "eps_4q": -0.53,
            "eps_4q_growth_year": -2982.22,
            "roe": 291.94,
            "roe_4q": 17.92,
            "gross_profit": 232000,
            "gross_margin": 24.63,
            "gross_margin_4q_avg": 29.98,
            "net_income": -181000,
            "net_income_4q": null,
            "revenue": 942000,
            "revenue_4q": null,
            "common_shares": 8000,
            "book_valuer_per_share": -0.87,
            "book_valuer_per_share_4q_avg": -0.49,
            "equity": -141000,
            "current_ratio": 175.2,
            "debt_ratio": 104.17,
            "inventory_turnover_ratio": 0.95,
            "account_receivable_turnover_ratio": 1.29,
            "reinvestment_rate": 44.82,
            "research_to_sale_ratio": 24.73,
            "price_fair": 14,
            "eps_avg_yearly": 0.4,
            "eps_latest_yearly": 0.24,
            "eps_growth_yearly": 250
        },
        "20153": {
            "year_quarter": 20153,
            "year": 2015,
            "quarter": 3,
            "eps": -0.19,
            "eps_growth_year": -976.32,
            "eps_4q": -0.74,
            "eps_4q_growth_year": -16909.93,
            "roe": 82.6,
            "roe_4q": 97.23999999999997,
            "gross_profit": 239000,
            "gross_margin": 22.53,
            "gross_margin_4q_avg": 26.97,
            "net_income": -197000,
            "net_income_4q": null,
            "revenue": 1061000,
            "revenue_4q": null,
            "common_shares": 8000,
            "book_valuer_per_share": -1.03,
            "book_valuer_per_share_4q_avg": -0.64,
            "equity": -336000,
            "current_ratio": 170.19,
            "debt_ratio": 110.41,
            "inventory_turnover_ratio": 1.05,
            "account_receivable_turnover_ratio": 1.59,
            "reinvestment_rate": 39.96,
            "research_to_sale_ratio": 22.43,
            "price_fair": 8.4,
            "eps_avg_yearly": 0.24,
            "eps_latest_yearly": 0.24,
            "eps_growth_yearly": 200
        },
        "20154": {
            "year_quarter": 20154,
            "year": 2015,
            "quarter": 4,
            "eps": -0.13,
            "eps_growth_year": null,
            "eps_4q": -0.72,
            "eps_4q_growth_year": null,
            "roe": 27.27,
            "roe_4q": 225.34,
            "gross_profit": 283000,
            "gross_margin": 29.54,
            "gross_margin_4q_avg": 27.09,
            "net_income": -102000,
            "net_income_4q": null,
            "revenue": 958000,
            "revenue_4q": null,
            "common_shares": 8000,
            "book_valuer_per_share": -1.11,
            "book_valuer_per_share_4q_avg": -0.85,
            "equity": -412000,
            "current_ratio": 165.36,
            "debt_ratio": 113.36,
            "inventory_turnover_ratio": 0.94,
            "account_receivable_turnover_ratio": 1.62,
            "reinvestment_rate": 29.88,
            "research_to_sale_ratio": 23.59,
            "price_fair": 8.4,
            "eps_avg_yearly": 0.24,
            "eps_latest_yearly": 0.24,
            "eps_growth_yearly": 200
        },
        "20161": {
            "year_quarter": 20161,
            "year": 2016,
            "quarter": 1,
            "eps": -0.15,
            "eps_growth_year": null,
            "eps_4q": -0.7,
            "eps_4q_growth_year": null,
            "roe": 23.83,
            "roe_4q": 425.64,
            "gross_profit": 269000,
            "gross_margin": 32.33,
            "gross_margin_4q_avg": 27.26,
            "net_income": -109000,
            "net_income_4q": null,
            "revenue": 832000,
            "revenue_4q": null,
            "common_shares": 8000,
            "book_valuer_per_share": -1.29,
            "book_valuer_per_share_4q_avg": -1.08,
            "equity": -503000,
            "current_ratio": 167.62,
            "debt_ratio": 116.87,
            "inventory_turnover_ratio": 0.83,
            "account_receivable_turnover_ratio": 1.6,
            "reinvestment_rate": 38.47,
            "research_to_sale_ratio": 29.09,
            "price_fair": 8.4,
            "eps_avg_yearly": 0.24,
            "eps_latest_yearly": 0.24,
            "eps_growth_yearly": 200
        },
        "20162": {
            "year_quarter": 20162,
            "year": 2016,
            "quarter": 2,
            "eps": 0.06,
            "eps_growth_year": null,
            "eps_4q": -0.41,
            "eps_4q_growth_year": null,
            "roe": -15.72,
            "roe_4q": 117.97999999999999,
            "gross_profit": 319000,
            "gross_margin": 31.06,
            "gross_margin_4q_avg": 28.87,
            "net_income": 72000,
            "net_income_4q": null,
            "revenue": 1027000,
            "revenue_4q": null,
            "common_shares": 8000,
            "book_valuer_per_share": -1.17,
            "book_valuer_per_share_4q_avg": -1.15,
            "equity": -413000,
            "current_ratio": 158.51,
            "debt_ratio": 112.45,
            "inventory_turnover_ratio": 1,
            "account_receivable_turnover_ratio": 1.74,
            "reinvestment_rate": 34.97,
            "research_to_sale_ratio": 23.66,
            "price_fair": 8.4,
            "eps_avg_yearly": 0.24,
            "eps_latest_yearly": 0.24,
            "eps_growth_yearly": 200
        },
        "20163": {
            "year_quarter": 20163,
            "year": 2016,
            "quarter": 3,
            "eps": -0.47,
            "eps_growth_year": null,
            "eps_4q": -0.69,
            "eps_4q_growth_year": null,
            "roe": 2864.29,
            "roe_4q": 2899.67,
            "gross_profit": 59000,
            "gross_margin": 4.51,
            "gross_margin_4q_avg": 24.36,
            "net_income": -401000,
            "net_income_4q": null,
            "revenue": 1307000,
            "revenue_4q": null,
            "common_shares": 9000,
            "book_valuer_per_share": -0.15,
            "book_valuer_per_share_4q_avg": -0.93,
            "equity": 385000,
            "current_ratio": 191.72,
            "debt_ratio": 89.35,
            "inventory_turnover_ratio": 1.65,
            "account_receivable_turnover_ratio": 1.99,
            "reinvestment_rate": 30.04,
            "research_to_sale_ratio": 19.82,
            "price_fair": 8.4,
            "eps_avg_yearly": 0.24,
            "eps_latest_yearly": 0.24,
            "eps_growth_yearly": 200
        },
        "20164": {
            "year_quarter": 20164,
            "year": 2016,
            "quarter": 4,
            "eps": -0.07,
            "eps_growth_year": null,
            "eps_4q": -0.63,
            "eps_4q_growth_year": null,
            "roe": -12.23,
            "roe_4q": 2860.17,
            "gross_profit": 351000,
            "gross_margin": 31.74,
            "gross_margin_4q_avg": 24.91,
            "net_income": -49000,
            "net_income_4q": null,
            "revenue": 1106000,
            "revenue_4q": null,
            "common_shares": 9000,
            "book_valuer_per_share": -0.11,
            "book_valuer_per_share_4q_avg": -0.68,
            "equity": 416000,
            "current_ratio": 187.96,
            "debt_ratio": 87.47,
            "inventory_turnover_ratio": 0.99,
            "account_receivable_turnover_ratio": 2.33,
            "reinvestment_rate": 22.54,
            "research_to_sale_ratio": 23.87,
            "price_fair": 8.4,
            "eps_avg_yearly": 0.24,
            "eps_latest_yearly": 0.24,
            "eps_growth_yearly": 200
        },
        "20171": {
            "year_quarter": 20171,
            "year": 2017,
            "quarter": 1,
            "eps": -0.05,
            "eps_growth_year": null,
            "eps_4q": -0.54,
            "eps_4q_growth_year": null,
            "roe": -7.52,
            "roe_4q": 2828.82,
            "gross_profit": 378000,
            "gross_margin": 32.09,
            "gross_margin_4q_avg": 24.85,
            "net_income": -31000,
            "net_income_4q": null,
            "revenue": 1178000,
            "revenue_4q": null,
            "common_shares": 9000,
            "book_valuer_per_share": -0.11,
            "book_valuer_per_share_4q_avg": -0.39,
            "equity": 409000,
            "current_ratio": 182.07,
            "debt_ratio": 87.6,
            "inventory_turnover_ratio": 1.01,
            "account_receivable_turnover_ratio": 2.93,
            "reinvestment_rate": 20.62,
            "research_to_sale_ratio": 23.01,
            "price_fair": 8.4,
            "eps_avg_yearly": 0.24,
            "eps_latest_yearly": 0.24,
            "eps_growth_yearly": 200
        },
        "20172": {
            "year_quarter": 20172,
            "year": 2017,
            "quarter": 2,
            "eps": -0.06,
            "eps_growth_year": -211.28,
            "eps_4q": -0.66,
            "eps_4q_growth_year": null,
            "roe": -9.44,
            "roe_4q": 2835.1,
            "gross_profit": 386000,
            "gross_margin": 33.54,
            "gross_margin_4q_avg": 25.47,
            "net_income": -39000,
            "net_income_4q": null,
            "revenue": 1151000,
            "revenue_4q": null,
            "common_shares": 9000,
            "book_valuer_per_share": -0.13,
            "book_valuer_per_share_4q_avg": -0.13,
            "equity": 417000,
            "current_ratio": 173.29,
            "debt_ratio": 87.63,
            "inventory_turnover_ratio": 0.92,
            "account_receivable_turnover_ratio": 2.08,
            "reinvestment_rate": 14.9,
            "research_to_sale_ratio": 24.76,
            "price_fair": 8.4,
            "eps_avg_yearly": 0.24,
            "eps_latest_yearly": 0.24,
            "eps_growth_yearly": 200
        },
        "20173": {
            "year_quarter": 20173,
            "year": 2017,
            "quarter": 3,
            "eps": 0.06,
            "eps_growth_year": null,
            "eps_4q": -0.13,
            "eps_4q_growth_year": null,
            "roe": 13.45,
            "roe_4q": -15.74,
            "gross_profit": 571000,
            "gross_margin": 36.05,
            "gross_margin_4q_avg": 33.36,
            "net_income": 63000,
            "net_income_4q": null,
            "revenue": 1584000,
            "revenue_4q": null,
            "common_shares": 10000,
            "book_valuer_per_share": -0.02,
            "book_valuer_per_share_4q_avg": -0.09,
            "equity": 520000,
            "current_ratio": 169.64,
            "debt_ratio": 85.5,
            "inventory_turnover_ratio": 1.25,
            "account_receivable_turnover_ratio": 2.29,
            "reinvestment_rate": 9.74,
            "research_to_sale_ratio": 20.2,
            "price_fair": 8.4,
            "eps_avg_yearly": 0.24,
            "eps_latest_yearly": 0.24,
            "eps_growth_yearly": 200
        },
        "20174": {
            "year_quarter": 20174,
            "year": 2017,
            "quarter": 4,
            "eps": -1.18,
            "eps_growth_year": null,
            "eps_4q": -1.24,
            "eps_4q_growth_year": null,
            "roe": -205.91,
            "roe_4q": -209.42000000000002,
            "gross_profit": 452000,
            "gross_margin": 33.73,
            "gross_margin_4q_avg": 33.85,
            "net_income": -1149000,
            "net_income_4q": null,
            "revenue": 1340000,
            "revenue_4q": null,
            "common_shares": 9000,
            "book_valuer_per_share": 0.07,
            "book_valuer_per_share_4q_avg": -0.05,
            "equity": 596000,
            "current_ratio": 174.09,
            "debt_ratio": 83.22,
            "inventory_turnover_ratio": 1.19,
            "account_receivable_turnover_ratio": 2.19,
            "reinvestment_rate": 3.62,
            "research_to_sale_ratio": 23.88,
            "price_fair": 0,
            "eps_avg_yearly": 0,
            "eps_latest_yearly": 0,
            "eps_growth_yearly": 0
        },
        "20181": {
            "year_quarter": 20181,
            "year": 2018,
            "quarter": 1,
            "eps": 0.08,
            "eps_growth_year": null,
            "eps_4q": -1.11,
            "eps_4q_growth_year": null,
            "roe": 12.51,
            "roe_4q": -189.39000000000001,
            "gross_profit": 597000,
            "gross_margin": 36.25,
            "gross_margin_4q_avg": 34.89,
            "net_income": 82000,
            "net_income_4q": null,
            "revenue": 1647000,
            "revenue_4q": null,
            "common_shares": 10000,
            "book_valuer_per_share": 0.12,
            "book_valuer_per_share_4q_avg": 0.01,
            "equity": 715000,
            "current_ratio": 162.11,
            "debt_ratio": 81,
            "inventory_turnover_ratio": 1.49,
            "account_receivable_turnover_ratio": 2.76,
            "reinvestment_rate": -0.69,
            "research_to_sale_ratio": 20.83,
            "price_fair": 0,
            "eps_avg_yearly": 0,
            "eps_latest_yearly": 0,
            "eps_growth_yearly": 0
        },
        "20182": {
            "year_quarter": 20182,
            "year": 2018,
            "quarter": 2,
            "eps": 0.1,
            "eps_growth_year": null,
            "eps_4q": -0.94,
            "eps_4q_growth_year": null,
            "roe": 14.68,
            "roe_4q": -165.27,
            "gross_profit": 652000,
            "gross_margin": 37.13,
            "gross_margin_4q_avg": 35.79,
            "net_income": 117000,
            "net_income_4q": null,
            "revenue": 1756000,
            "revenue_4q": null,
            "common_shares": 10000,
            "book_valuer_per_share": 0.31,
            "book_valuer_per_share_4q_avg": 0.12,
            "equity": 879000,
            "current_ratio": 165.9,
            "debt_ratio": 78.58,
            "inventory_turnover_ratio": 1.51,
            "account_receivable_turnover_ratio": 1.89,
            "reinvestment_rate": -0.98,
            "research_to_sale_ratio": 20.33,
            "price_fair": 14,
            "eps_avg_yearly": 0.4,
            "eps_latest_yearly": 0.4,
            "eps_growth_yearly": 100
        },
        "20183": {
            "year_quarter": 20183,
            "year": 2018,
            "quarter": 3,
            "eps": 0.09,
            "eps_growth_year": 61.94,
            "eps_4q": -0.91,
            "eps_4q_growth_year": null,
            "roe": 10.18,
            "roe_4q": -168.54,
            "gross_profit": 661000,
            "gross_margin": 39.99,
            "gross_margin_4q_avg": 36.78,
            "net_income": 102000,
            "net_income_4q": null,
            "revenue": 1653000,
            "revenue_4q": null,
            "common_shares": 10000,
            "book_valuer_per_share": 0.56,
            "book_valuer_per_share_4q_avg": 0.27,
            "equity": 1125000,
            "current_ratio": 176.46,
            "debt_ratio": 74.12,
            "inventory_turnover_ratio": 1.33,
            "account_receivable_turnover_ratio": 1.42,
            "reinvestment_rate": -3.13,
            "research_to_sale_ratio": 21.96,
            "price_fair": 13.3,
            "eps_avg_yearly": 0.38,
            "eps_latest_yearly": 0.36,
            "eps_growth_yearly": 30
        },
        "20184": {
            "year_quarter": 20184,
            "year": 2018,
            "quarter": 4,
            "eps": 0.05,
            "eps_growth_year": null,
            "eps_4q": 0.33,
            "eps_4q_growth_year": null,
            "roe": 4.27,
            "roe_4q": 41.64,
            "gross_profit": 537000,
            "gross_margin": 37.84,
            "gross_margin_4q_avg": 37.8,
            "net_income": 51000,
            "net_income_4q": null,
            "revenue": 1419000,
            "revenue_4q": null,
            "common_shares": 10000,
            "book_valuer_per_share": 0.75,
            "book_valuer_per_share_4q_avg": 0.44,
            "equity": 1266000,
            "current_ratio": 178.43,
            "debt_ratio": 72.21,
            "inventory_turnover_ratio": 1.11,
            "account_receivable_turnover_ratio": 1.16,
            "reinvestment_rate": -5.59,
            "research_to_sale_ratio": 26.15,
            "price_fair": 0.96,
            "eps_avg_yearly": 0.32,
            "eps_latest_yearly": 0.2,
            "eps_growth_yearly": -39.26
        },
        "20191": {
            "year_quarter": 20191,
            "year": 2019,
            "quarter": 1,
            "eps": -0.01,
            "eps_growth_year": -117.06,
            "eps_4q": 0.24,
            "eps_4q_growth_year": null,
            "roe": 1.11,
            "roe_4q": 30.24,
            "gross_profit": 521000,
            "gross_margin": 40.96,
            "gross_margin_4q_avg": 38.98,
            "net_income": 17000,
            "net_income_4q": null,
            "revenue": 1272000,
            "revenue_4q": null,
            "common_shares": 11000,
            "book_valuer_per_share": 1.18,
            "book_valuer_per_share_4q_avg": 0.7,
            "equity": 1788000,
            "current_ratio": 208.45,
            "debt_ratio": 63.74,
            "inventory_turnover_ratio": 0.83,
            "account_receivable_turnover_ratio": 1.03,
            "reinvestment_rate": -20.47,
            "research_to_sale_ratio": 29.32,
            "price_fair": 0.96,
            "eps_avg_yearly": 0.32,
            "eps_latest_yearly": 0.2,
            "eps_growth_yearly": -39.26
        },
        "20192": {
            "year_quarter": 20192,
            "year": 2019,
            "quarter": 2,
            "eps": 0.04,
            "eps_growth_year": -62.89,
            "eps_4q": 0.17,
            "eps_4q_growth_year": null,
            "roe": 1.9,
            "roe_4q": 17.46,
            "gross_profit": 621000,
            "gross_margin": 40.56,
            "gross_margin_4q_avg": 39.84,
            "net_income": 35000,
            "net_income_4q": null,
            "revenue": 1531000,
            "revenue_4q": null,
            "common_shares": 11000,
            "book_valuer_per_share": 1.27,
            "book_valuer_per_share_4q_avg": 0.94,
            "equity": 1901000,
            "current_ratio": 208.09,
            "debt_ratio": 62.74,
            "inventory_turnover_ratio": 0.92,
            "account_receivable_turnover_ratio": 1.19,
            "reinvestment_rate": -34.72,
            "research_to_sale_ratio": 24.36,
            "price_fair": 0.96,
            "eps_avg_yearly": 0.32,
            "eps_latest_yearly": 0.2,
            "eps_growth_yearly": -39.26
        },
        "20193": {
            "year_quarter": 20193,
            "year": 2019,
            "quarter": 3,
            "eps": 0.14,
            "eps_growth_year": 49,
            "eps_4q": 0.22,
            "eps_4q_growth_year": null,
            "roe": 5.84,
            "roe_4q": 13.12,
            "gross_profit": 777000,
            "gross_margin": 43.14,
            "gross_margin_4q_avg": 40.63,
            "net_income": 119000,
            "net_income_4q": null,
            "revenue": 1801000,
            "revenue_4q": null,
            "common_shares": 11000,
            "book_valuer_per_share": 1.5,
            "book_valuer_per_share_4q_avg": 1.18,
            "equity": 2176000,
            "current_ratio": 209.87,
            "debt_ratio": 58.58,
            "inventory_turnover_ratio": 1,
            "account_receivable_turnover_ratio": 1.32,
            "reinvestment_rate": -43.29,
            "research_to_sale_ratio": 22.54,
            "price_fair": 13.3,
            "eps_avg_yearly": 0.38,
            "eps_latest_yearly": 0.56,
            "eps_growth_yearly": 220.56
        },
        "20194": {
            "year_quarter": 20194,
            "year": 2019,
            "quarter": 4,
            "eps": 0.22,
            "eps_growth_year": 304.93,
            "eps_4q": 0.39,
            "eps_4q_growth_year": 17.45,
            "roe": 6.28,
            "roe_4q": 15.13,
            "gross_profit": 949000,
            "gross_margin": 44.62,
            "gross_margin_4q_avg": 42.32,
            "net_income": 157000,
            "net_income_4q": null,
            "revenue": 2127000,
            "revenue_4q": null,
            "common_shares": 12000,
            "book_valuer_per_share": 1.99,
            "book_valuer_per_share_4q_avg": 1.49,
            "equity": 2827000,
            "current_ratio": 194.87,
            "debt_ratio": 53.1,
            "inventory_turnover_ratio": 1.17,
            "account_receivable_turnover_ratio": 1.31,
            "reinvestment_rate": -60.96,
            "research_to_sale_ratio": 18.57,
            "price_fair": 16.8,
            "eps_avg_yearly": 0.48,
            "eps_latest_yearly": 0.88,
            "eps_growth_yearly": 222.16
        },
        "20201": {
            "year_quarter": 20201,
            "year": 2020,
            "quarter": 1,
            "eps": 0.14,
            "eps_growth_year": null,
            "eps_4q": 0.53,
            "eps_4q_growth_year": 125.53,
            "roe": 5.53,
            "roe_4q": 19.549999999999997,
            "gross_profit": 818000,
            "gross_margin": 45.8,
            "gross_margin_4q_avg": 43.53,
            "net_income": 162000,
            "net_income_4q": null,
            "revenue": 1786000,
            "revenue_4q": null,
            "common_shares": 12000,
            "book_valuer_per_share": 2.18,
            "book_valuer_per_share_4q_avg": 1.74,
            "equity": 3037000,
            "current_ratio": 221.16,
            "debt_ratio": 48.21,
            "inventory_turnover_ratio": 0.95,
            "account_receivable_turnover_ratio": 1.01,
            "reinvestment_rate": -84.97,
            "research_to_sale_ratio": 24.75,
            "price_fair": 17.27,
            "eps_avg_yearly": 0.49,
            "eps_latest_yearly": 0.56,
            "eps_growth_yearly": 160.89
        },
        "20202": {
            "year_quarter": 20202,
            "year": 2020,
            "quarter": 2,
            "eps": 0.13,
            "eps_growth_year": 247.46,
            "eps_4q": 0.63,
            "eps_4q_growth_year": 261.83,
            "roe": 4.92,
            "roe_4q": 22.57,
            "gross_profit": 848000,
            "gross_margin": 43.89,
            "gross_margin_4q_avg": 44.36,
            "net_income": 156000,
            "net_income_4q": null,
            "revenue": 1932000,
            "revenue_4q": null,
            "common_shares": 12000,
            "book_valuer_per_share": 2.42,
            "book_valuer_per_share_4q_avg": 2.02,
            "equity": 3305000,
            "current_ratio": 209.9,
            "debt_ratio": 49.79,
            "inventory_turnover_ratio": 0.91,
            "account_receivable_turnover_ratio": 1.11,
            "reinvestment_rate": -104.93,
            "research_to_sale_ratio": 23.81,
            "price_fair": 17.4,
            "eps_avg_yearly": 0.5,
            "eps_latest_yearly": 0.52,
            "eps_growth_yearly": 133.82
        },
        "20203": {
            "year_quarter": 20203,
            "year": 2020,
            "quarter": 3,
            "eps": 0.35,
            "eps_growth_year": 149.31,
            "eps_4q": 0.84,
            "eps_4q_growth_year": 281.32,
            "roe": 10.85,
            "roe_4q": 27.580000000000002,
            "gross_profit": 1230000,
            "gross_margin": 43.91,
            "gross_margin_4q_avg": 44.56,
            "net_income": 389000,
            "net_income_4q": null,
            "revenue": 2801000,
            "revenue_4q": null,
            "common_shares": 12000,
            "book_valuer_per_share": 2.82,
            "book_valuer_per_share_4q_avg": 2.35,
            "equity": 3867000,
            "current_ratio": 227.55,
            "debt_ratio": 44.94,
            "inventory_turnover_ratio": 1.2,
            "account_receivable_turnover_ratio": 1.43,
            "reinvestment_rate": 355.49,
            "research_to_sale_ratio": 18.14,
            "price_fair": 21.35,
            "eps_avg_yearly": 0.61,
            "eps_latest_yearly": 1.4,
            "eps_growth_yearly": 201.71
        },
        "20204": {
            "year_quarter": 20204,
            "year": 2020,
            "quarter": 4,
            "eps": 1.47,
            "eps_growth_year": 567.42,
            "eps_4q": 2.09,
            "eps_4q_growth_year": 441.29,
            "roe": 36.64,
            "roe_4q": 57.940000000000005,
            "gross_profit": 1451000,
            "gross_margin": 44.73,
            "gross_margin_4q_avg": 44.58,
            "net_income": 1778000,
            "net_income_4q": null,
            "revenue": 3244000,
            "revenue_4q": null,
            "common_shares": 12000,
            "book_valuer_per_share": 4.39,
            "book_valuer_per_share_4q_avg": 2.95,
            "equity": 5837000,
            "current_ratio": 254.16,
            "debt_ratio": 34.87,
            "inventory_turnover_ratio": 1.33,
            "account_receivable_turnover_ratio": 1.54,
            "reinvestment_rate": 33.55,
            "research_to_sale_ratio": 17.66,
            "price_fair": 41.84,
            "eps_avg_yearly": 1.2,
            "eps_latest_yearly": 5.88,
            "eps_growth_yearly": 321.52
        },
        "20211": {
            "year_quarter": 20211,
            "year": 2021,
            "quarter": 1,
            "eps": 0.46,
            "eps_growth_year": 237.6,
            "eps_4q": 2.41,
            "eps_4q_growth_year": 350.75,
            "roe": 8.98,
            "roe_4q": 61.39000000000001,
            "gross_profit": 1587000,
            "gross_margin": 46.07,
            "gross_margin_4q_avg": 44.65,
            "net_income": 553000,
            "net_income_4q": null,
            "revenue": 3445000,
            "revenue_4q": null,
            "common_shares": 12000,
            "book_valuer_per_share": 4.93,
            "book_valuer_per_share_4q_avg": 3.64,
            "equity": 6477000,
            "current_ratio": 251.29,
            "debt_ratio": 35.53,
            "inventory_turnover_ratio": 1.22,
            "account_receivable_turnover_ratio": 1.62,
            "reinvestment_rate": 28.11,
            "research_to_sale_ratio": 17.71,
            "price_fair": 44.1,
            "eps_avg_yearly": 1.26,
            "eps_latest_yearly": 1.84,
            "eps_growth_yearly": 261.89
        },
        "20212": {
            "year_quarter": 20212,
            "year": 2021,
            "quarter": 2,
            "eps": 0.58,
            "eps_growth_year": 341.41,
            "eps_4q": 2.85,
            "eps_4q_growth_year": 354.99,
            "roe": 10.46,
            "roe_4q": 66.92999999999999,
            "gross_profit": 1830000,
            "gross_margin": 47.53,
            "gross_margin_4q_avg": 45.56,
            "net_income": 708000,
            "net_income_4q": null,
            "revenue": 3850000,
            "revenue_4q": null,
            "common_shares": 12000,
            "book_valuer_per_share": 5.42,
            "book_valuer_per_share_4q_avg": 4.39,
            "equity": 7065000,
            "current_ratio": 270.33,
            "debt_ratio": 33.92,
            "inventory_turnover_ratio": 1.18,
            "account_receivable_turnover_ratio": 1.83,
            "reinvestment_rate": 20.72,
            "research_to_sale_ratio": 17.12,
            "price_fair": 47.47,
            "eps_avg_yearly": 1.36,
            "eps_latest_yearly": 2.32,
            "eps_growth_yearly": 247.56
        },
        "20213": {
            "year_quarter": 20213,
            "year": 2021,
            "quarter": 3,
            "eps": 0.77,
            "eps_growth_year": 117.76,
            "eps_4q": 3.27,
            "eps_4q_growth_year": 289.98,
            "roe": 12.97,
            "roe_4q": 69.05,
            "gross_profit": 2086000,
            "gross_margin": 48.37,
            "gross_margin_4q_avg": 46.68,
            "net_income": 921000,
            "net_income_4q": null,
            "revenue": 4313000,
            "revenue_4q": null,
            "common_shares": 12000,
            "book_valuer_per_share": 5.19,
            "book_valuer_per_share_4q_avg": 4.98,
            "equity": 7136000,
            "current_ratio": 224.13,
            "debt_ratio": 36.02,
            "inventory_turnover_ratio": 1.21,
            "account_receivable_turnover_ratio": 2.03,
            "reinvestment_rate": 17.89,
            "research_to_sale_ratio": 17.74,
            "price_fair": 52.5,
            "eps_avg_yearly": 1.5,
            "eps_latest_yearly": 3.08,
            "eps_growth_yearly": 237.85
        },
        "20214": {
            "year_quarter": 20214,
            "year": 2021,
            "quarter": 4,
            "eps": 0.78,
            "eps_growth_year": -47.03,
            "eps_4q": 2.58,
            "eps_4q_growth_year": 23.55,
            "roe": 13.31,
            "roe_4q": 45.72,
            "gross_profit": 2426000,
            "gross_margin": 50.27,
            "gross_margin_4q_avg": 48.06,
            "net_income": 974000,
            "net_income_4q": null,
            "revenue": 4826000,
            "revenue_4q": null,
            "common_shares": 12000,
            "book_valuer_per_share": 5.7,
            "book_valuer_per_share_4q_avg": 5.31,
            "equity": 7497000,
            "current_ratio": 202.43,
            "debt_ratio": 39.63,
            "inventory_turnover_ratio": 1.24,
            "account_receivable_turnover_ratio": 1.96,
            "reinvestment_rate": 12.51,
            "research_to_sale_ratio": 16.8,
            "price_fair": 56.86,
            "eps_avg_yearly": 1.62,
            "eps_latest_yearly": 3.12,
            "eps_growth_yearly": 219.96
        },
        "20221": {
            "year_quarter": 20221,
            "year": 2022,
            "quarter": 1,
            "eps": 0.51,
            "eps_growth_year": 11.33,
            "eps_4q": 2.63,
            "eps_4q_growth_year": 9.17,
            "roe": 2.49,
            "roe_4q": 39.230000000000004,
            "gross_profit": 2818000,
            "gross_margin": 47.87,
            "gross_margin_4q_avg": 48.51,
            "net_income": 783000,
            "net_income_4q": null,
            "revenue": 5887000,
            "revenue_4q": null,
            "common_shares": 16000,
            "book_valuer_per_share": 3.03,
            "book_valuer_per_share_4q_avg": 4.84,
            "equity": 55333000,
            "current_ratio": 239.54,
            "debt_ratio": 17.31,
            "inventory_turnover_ratio": 1.4,
            "account_receivable_turnover_ratio": 1.84,
            "reinvestment_rate": 21.96,
            "research_to_sale_ratio": 18.01,
            "price_fair": 57.9,
            "eps_avg_yearly": 1.65,
            "eps_latest_yearly": 2.04,
            "eps_growth_yearly": 194.36
        },
        "20222": {
            "year_quarter": 20222,
            "year": 2022,
            "quarter": 2,
            "eps": 0.27,
            "eps_growth_year": -52.89,
            "eps_4q": 2.33,
            "eps_4q_growth_year": -18.52,
            "roe": 0.8,
            "roe_4q": 29.57,
            "gross_profit": 3028000,
            "gross_margin": 46.23,
            "gross_margin_4q_avg": 48.19,
            "net_income": 443000,
            "net_income_4q": null,
            "revenue": 6550000,
            "revenue_4q": null,
            "common_shares": 16000,
            "book_valuer_per_share": 2.67,
            "book_valuer_per_share_4q_avg": 4.15,
            "equity": 55169000,
            "current_ratio": 243.74,
            "debt_ratio": 18.27,
            "inventory_turnover_ratio": 1.39,
            "account_receivable_turnover_ratio": 1.69,
            "reinvestment_rate": 22.09,
            "research_to_sale_ratio": 19.85,
            "price_fair": 59.6,
            "eps_avg_yearly": 1.7,
            "eps_latest_yearly": 1.08,
            "eps_growth_yearly": 173.77
        },
        "20223": {
            "year_quarter": 20223,
            "year": 2022,
            "quarter": 3,
            "eps": 0.04,
            "eps_growth_year": -95.12,
            "eps_4q": 1.6,
            "eps_4q_growth_year": -51.17,
            "roe": 0.11,
            "roe_4q": 16.71,
            "gross_profit": 2354000,
            "gross_margin": 42.3,
            "gross_margin_4q_avg": 46.67,
            "net_income": 62000,
            "net_income_4q": null,
            "revenue": 5565000,
            "revenue_4q": null,
            "common_shares": 16000,
            "book_valuer_per_share": 2.88,
            "book_valuer_per_share_4q_avg": 3.57,
            "equity": 54542000,
            "current_ratio": 215.51,
            "debt_ratio": 19.57,
            "inventory_turnover_ratio": 1.07,
            "account_receivable_turnover_ratio": 1.33,
            "reinvestment_rate": 22.58,
            "research_to_sale_ratio": 22.98,
            "price_fair": 59.1,
            "eps_avg_yearly": 1.69,
            "eps_latest_yearly": 0.16,
            "eps_growth_yearly": 152.29
        },
        "20224": {
            "year_quarter": 20224,
            "year": 2022,
            "quarter": 4,
            "eps": 0.03,
            "eps_growth_year": -96.27,
            "eps_4q": 0.85,
            "eps_4q_growth_year": -67.13,
            "roe": 0.03,
            "roe_4q": 3.43,
            "gross_profit": 2403000,
            "gross_margin": 42.92,
            "gross_margin_4q_avg": 44.83,
            "net_income": 18000,
            "net_income_4q": null,
            "revenue": 5599000,
            "revenue_4q": null,
            "common_shares": 16000,
            "book_valuer_per_share": 3.78,
            "book_valuer_per_share_4q_avg": 3.09,
            "equity": 54750000,
            "current_ratio": 235.81,
            "debt_ratio": 18.98,
            "inventory_turnover_ratio": 0.9,
            "account_receivable_turnover_ratio": 1.32,
            "reinvestment_rate": 19.35,
            "research_to_sale_ratio": 24.4,
            "price_fair": 58.9,
            "eps_avg_yearly": 1.68,
            "eps_latest_yearly": 0.12,
            "eps_growth_yearly": 157.84
        },
        "20231": {
            "year_quarter": 20231,
            "year": 2023,
            "quarter": 1,
            "eps": -0.09,
            "eps_growth_year": -117.72,
            "eps_4q": 0.25,
            "eps_4q_growth_year": -90.6,
            "roe": -0.26,
            "roe_4q": 0.68,
            "gross_profit": 2359000,
            "gross_margin": 44.07,
            "gross_margin_4q_avg": 43.88,
            "net_income": -140000,
            "net_income_4q": null,
            "revenue": 5353000,
            "revenue_4q": null,
            "common_shares": 16000,
            "book_valuer_per_share": 4.49,
            "book_valuer_per_share_4q_avg": 3.46,
            "equity": 54694000,
            "current_ratio": 238.07,
            "debt_ratio": 19.13,
            "inventory_turnover_ratio": 0.75,
            "account_receivable_turnover_ratio": 1.31,
            "reinvestment_rate": 18.31,
            "research_to_sale_ratio": 26.36,
            "price_fair": 58.9,
            "eps_avg_yearly": 1.68,
            "eps_latest_yearly": 0.12,
            "eps_growth_yearly": 157.84
        },
        "20232": {
            "year_quarter": 20232,
            "year": 2023,
            "quarter": 2,
            "eps": 0.01,
            "eps_growth_year": -95.06,
            "eps_4q": -0.01,
            "eps_4q_growth_year": -100.45,
            "roe": 0.04,
            "roe_4q": -0.08,
            "gross_profit": 2443000,
            "gross_margin": 45.59,
            "gross_margin_4q_avg": 43.72,
            "net_income": 21000,
            "net_income_4q": null,
            "revenue": 5359000,
            "revenue_4q": null,
            "common_shares": 16000,
            "book_valuer_per_share": 5.18,
            "book_valuer_per_share_4q_avg": 4.08,
            "equity": 55136000,
            "current_ratio": 217.97,
            "debt_ratio": 18.88,
            "inventory_turnover_ratio": 0.66,
            "account_receivable_turnover_ratio": 1.28,
            "reinvestment_rate": 19.36,
            "research_to_sale_ratio": 26.93,
            "price_fair": 58.9,
            "eps_avg_yearly": 1.68,
            "eps_latest_yearly": 0.12,
            "eps_growth_yearly": 157.84
        },
        "20233": {
            "year_quarter": 20233,
            "year": 2023,
            "quarter": 3,
            "eps": 0.2,
            "eps_growth_year": 421.43,
            "eps_4q": 0.15,
            "eps_4q_growth_year": -90.78,
            "roe": 0.54,
            "roe_4q": 0.3500000000000001,
            "gross_profit": 2747000,
            "gross_margin": 47.36,
            "gross_margin_4q_avg": 44.99,
            "net_income": 296000,
            "net_income_4q": null,
            "revenue": 5800000,
            "revenue_4q": null,
            "common_shares": 17000,
            "book_valuer_per_share": 5.47,
            "book_valuer_per_share_4q_avg": 4.73,
            "equity": 54970000,
            "current_ratio": 218.8,
            "debt_ratio": 18.71,
            "inventory_turnover_ratio": 0.68,
            "account_receivable_turnover_ratio": 1.24,
            "reinvestment_rate": 19.27,
            "research_to_sale_ratio": 25.98,
            "price_fair": 59.5,
            "eps_avg_yearly": 1.7,
            "eps_latest_yearly": 0.8,
            "eps_growth_yearly": 629.27
        },
        "20234": {
            "year_quarter": 20234,
            "year": 2023,
            "quarter": 4,
            "eps": 0.44,
            "eps_growth_year": 1407.61,
            "eps_4q": 0.56,
            "eps_4q_growth_year": -34.4,
            "roe": 1.19,
            "roe_4q": 1.51,
            "gross_profit": 2911000,
            "gross_margin": 47.2,
            "gross_margin_4q_avg": 46.06,
            "net_income": 661000,
            "net_income_4q": null,
            "revenue": 6168000,
            "revenue_4q": null,
            "common_shares": 17000,
            "book_valuer_per_share": 6.35,
            "book_valuer_per_share_4q_avg": 5.37,
            "equity": 55892000,
            "current_ratio": 250.68,
            "debt_ratio": 17.67,
            "inventory_turnover_ratio": 0.74,
            "account_receivable_turnover_ratio": 1.18,
            "reinvestment_rate": 19.29,
            "research_to_sale_ratio": 24.5,
            "price_fair": 61.7,
            "eps_avg_yearly": 1.76,
            "eps_latest_yearly": 1.76,
            "eps_growth_yearly": 647.23
        }
    },
    "months": {
        "2001-01": {
            "month": "2001-01",
            "price": "19.58",
            "revenue": 0
        },
        "2001-02": {
            "month": "2001-02",
            "price": "23.60",
            "revenue": 0
        },
        "2001-03": {
            "month": "2001-03",
            "price": "24.94",
            "revenue": 0
        },
        "2001-04": {
            "month": "2001-04",
            "price": "25.25",
            "revenue": 0
        },
        "2001-05": {
            "month": "2001-05",
            "price": "30.69",
            "revenue": 0
        },
        "2001-06": {
            "month": "2001-06",
            "price": "27.55",
            "revenue": 0
        },
        "2001-07": {
            "month": "2001-07",
            "price": "20.48",
            "revenue": 0
        },
        "2001-08": {
            "month": "2001-08",
            "price": "15.79",
            "revenue": 0
        },
        "2001-09": {
            "month": "2001-09",
            "price": "10.01",
            "revenue": 0
        },
        "2001-10": {
            "month": "2001-10",
            "price": "9.48",
            "revenue": 0
        },
        "2001-11": {
            "month": "2001-11",
            "price": "13.23",
            "revenue": 0
        },
        "2001-12": {
            "month": "2001-12",
            "price": "16.50",
            "revenue": 0
        },
        "2002-01": {
            "month": "2002-01",
            "price": "17.75",
            "revenue": 0
        },
        "2002-02": {
            "month": "2002-02",
            "price": "14.34",
            "revenue": 0
        },
        "2002-03": {
            "month": "2002-03",
            "price": "14.94",
            "revenue": 0
        },
        "2002-04": {
            "month": "2002-04",
            "price": "12.92",
            "revenue": 0
        },
        "2002-05": {
            "month": "2002-05",
            "price": "11.62",
            "revenue": 0
        },
        "2002-06": {
            "month": "2002-06",
            "price": "9.60",
            "revenue": 0
        },
        "2002-07": {
            "month": "2002-07",
            "price": "8.71",
            "revenue": 0
        },
        "2002-08": {
            "month": "2002-08",
            "price": "9.06",
            "revenue": 0
        },
        "2002-09": {
            "month": "2002-09",
            "price": "7.01",
            "revenue": 0
        },
        "2002-10": {
            "month": "2002-10",
            "price": "4.74",
            "revenue": 0
        },
        "2002-11": {
            "month": "2002-11",
            "price": "6.80",
            "revenue": 0
        },
        "2002-12": {
            "month": "2002-12",
            "price": "7.28",
            "revenue": 0
        },
        "2003-01": {
            "month": "2003-01",
            "price": "6.36",
            "revenue": 0
        },
        "2003-02": {
            "month": "2003-02",
            "price": "5.20",
            "revenue": 0
        },
        "2003-03": {
            "month": "2003-03",
            "price": "6.04",
            "revenue": 0
        },
        "2003-04": {
            "month": "2003-04",
            "price": "7.48",
            "revenue": 0
        },
        "2003-05": {
            "month": "2003-05",
            "price": "7.33",
            "revenue": 0
        },
        "2003-06": {
            "month": "2003-06",
            "price": "6.66",
            "revenue": 0
        },
        "2003-07": {
            "month": "2003-07",
            "price": "7.13",
            "revenue": 0
        },
        "2003-08": {
            "month": "2003-08",
            "price": "8.62",
            "revenue": 0
        },
        "2003-09": {
            "month": "2003-09",
            "price": "11.86",
            "revenue": 0
        },
        "2003-10": {
            "month": "2003-10",
            "price": "13.54",
            "revenue": 0
        },
        "2003-11": {
            "month": "2003-11",
            "price": "17.23",
            "revenue": 0
        },
        "2003-12": {
            "month": "2003-12",
            "price": "15.32",
            "revenue": 0
        },
        "2004-01": {
            "month": "2004-01",
            "price": "15.58",
            "revenue": 0
        },
        "2004-02": {
            "month": "2004-02",
            "price": "14.81",
            "revenue": 0
        },
        "2004-03": {
            "month": "2004-03",
            "price": "15.15",
            "revenue": 0
        },
        "2004-04": {
            "month": "2004-04",
            "price": "16.35",
            "revenue": 0
        },
        "2004-05": {
            "month": "2004-05",
            "price": "14.62",
            "revenue": 0
        },
        "2004-06": {
            "month": "2004-06",
            "price": "15.27",
            "revenue": 0
        },
        "2004-07": {
            "month": "2004-07",
            "price": "13.33",
            "revenue": 0
        },
        "2004-08": {
            "month": "2004-08",
            "price": "11.63",
            "revenue": 0
        },
        "2004-09": {
            "month": "2004-09",
            "price": "12.26",
            "revenue": 0
        },
        "2004-10": {
            "month": "2004-10",
            "price": "14.68",
            "revenue": 0
        },
        "2004-11": {
            "month": "2004-11",
            "price": "19.63",
            "revenue": 0
        },
        "2004-12": {
            "month": "2004-12",
            "price": "22.40",
            "revenue": 0
        },
        "2005-01": {
            "month": "2005-01",
            "price": "16.90",
            "revenue": 0
        },
        "2005-02": {
            "month": "2005-02",
            "price": "17.34",
            "revenue": 0
        },
        "2005-03": {
            "month": "2005-03",
            "price": "16.47",
            "revenue": 0
        },
        "2005-04": {
            "month": "2005-04",
            "price": "15.57",
            "revenue": 0
        },
        "2005-05": {
            "month": "2005-05",
            "price": "15.49",
            "revenue": 0
        },
        "2005-06": {
            "month": "2005-06",
            "price": "17.38",
            "revenue": 0
        },
        "2005-07": {
            "month": "2005-07",
            "price": "19.56",
            "revenue": 0
        },
        "2005-08": {
            "month": "2005-08",
            "price": "20.57",
            "revenue": 0
        },
        "2005-09": {
            "month": "2005-09",
            "price": "23.03",
            "revenue": 0
        },
        "2005-10": {
            "month": "2005-10",
            "price": "22.57",
            "revenue": 0
        },
        "2005-11": {
            "month": "2005-11",
            "price": "25.42",
            "revenue": 0
        },
        "2005-12": {
            "month": "2005-12",
            "price": "28.46",
            "revenue": 0
        },
        "2006-01": {
            "month": "2006-01",
            "price": "35.97",
            "revenue": 0
        },
        "2006-02": {
            "month": "2006-02",
            "price": "40.45",
            "revenue": 0
        },
        "2006-03": {
            "month": "2006-03",
            "price": "35.87",
            "revenue": 0
        },
        "2006-04": {
            "month": "2006-04",
            "price": "32.98",
            "revenue": 0
        },
        "2006-05": {
            "month": "2006-05",
            "price": "32.24",
            "revenue": 0
        },
        "2006-06": {
            "month": "2006-06",
            "price": "26.19",
            "revenue": 0
        },
        "2006-07": {
            "month": "2006-07",
            "price": "21.04",
            "revenue": 0
        },
        "2006-08": {
            "month": "2006-08",
            "price": "22.26",
            "revenue": 0
        },
        "2006-09": {
            "month": "2006-09",
            "price": "26.07",
            "revenue": 0
        },
        "2006-10": {
            "month": "2006-10",
            "price": "22.95",
            "revenue": 0
        },
        "2006-11": {
            "month": "2006-11",
            "price": "21.38",
            "revenue": 0
        },
        "2006-12": {
            "month": "2006-12",
            "price": "21.10",
            "revenue": 0
        },
        "2007-01": {
            "month": "2007-01",
            "price": "17.96",
            "revenue": 0
        },
        "2007-02": {
            "month": "2007-02",
            "price": "15.08",
            "revenue": 0
        },
        "2007-03": {
            "month": "2007-03",
            "price": "13.81",
            "revenue": 0
        },
        "2007-04": {
            "month": "2007-04",
            "price": "13.68",
            "revenue": 0
        },
        "2007-05": {
            "month": "2007-05",
            "price": "14.52",
            "revenue": 0
        },
        "2007-06": {
            "month": "2007-06",
            "price": "14.04",
            "revenue": 0
        },
        "2007-07": {
            "month": "2007-07",
            "price": "14.86",
            "revenue": 0
        },
        "2007-08": {
            "month": "2007-08",
            "price": "12.49",
            "revenue": 0
        },
        "2007-09": {
            "month": "2007-09",
            "price": "13.11",
            "revenue": 0
        },
        "2007-10": {
            "month": "2007-10",
            "price": "13.54",
            "revenue": 0
        },
        "2007-11": {
            "month": "2007-11",
            "price": "11.82",
            "revenue": 0
        },
        "2007-12": {
            "month": "2007-12",
            "price": "8.38",
            "revenue": 0
        },
        "2008-01": {
            "month": "2008-01",
            "price": "6.76",
            "revenue": 0
        },
        "2008-02": {
            "month": "2008-02",
            "price": "6.89",
            "revenue": 0
        },
        "2008-03": {
            "month": "2008-03",
            "price": "6.36",
            "revenue": 0
        },
        "2008-04": {
            "month": "2008-04",
            "price": "6.08",
            "revenue": 0
        },
        "2008-05": {
            "month": "2008-05",
            "price": "6.93",
            "revenue": 0
        },
        "2008-06": {
            "month": "2008-06",
            "price": "7.00",
            "revenue": 0
        },
        "2008-07": {
            "month": "2008-07",
            "price": "4.82",
            "revenue": 0
        },
        "2008-08": {
            "month": "2008-08",
            "price": "5.43",
            "revenue": 0
        },
        "2008-09": {
            "month": "2008-09",
            "price": "5.44",
            "revenue": 0
        },
        "2008-10": {
            "month": "2008-10",
            "price": "3.85",
            "revenue": 0
        },
        "2008-11": {
            "month": "2008-11",
            "price": "2.63",
            "revenue": 0
        },
        "2008-12": {
            "month": "2008-12",
            "price": "2.15",
            "revenue": 0
        },
        "2009-01": {
            "month": "2009-01",
            "price": "2.34",
            "revenue": 0
        },
        "2009-02": {
            "month": "2009-02",
            "price": "2.21",
            "revenue": 0
        },
        "2009-03": {
            "month": "2009-03",
            "price": "2.67",
            "revenue": 0
        },
        "2009-04": {
            "month": "2009-04",
            "price": "3.47",
            "revenue": 0
        },
        "2009-05": {
            "month": "2009-05",
            "price": "4.30",
            "revenue": 0
        },
        "2009-06": {
            "month": "2009-06",
            "price": "4.19",
            "revenue": 0
        },
        "2009-07": {
            "month": "2009-07",
            "price": "3.71",
            "revenue": 0
        },
        "2009-08": {
            "month": "2009-08",
            "price": "3.80",
            "revenue": 0
        },
        "2009-09": {
            "month": "2009-09",
            "price": "5.45",
            "revenue": 0
        },
        "2009-10": {
            "month": "2009-10",
            "price": "5.60",
            "revenue": 0
        },
        "2009-11": {
            "month": "2009-11",
            "price": "6.09",
            "revenue": 0
        },
        "2009-12": {
            "month": "2009-12",
            "price": "8.90",
            "revenue": 0
        },
        "2010-01": {
            "month": "2010-01",
            "price": "8.79",
            "revenue": 0
        },
        "2010-02": {
            "month": "2010-02",
            "price": "7.79",
            "revenue": 0
        },
        "2010-03": {
            "month": "2010-03",
            "price": "8.97",
            "revenue": 0
        },
        "2010-04": {
            "month": "2010-04",
            "price": "9.62",
            "revenue": 0
        },
        "2010-05": {
            "month": "2010-05",
            "price": "8.65",
            "revenue": 0
        },
        "2010-06": {
            "month": "2010-06",
            "price": "8.25",
            "revenue": 0
        },
        "2010-07": {
            "month": "2010-07",
            "price": "7.53",
            "revenue": 0
        },
        "2010-08": {
            "month": "2010-08",
            "price": "6.61",
            "revenue": 0
        },
        "2010-09": {
            "month": "2010-09",
            "price": "6.30",
            "revenue": 0
        },
        "2010-10": {
            "month": "2010-10",
            "price": "7.10",
            "revenue": 0
        },
        "2010-11": {
            "month": "2010-11",
            "price": "7.59",
            "revenue": 0
        },
        "2010-12": {
            "month": "2010-12",
            "price": "8.01",
            "revenue": 0
        },
        "2011-01": {
            "month": "2011-01",
            "price": "8.17",
            "revenue": 0
        },
        "2011-02": {
            "month": "2011-02",
            "price": "8.65",
            "revenue": 0
        },
        "2011-03": {
            "month": "2011-03",
            "price": "8.69",
            "revenue": 0
        },
        "2011-04": {
            "month": "2011-04",
            "price": "8.49",
            "revenue": 0
        },
        "2011-05": {
            "month": "2011-05",
            "price": "8.72",
            "revenue": 0
        },
        "2011-06": {
            "month": "2011-06",
            "price": "7.40",
            "revenue": 0
        },
        "2011-07": {
            "month": "2011-07",
            "price": "6.95",
            "revenue": 0
        },
        "2011-08": {
            "month": "2011-08",
            "price": "6.43",
            "revenue": 0
        },
        "2011-09": {
            "month": "2011-09",
            "price": "6.51",
            "revenue": 0
        },
        "2011-10": {
            "month": "2011-10",
            "price": "4.94",
            "revenue": 0
        },
        "2011-11": {
            "month": "2011-11",
            "price": "5.51",
            "revenue": 0
        },
        "2011-12": {
            "month": "2011-12",
            "price": "5.36",
            "revenue": 0
        },
        "2012-01": {
            "month": "2012-01",
            "price": "6.08",
            "revenue": 0
        },
        "2012-02": {
            "month": "2012-02",
            "price": "7.25",
            "revenue": 0
        },
        "2012-03": {
            "month": "2012-03",
            "price": "7.80",
            "revenue": 0
        },
        "2012-04": {
            "month": "2012-04",
            "price": "7.70",
            "revenue": 0
        },
        "2012-05": {
            "month": "2012-05",
            "price": "6.63",
            "revenue": 0
        },
        "2012-06": {
            "month": "2012-06",
            "price": "5.74",
            "revenue": 0
        },
        "2012-07": {
            "month": "2012-07",
            "price": "4.80",
            "revenue": 0
        },
        "2012-08": {
            "month": "2012-08",
            "price": "4.04",
            "revenue": 0
        },
        "2012-09": {
            "month": "2012-09",
            "price": "3.61",
            "revenue": 0
        },
        "2012-10": {
            "month": "2012-10",
            "price": "2.72",
            "revenue": 0
        },
        "2012-11": {
            "month": "2012-11",
            "price": "1.99",
            "revenue": 0
        },
        "2012-12": {
            "month": "2012-12",
            "price": "2.40",
            "revenue": 0
        },
        "2013-01": {
            "month": "2013-01",
            "price": "2.65",
            "revenue": 0
        },
        "2013-02": {
            "month": "2013-02",
            "price": "2.62",
            "revenue": 0
        },
        "2013-03": {
            "month": "2013-03",
            "price": "2.56",
            "revenue": 0
        },
        "2013-04": {
            "month": "2013-04",
            "price": "2.51",
            "revenue": 0
        },
        "2013-05": {
            "month": "2013-05",
            "price": "3.91",
            "revenue": 0
        },
        "2013-06": {
            "month": "2013-06",
            "price": "4.01",
            "revenue": 0
        },
        "2013-07": {
            "month": "2013-07",
            "price": "4.04",
            "revenue": 0
        },
        "2013-08": {
            "month": "2013-08",
            "price": "3.63",
            "revenue": 0
        },
        "2013-09": {
            "month": "2013-09",
            "price": "3.75",
            "revenue": 0
        },
        "2013-10": {
            "month": "2013-10",
            "price": "3.64",
            "revenue": 0
        },
        "2013-11": {
            "month": "2013-11",
            "price": "3.41",
            "revenue": 0
        },
        "2013-12": {
            "month": "2013-12",
            "price": "3.70",
            "revenue": 0
        },
        "2014-01": {
            "month": "2014-01",
            "price": "3.93",
            "revenue": 0
        },
        "2014-02": {
            "month": "2014-02",
            "price": "3.61",
            "revenue": 0
        },
        "2014-03": {
            "month": "2014-03",
            "price": "3.89",
            "revenue": 0
        },
        "2014-04": {
            "month": "2014-04",
            "price": "3.98",
            "revenue": 0
        },
        "2014-05": {
            "month": "2014-05",
            "price": "4.02",
            "revenue": 0
        },
        "2014-06": {
            "month": "2014-06",
            "price": "4.15",
            "revenue": 0
        },
        "2014-07": {
            "month": "2014-07",
            "price": "4.11",
            "revenue": 0
        },
        "2014-08": {
            "month": "2014-08",
            "price": "4.14",
            "revenue": 0
        },
        "2014-09": {
            "month": "2014-09",
            "price": "3.88",
            "revenue": 0
        },
        "2014-10": {
            "month": "2014-10",
            "price": "2.88",
            "revenue": 0
        },
        "2014-11": {
            "month": "2014-11",
            "price": "2.75",
            "revenue": 0
        },
        "2014-12": {
            "month": "2014-12",
            "price": "2.61",
            "revenue": 0
        },
        "2015-01": {
            "month": "2015-01",
            "price": "2.57",
            "revenue": 0
        },
        "2015-02": {
            "month": "2015-02",
            "price": "3.04",
            "revenue": 0
        },
        "2015-03": {
            "month": "2015-03",
            "price": "2.83",
            "revenue": 0
        },
        "2015-04": {
            "month": "2015-04",
            "price": "2.55",
            "revenue": 0
        },
        "2015-05": {
            "month": "2015-05",
            "price": "2.30",
            "revenue": 0
        },
        "2015-06": {
            "month": "2015-06",
            "price": "2.41",
            "revenue": 0
        },
        "2015-07": {
            "month": "2015-07",
            "price": "1.96",
            "revenue": 0
        },
        "2015-08": {
            "month": "2015-08",
            "price": "1.88",
            "revenue": 0
        },
        "2015-09": {
            "month": "2015-09",
            "price": "1.80",
            "revenue": 0
        },
        "2015-10": {
            "month": "2015-10",
            "price": "1.99",
            "revenue": 0
        },
        "2015-11": {
            "month": "2015-11",
            "price": "2.16",
            "revenue": 0
        },
        "2015-12": {
            "month": "2015-12",
            "price": "2.55",
            "revenue": 0
        },
        "2016-01": {
            "month": "2016-01",
            "price": "2.22",
            "revenue": 0
        },
        "2016-02": {
            "month": "2016-02",
            "price": "1.97",
            "revenue": 0
        },
        "2016-03": {
            "month": "2016-03",
            "price": "2.60",
            "revenue": 0
        },
        "2016-04": {
            "month": "2016-04",
            "price": "3.00",
            "revenue": 0
        },
        "2016-05": {
            "month": "2016-05",
            "price": "3.88",
            "revenue": 0
        },
        "2016-06": {
            "month": "2016-06",
            "price": "4.73",
            "revenue": 0
        },
        "2016-07": {
            "month": "2016-07",
            "price": "5.62",
            "revenue": 0
        },
        "2016-08": {
            "month": "2016-08",
            "price": "6.99",
            "revenue": 0
        },
        "2016-09": {
            "month": "2016-09",
            "price": "6.45",
            "revenue": 0
        },
        "2016-10": {
            "month": "2016-10",
            "price": "6.89",
            "revenue": 0
        },
        "2016-11": {
            "month": "2016-11",
            "price": "7.69",
            "revenue": 0
        },
        "2016-12": {
            "month": "2016-12",
            "price": "10.58",
            "revenue": 0
        },
        "2017-01": {
            "month": "2017-01",
            "price": "10.65",
            "revenue": 0
        },
        "2017-02": {
            "month": "2017-02",
            "price": "13.50",
            "revenue": 0
        },
        "2017-03": {
            "month": "2017-03",
            "price": "13.80",
            "revenue": 0
        },
        "2017-04": {
            "month": "2017-04",
            "price": "13.30",
            "revenue": 0
        },
        "2017-05": {
            "month": "2017-05",
            "price": "11.05",
            "revenue": 0
        },
        "2017-06": {
            "month": "2017-06",
            "price": "12.47",
            "revenue": 0
        },
        "2017-07": {
            "month": "2017-07",
            "price": "13.72",
            "revenue": 0
        },
        "2017-08": {
            "month": "2017-08",
            "price": "12.69",
            "revenue": 0
        },
        "2017-09": {
            "month": "2017-09",
            "price": "12.78",
            "revenue": 0
        },
        "2017-10": {
            "month": "2017-10",
            "price": "13.28",
            "revenue": 0
        },
        "2017-11": {
            "month": "2017-11",
            "price": "11.27",
            "revenue": 0
        },
        "2017-12": {
            "month": "2017-12",
            "price": "10.37",
            "revenue": 0
        },
        "2018-01": {
            "month": "2018-01",
            "price": "12.36",
            "revenue": 0
        },
        "2018-02": {
            "month": "2018-02",
            "price": "11.97",
            "revenue": 0
        },
        "2018-03": {
            "month": "2018-03",
            "price": "11.26",
            "revenue": 0
        },
        "2018-04": {
            "month": "2018-04",
            "price": "10.08",
            "revenue": 0
        },
        "2018-05": {
            "month": "2018-05",
            "price": "12.44",
            "revenue": 0
        },
        "2018-06": {
            "month": "2018-06",
            "price": "15.62",
            "revenue": 0
        },
        "2018-07": {
            "month": "2018-07",
            "price": "16.75",
            "revenue": 0
        },
        "2018-08": {
            "month": "2018-08",
            "price": "21.05",
            "revenue": 0
        },
        "2018-09": {
            "month": "2018-09",
            "price": "30.83",
            "revenue": 0
        },
        "2018-10": {
            "month": "2018-10",
            "price": "24.71",
            "revenue": 0
        },
        "2018-11": {
            "month": "2018-11",
            "price": "20.40",
            "revenue": 0
        },
        "2018-12": {
            "month": "2018-12",
            "price": "19.24",
            "revenue": 0
        },
        "2019-01": {
            "month": "2019-01",
            "price": "20.33",
            "revenue": 0
        },
        "2019-02": {
            "month": "2019-02",
            "price": "23.60",
            "revenue": 0
        },
        "2019-03": {
            "month": "2019-03",
            "price": "24.25",
            "revenue": 0
        },
        "2019-04": {
            "month": "2019-04",
            "price": "27.87",
            "revenue": 0
        },
        "2019-05": {
            "month": "2019-05",
            "price": "27.41",
            "revenue": 0
        },
        "2019-06": {
            "month": "2019-06",
            "price": "30.44",
            "revenue": 0
        },
        "2019-07": {
            "month": "2019-07",
            "price": "32.89",
            "revenue": 0
        },
        "2019-08": {
            "month": "2019-08",
            "price": "30.84",
            "revenue": 0
        },
        "2019-09": {
            "month": "2019-09",
            "price": "30.24",
            "revenue": 0
        },
        "2019-10": {
            "month": "2019-10",
            "price": "30.69",
            "revenue": 0
        },
        "2019-11": {
            "month": "2019-11",
            "price": "38.07",
            "revenue": 0
        },
        "2019-12": {
            "month": "2019-12",
            "price": "42.32",
            "revenue": 0
        },
        "2020-01": {
            "month": "2020-01",
            "price": "49.20",
            "revenue": 0
        },
        "2020-02": {
            "month": "2020-02",
            "price": "51.38",
            "revenue": 0
        },
        "2020-03": {
            "month": "2020-03",
            "price": "44.42",
            "revenue": 0
        },
        "2020-04": {
            "month": "2020-04",
            "price": "52.06",
            "revenue": 0
        },
        "2020-05": {
            "month": "2020-05",
            "price": "53.50",
            "revenue": 0
        },
        "2020-06": {
            "month": "2020-06",
            "price": "53.49",
            "revenue": 0
        },
        "2020-07": {
            "month": "2020-07",
            "price": "60.22",
            "revenue": 0
        },
        "2020-08": {
            "month": "2020-08",
            "price": "83.42",
            "revenue": 0
        },
        "2020-09": {
            "month": "2020-09",
            "price": "79.78",
            "revenue": 0
        },
        "2020-10": {
            "month": "2020-10",
            "price": "82.21",
            "revenue": 0
        },
        "2020-11": {
            "month": "2020-11",
            "price": "83.20",
            "revenue": 0
        },
        "2020-12": {
            "month": "2020-12",
            "price": "93.20",
            "revenue": 0
        },
        "2021-01": {
            "month": "2021-01",
            "price": "91.68",
            "revenue": 0
        },
        "2021-02": {
            "month": "2021-02",
            "price": "88.68",
            "revenue": 0
        },
        "2021-03": {
            "month": "2021-03",
            "price": "79.37",
            "revenue": 0
        },
        "2021-04": {
            "month": "2021-04",
            "price": "81.84",
            "revenue": 0
        },
        "2021-05": {
            "month": "2021-05",
            "price": "76.98",
            "revenue": 0
        },
        "2021-06": {
            "month": "2021-06",
            "price": "83.33",
            "revenue": 0
        },
        "2021-07": {
            "month": "2021-07",
            "price": "92.05",
            "revenue": 0
        },
        "2021-08": {
            "month": "2021-08",
            "price": "108.79",
            "revenue": 0
        },
        "2021-09": {
            "month": "2021-09",
            "price": "105.51",
            "revenue": 0
        },
        "2021-10": {
            "month": "2021-10",
            "price": "112.38",
            "revenue": 0
        },
        "2021-11": {
            "month": "2021-11",
            "price": "146.96",
            "revenue": 0
        },
        "2021-12": {
            "month": "2021-12",
            "price": "143.49",
            "revenue": 0
        },
        "2022-01": {
            "month": "2022-01",
            "price": "126.84",
            "revenue": 0
        },
        "2022-02": {
            "month": "2022-02",
            "price": "119.63",
            "revenue": 0
        },
        "2022-03": {
            "month": "2022-03",
            "price": "112.68",
            "revenue": 0
        },
        "2022-04": {
            "month": "2022-04",
            "price": "95.80",
            "revenue": 0
        },
        "2022-05": {
            "month": "2022-05",
            "price": "94.27",
            "revenue": 0
        },
        "2022-06": {
            "month": "2022-06",
            "price": "90.85",
            "revenue": 0
        },
        "2022-07": {
            "month": "2022-07",
            "price": "82.90",
            "revenue": 0
        },
        "2022-08": {
            "month": "2022-08",
            "price": "96.37",
            "revenue": 0
        },
        "2022-09": {
            "month": "2022-09",
            "price": "74.99",
            "revenue": 0
        },
        "2022-10": {
            "month": "2022-10",
            "price": "60.32",
            "revenue": 0
        },
        "2022-11": {
            "month": "2022-11",
            "price": "69.61",
            "revenue": 0
        },
        "2022-12": {
            "month": "2022-12",
            "price": "68.09",
            "revenue": 0
        },
        "2023-01": {
            "month": "2023-01",
            "price": "70.27",
            "revenue": 0
        },
        "2023-02": {
            "month": "2023-02",
            "price": "82.07",
            "revenue": 0
        },
        "2023-03": {
            "month": "2023-03",
            "price": "90.47",
            "revenue": 0
        },
        "2023-04": {
            "month": "2023-04",
            "price": "90.81",
            "revenue": 0
        },
        "2023-05": {
            "month": "2023-05",
            "price": "102.22",
            "revenue": 0
        },
        "2023-06": {
            "month": "2023-06",
            "price": "117.79",
            "revenue": 0
        },
        "2023-07": {
            "month": "2023-07",
            "price": "113.69",
            "revenue": 0
        },
        "2023-08": {
            "month": "2023-08",
            "price": "108.82",
            "revenue": 0
        },
        "2023-09": {
            "month": "2023-09",
            "price": "103.11",
            "revenue": 0
        },
        "2023-10": {
            "month": "2023-10",
            "price": "102.56",
            "revenue": 0
        },
        "2023-11": {
            "month": "2023-11",
            "price": "117.59",
            "revenue": 0
        },
        "2023-12": {
            "month": "2023-12",
            "price": "134.97",
            "revenue": 0
        },
        "2024-01": {
            "month": "2024-01",
            "price": "158.71",
            "revenue": 0
        },
        "2024-02": {
            "month": "2024-02",
            "price": "174.36",
            "revenue": 0
        },
        "2024-03": {
            "month": "2024-03",
            "price": "192.16",
            "revenue": 0
        }
    }
}
