{
    "summary": {
        "stock_name": "Amazon.com Inc",
        "stock_id": "AMZN",
        "category": "Retail/Wholesale",
        "main_business": "亞馬遜公司於1994年在華盛頓州成立，並於1996年在特拉華州重新註冊成立。該公司力求成為地球上以客戶為中心的公司。公司遵循四個原則：以客戶為中心，而不是競爭對手為中心；對發明的熱情；對卓越運營的承諾；以及長期思考。在公司的每個細分市場中，它服務於其主要客戶群，包括消費者，賣方，開發商，企業和內容建立者。此外，該公司還透過諸如贊助廣告，展示和影片廣告之類的程式向賣方，賣方，出版商和作者提供諸如廣告的服務。該公司將其運營分為三個部分：北美，國際和亞馬遜網路服務（“AWS”）。該公司透過其線上商店和實體商店為消費者提供服務，並專注於選擇，價格和便利性。該公司提供的計劃使賣家能夠發展業務，在其商店中銷售產品並履行訂單。該公司透過其AWS部門為各種規模的開發商和企業（包括初創企業，政府機構和學術機構）提供服務，它提供了廣泛的全域性計算，儲存，資料庫和其他服務產品。",
        "website_url": "https://www.amazon.com/",
        "ceo": "Andrew R. Jassy",
        "pe_ratio": 69,
        "report_year_from": 1997,
        "report_year_to": 2023,
        "age": 26,
        "eps_negative_percentage": 17,
        "eps_growth_avg": {
            "last_all": 11.61,
            "last_2y": 4.52,
            "last_4y": 25.74,
            "last_8y": 15.09,
            "last_12y": -0.66,
            "last_16y": 9.35,
            "last_20y": 11.61,
            "at_2006_last_3y": 2.38,
            "at_2007_last_3y": 26.79,
            "at_2008_last_3y": 16.79,
            "at_2009_last_3y": 36.88,
            "at_2010_last_3y": 53.92,
            "at_2011_last_3y": 17.38,
            "at_2012_last_3y": -22.62,
            "at_2013_last_3y": -42.66,
            "at_2014_last_3y": -82.05,
            "at_2015_last_3y": -100,
            "at_2016_last_3y": 0,
            "at_2017_last_3y": -2.67,
            "at_2018_last_3y": 64,
            "at_2019_last_3y": 51.79,
            "at_2020_last_3y": 51.79,
            "at_2021_last_3y": 57.17,
            "at_2022_last_3y": 7.17,
            "at_2023_last_3y": 7.17,
            "at_2006_last_all": 2.38,
            "at_2007_last_all": 26.79,
            "at_2008_last_all": 33.43,
            "at_2009_last_all": 34.11,
            "at_2010_last_all": 31.83,
            "at_2011_last_all": 22.08,
            "at_2012_last_all": 8.52,
            "at_2013_last_all": 8.52,
            "at_2014_last_all": -2.33,
            "at_2015_last_all": -2.33,
            "at_2016_last_all": 6.97,
            "at_2017_last_all": 5.72,
            "at_2018_last_all": 12.97,
            "at_2019_last_all": 13.13,
            "at_2020_last_all": 18.92,
            "at_2021_last_all": 18.59,
            "at_2022_last_all": 11.61,
            "at_2023_last_all": 11.61
        },
        "latest_eps": 1.92,
        "latest_price": 132.71,
        "latest_roe": 12.32,
        "latest_gross_margin": 47.57,
        "latest_equity": 182973000,
        "latest_revenue": 143083000,
        "latest_gross_profit": 68061000,
        "latest_net_income": 9883000,
        "latest_debt_ratio": 62.42,
        "latest_current_ratio": 98.47,
        "latest_account_receivable_turnover_ratio": 3.47,
        "latest_inventory_turnover_ratio": 2.08,
        "latest_reinvestment_rate": 232.42,
        "latest_research_to_sale_ratio": 14.82
    },
    "eps_dividends": {
        "2001": {
            "cash": 0,
            "stock": 0,
            "eps": -0.03
        },
        "2002": {
            "cash": 0,
            "stock": 0,
            "eps": 0
        },
        "2003": {
            "cash": 0,
            "stock": 0,
            "eps": 0.01
        },
        "2004": {
            "cash": 0,
            "stock": 0,
            "eps": 0.07
        },
        "2005": {
            "cash": 0,
            "stock": 0,
            "eps": 0.04
        },
        "2006": {
            "cash": 0,
            "stock": 0,
            "eps": 0.02
        },
        "2007": {
            "cash": 0,
            "stock": 0,
            "eps": 0.05
        },
        "2008": {
            "cash": 0,
            "stock": 0,
            "eps": 0.08
        },
        "2009": {
            "cash": 0,
            "stock": 0,
            "eps": 0.11
        },
        "2010": {
            "cash": 0,
            "stock": 0,
            "eps": 0.13
        },
        "2011": {
            "cash": 0,
            "stock": 0,
            "eps": 0.07
        },
        "2012": {
            "cash": 0,
            "stock": 0,
            "eps": -0.01
        },
        "2013": {
            "cash": 0,
            "stock": 0,
            "eps": 0.04
        },
        "2014": {
            "cash": 0,
            "stock": 0,
            "eps": -0.03
        },
        "2015": {
            "cash": 0,
            "stock": 0,
            "eps": 0.06
        },
        "2016": {
            "cash": 0,
            "stock": 0,
            "eps": 0.25
        },
        "2017": {
            "cash": 0,
            "stock": 0,
            "eps": 0.23
        },
        "2018": {
            "cash": 0,
            "stock": 0,
            "eps": 0.99
        },
        "2019": {
            "cash": 0,
            "stock": 0,
            "eps": 1.14
        },
        "2020": {
            "cash": 0,
            "stock": 0,
            "eps": 3.1
        },
        "2021": {
            "cash": 0,
            "stock": 0,
            "eps": 3.52
        },
        "2022": {
            "cash": 0,
            "stock": 0,
            "eps": -0.27
        },
        "2023": {
            "cash": 0,
            "stock": 0,
            "eps": 1.9
        }
    },
    "dividends": [],
    "prices": {
        "200101": "0.89",
        "200102": "0.68",
        "200103": "0.55",
        "200104": "0.67",
        "200105": "0.79",
        "200106": "0.71",
        "200107": "0.74",
        "200108": "0.52",
        "200109": "0.37",
        "200110": "0.38",
        "200111": "0.44",
        "200112": "0.55",
        "200201": "0.60",
        "200202": "0.65",
        "200203": "0.77",
        "200204": "0.73",
        "200205": "0.91",
        "200206": "0.87",
        "200207": "0.74",
        "200208": "0.73",
        "200209": "0.81",
        "200210": "0.92",
        "200211": "1.07",
        "200212": "1.09",
        "200301": "1.07",
        "200302": "1.07",
        "200303": "1.26",
        "200304": "1.31",
        "200305": "1.61",
        "200306": "1.76",
        "200307": "1.94",
        "200308": "2.11",
        "200309": "2.37",
        "200310": "2.80",
        "200311": "2.64",
        "200312": "2.56",
        "200401": "2.70",
        "200402": "2.26",
        "200403": "2.12",
        "200404": "2.33",
        "200405": "2.16",
        "200406": "2.54",
        "200407": "2.30",
        "200408": "1.90",
        "200409": "2.03",
        "200410": "1.91",
        "200411": "1.92",
        "200412": "2.03",
        "200501": "2.12",
        "200502": "1.81",
        "200503": "1.72",
        "200504": "1.69",
        "200505": "1.73",
        "200506": "1.75",
        "200507": "1.88",
        "200508": "2.21",
        "200509": "2.15",
        "200510": "2.18",
        "200511": "2.24",
        "200512": "2.44",
        "200601": "2.26",
        "200602": "1.94",
        "200603": "1.82",
        "200604": "1.82",
        "200605": "1.71",
        "200606": "1.76",
        "200607": "1.66",
        "200608": "1.39",
        "200609": "1.58",
        "200610": "1.70",
        "200611": "2.02",
        "200612": "1.97",
        "200701": "1.88",
        "200702": "1.97",
        "200703": "1.93",
        "200704": "2.33",
        "200705": "3.23",
        "200706": "3.52",
        "200707": "3.71",
        "200708": "3.84",
        "200709": "4.42",
        "200710": "4.58",
        "200711": "4.15",
        "200712": "4.58",
        "200801": "4.10",
        "200802": "3.61",
        "200803": "3.43",
        "200804": "3.85",
        "200805": "3.87",
        "200806": "3.99",
        "200807": "3.62",
        "200808": "4.11",
        "200809": "3.80",
        "200810": "2.82",
        "200811": "2.22",
        "200812": "2.47",
        "200901": "2.62",
        "200902": "3.17",
        "200903": "3.43",
        "200904": "3.93",
        "200905": "3.88",
        "200906": "4.18",
        "200907": "4.18",
        "200908": "4.20",
        "200909": "4.34",
        "200910": "5.06",
        "200911": "6.43",
        "200912": "6.74",
        "201001": "6.37",
        "201002": "5.90",
        "201003": "6.54",
        "201004": "7.05",
        "201005": "6.38",
        "201006": "6.08",
        "201007": "5.88",
        "201008": "6.32",
        "201009": "7.38",
        "201010": "8.04",
        "201011": "8.43",
        "201012": "8.94",
        "201101": "9.12",
        "201102": "9.06",
        "201103": "8.44",
        "201104": "9.23",
        "201105": "9.91",
        "201106": "9.58",
        "201107": "10.76",
        "201108": "9.97",
        "201109": "11.16",
        "201110": "11.34",
        "201111": "10.27",
        "201112": "9.20",
        "201201": "9.25",
        "201202": "9.16",
        "201203": "9.48",
        "201204": "9.76",
        "201205": "11.04",
        "201206": "10.96",
        "201207": "11.20",
        "201208": "11.95",
        "201209": "12.79",
        "201210": "12.21",
        "201211": "11.72",
        "201212": "12.64",
        "201301": "13.42",
        "201302": "13.18",
        "201303": "13.29",
        "201304": "13.15",
        "201305": "13.14",
        "201306": "13.71",
        "201307": "14.95",
        "201308": "14.56",
        "201309": "15.24",
        "201310": "16.30",
        "201311": "18.24",
        "201312": "19.57",
        "201401": "19.74",
        "201402": "17.72",
        "201403": "18.13",
        "201404": "16.08",
        "201405": "15.15",
        "201406": "16.23",
        "201407": "17.00",
        "201408": "16.37",
        "201409": "16.52",
        "201410": "15.42",
        "201411": "15.93",
        "201412": "15.44",
        "201501": "15.14",
        "201502": "18.79",
        "201503": "18.77",
        "201504": "19.71",
        "201505": "21.35",
        "201506": "21.63",
        "201507": "23.94",
        "201508": "25.92",
        "201509": "26.05",
        "201510": "28.34",
        "201511": "32.88",
        "201512": "33.46",
        "201601": "30.05",
        "201602": "26.53",
        "201603": "28.62",
        "201604": "30.68",
        "201605": "34.87",
        "201606": "35.82",
        "201607": "37.07",
        "201608": "38.24",
        "201609": "39.45",
        "201610": "41.22",
        "201611": "38.17",
        "201612": "38.17",
        "201701": "40.38",
        "201702": "41.79",
        "201703": "42.71",
        "201704": "45.17",
        "201705": "48.09",
        "201706": "49.52",
        "201707": "50.42",
        "201708": "48.57",
        "201709": "48.45",
        "201710": "50.04",
        "201711": "56.99",
        "201712": "58.44",
        "201801": "65.45",
        "201802": "72.12",
        "201803": "77.02",
        "201804": "73.41",
        "201805": "79.75",
        "201806": "84.94",
        "201807": "89.23",
        "201808": "94.89",
        "201809": "98.30",
        "201810": "89.10",
        "201811": "81.27",
        "201812": "77.97",
        "201901": "82.00",
        "201902": "81.35",
        "201903": "86.12",
        "201904": "93.31",
        "201905": "93.47",
        "201906": "92.63",
        "201907": "98.29",
        "201908": "89.68",
        "201909": "89.96",
        "201910": "87.62",
        "201911": "88.71",
        "201912": "89.29",
        "202001": "94.21",
        "202002": "103.31",
        "202003": "93.62",
        "202004": "111.44",
        "202005": "119.71",
        "202006": "130.68",
        "202007": "152.69",
        "202008": "162.46",
        "202009": "158.04",
        "202010": "161.53",
        "202011": "157.09",
        "202012": "159.89",
        "202101": "160.00",
        "202102": "163.19",
        "202103": "153.41",
        "202104": "167.61",
        "202105": "162.31",
        "202106": "168.39",
        "202107": "180.80",
        "202108": "165.65",
        "202109": "171.36",
        "202110": "166.71",
        "202111": "175.88",
        "202112": "170.86",
        "202201": "155.48",
        "202202": "153.78",
        "202203": "154.28",
        "202204": "151.31",
        "202205": "112.47",
        "202206": "112.86",
        "202207": "117.04",
        "202208": "137.44",
        "202209": "123.21",
        "202210": "114.46",
        "202211": "93.95",
        "202212": "87.94",
        "202301": "94.22",
        "202302": "99.21",
        "202303": "96.55",
        "202304": "103.34",
        "202305": "111.94",
        "202306": "126.38",
        "202307": "130.82",
        "202308": "135.50",
        "202309": "135.44",
        "202310": "128.05",
        "202311": "無"
    },
    "quarters": {
        "20011": {
            "year_quarter": 20011,
            "year": 2001,
            "quarter": 1,
            "eps": -0.01,
            "eps_growth_year": null,
            "eps_4q": -0.11,
            "eps_4q_growth_year": null,
            "roe": 18.95,
            "roe_4q": 18.95,
            "gross_profit": 182597,
            "gross_margin": 26.07,
            "gross_margin_4q_avg": 26.07,
            "net_income": -210433,
            "net_income_4q": null,
            "revenue": 700356,
            "revenue_4q": null,
            "common_shares": 3588,
            "book_valuer_per_share": -0.2,
            "book_valuer_per_share_4q_avg": -0.2,
            "equity": -1253411,
            "current_ratio": 141.51,
            "debt_ratio": 185.26,
            "inventory_turnover_ratio": 3.14,
            "account_receivable_turnover_ratio": null,
            "reinvestment_rate": -16.65,
            "research_to_sale_ratio": 10.04,
            "price_fair": 0,
            "eps_avg_yearly": 0,
            "eps_latest_yearly": 0,
            "eps_growth_yearly": 0
        },
        "20012": {
            "year_quarter": 20012,
            "year": 2001,
            "quarter": 2,
            "eps": -0.01,
            "eps_growth_year": null,
            "eps_4q": -0.08,
            "eps_4q_growth_year": null,
            "roe": 11.78,
            "roe_4q": 30.729999999999997,
            "gross_profit": 179720,
            "gross_margin": 26.92,
            "gross_margin_4q_avg": 26.5,
            "net_income": -158044,
            "net_income_4q": null,
            "revenue": 667625,
            "revenue_4q": null,
            "common_shares": 3622,
            "book_valuer_per_share": -0.22,
            "book_valuer_per_share_4q_avg": -0.21,
            "equity": -1429931,
            "current_ratio": 124.85,
            "debt_ratio": 206.31,
            "inventory_turnover_ratio": 3.43,
            "account_receivable_turnover_ratio": null,
            "reinvestment_rate": -14.36,
            "research_to_sale_ratio": 9.69,
            "price_fair": 0,
            "eps_avg_yearly": 0,
            "eps_latest_yearly": 0,
            "eps_growth_yearly": 0
        },
        "20013": {
            "year_quarter": 20013,
            "year": 2001,
            "quarter": 3,
            "eps": -0.01,
            "eps_growth_year": null,
            "eps_4q": -0.07,
            "eps_4q_growth_year": null,
            "roe": 11.44,
            "roe_4q": 42.17,
            "gross_profit": 162192,
            "gross_margin": 25.37,
            "gross_margin_4q_avg": 26.12,
            "net_income": -164892,
            "net_income_4q": null,
            "revenue": 639281,
            "revenue_4q": null,
            "common_shares": 3718,
            "book_valuer_per_share": -0.21,
            "book_valuer_per_share_4q_avg": -0.21,
            "equity": -1453994,
            "current_ratio": 138.54,
            "debt_ratio": 207.99,
            "inventory_turnover_ratio": 3.67,
            "account_receivable_turnover_ratio": null,
            "reinvestment_rate": -12.58,
            "research_to_sale_ratio": 8.42,
            "price_fair": 0,
            "eps_avg_yearly": 0,
            "eps_latest_yearly": 0,
            "eps_growth_yearly": 0
        },
        "20014": {
            "year_quarter": 20014,
            "year": 2001,
            "quarter": 4,
            "eps": 0,
            "eps_growth_year": null,
            "eps_4q": -0.03,
            "eps_4q_growth_year": null,
            "roe": -0.48,
            "roe_4q": 41.69,
            "gross_profit": 274049,
            "gross_margin": 24.57,
            "gross_margin_4q_avg": 25.73,
            "net_income": 6942,
            "net_income_4q": null,
            "revenue": 1115171,
            "revenue_4q": null,
            "common_shares": 3732,
            "book_valuer_per_share": -0.2,
            "book_valuer_per_share_4q_avg": -0.21,
            "equity": -1440000,
            "current_ratio": 131.09,
            "debt_ratio": 187.94,
            "inventory_turnover_ratio": 6.13,
            "account_receivable_turnover_ratio": null,
            "reinvestment_rate": -12.1,
            "research_to_sale_ratio": 4.69,
            "price_fair": 0,
            "eps_avg_yearly": 0,
            "eps_latest_yearly": 0,
            "eps_growth_yearly": 0
        },
        "20021": {
            "year_quarter": 20021,
            "year": 2002,
            "quarter": 1,
            "eps": -0,
            "eps_growth_year": null,
            "eps_4q": -0.02,
            "eps_4q_growth_year": null,
            "roe": 1.54,
            "roe_4q": 24.28,
            "gross_profit": 223125,
            "gross_margin": 26.33,
            "gross_margin_4q_avg": 25.8,
            "net_income": -22207,
            "net_income_4q": null,
            "revenue": 847422,
            "revenue_4q": null,
            "common_shares": 3751,
            "book_valuer_per_share": -0.2,
            "book_valuer_per_share_4q_avg": -0.21,
            "equity": -1447375,
            "current_ratio": 145.24,
            "debt_ratio": 206.27,
            "inventory_turnover_ratio": 4.42,
            "account_receivable_turnover_ratio": null,
            "reinvestment_rate": -11.1,
            "research_to_sale_ratio": 6.55,
            "price_fair": 0,
            "eps_avg_yearly": 0,
            "eps_latest_yearly": 0,
            "eps_growth_yearly": 0
        },
        "20022": {
            "year_quarter": 20022,
            "year": 2002,
            "quarter": 2,
            "eps": -0,
            "eps_growth_year": null,
            "eps_4q": -0.01,
            "eps_4q_growth_year": null,
            "roe": 6.39,
            "roe_4q": 18.89,
            "gross_profit": 218167,
            "gross_margin": 27.08,
            "gross_margin_4q_avg": 25.84,
            "net_income": -92385,
            "net_income_4q": null,
            "revenue": 805605,
            "revenue_4q": null,
            "common_shares": 3803,
            "book_valuer_per_share": -0.2,
            "book_valuer_per_share_4q_avg": -0.2,
            "equity": -1443911,
            "current_ratio": 157.99,
            "debt_ratio": 200.62,
            "inventory_turnover_ratio": 4.42,
            "account_receivable_turnover_ratio": null,
            "reinvestment_rate": -9.82,
            "research_to_sale_ratio": 7.22,
            "price_fair": 0,
            "eps_avg_yearly": 0,
            "eps_latest_yearly": 0,
            "eps_growth_yearly": 0
        },
        "20023": {
            "year_quarter": 20023,
            "year": 2002,
            "quarter": 3,
            "eps": -0,
            "eps_growth_year": null,
            "eps_4q": -0,
            "eps_4q_growth_year": null,
            "roe": 2.36,
            "roe_4q": 9.809999999999999,
            "gross_profit": 216167,
            "gross_margin": 25.39,
            "gross_margin_4q_avg": 25.84,
            "net_income": -34523,
            "net_income_4q": null,
            "revenue": 851299,
            "revenue_4q": null,
            "common_shares": 3812,
            "book_valuer_per_share": -0.2,
            "book_valuer_per_share_4q_avg": -0.2,
            "equity": -1478439,
            "current_ratio": 157.47,
            "debt_ratio": 198.73,
            "inventory_turnover_ratio": 4.56,
            "account_receivable_turnover_ratio": null,
            "reinvestment_rate": -8.84,
            "research_to_sale_ratio": 6.21,
            "price_fair": 0,
            "eps_avg_yearly": 0,
            "eps_latest_yearly": 0,
            "eps_growth_yearly": 0
        },
        "20024": {
            "year_quarter": 20024,
            "year": 2002,
            "quarter": 4,
            "eps": 0,
            "eps_growth_year": 15.84,
            "eps_4q": -0,
            "eps_4q_growth_year": null,
            "roe": -0.24,
            "roe_4q": 10.05,
            "gross_profit": 335159,
            "gross_margin": 23.46,
            "gross_margin_4q_avg": 25.57,
            "net_income": 3351,
            "net_income_4q": null,
            "revenue": 1428610,
            "revenue_4q": null,
            "common_shares": 3879,
            "book_valuer_per_share": -0.18,
            "book_valuer_per_share_4q_avg": -0.2,
            "equity": -1352814,
            "current_ratio": 151.57,
            "debt_ratio": 167.97,
            "inventory_turnover_ratio": 6.18,
            "account_receivable_turnover_ratio": null,
            "reinvestment_rate": -8.02,
            "research_to_sale_ratio": 3.43,
            "price_fair": 0,
            "eps_avg_yearly": 0,
            "eps_latest_yearly": 0,
            "eps_growth_yearly": 0
        },
        "20031": {
            "year_quarter": 20031,
            "year": 2003,
            "quarter": 1,
            "eps": 0,
            "eps_growth_year": null,
            "eps_4q": 0,
            "eps_4q_growth_year": null,
            "roe": 0.77,
            "roe_4q": 9.28,
            "gross_profit": 270582,
            "gross_margin": 24.97,
            "gross_margin_4q_avg": 25.23,
            "net_income": -10121,
            "net_income_4q": null,
            "revenue": 1083559,
            "revenue_4q": null,
            "common_shares": 3916,
            "book_valuer_per_share": -0.17,
            "book_valuer_per_share_4q_avg": -0.19,
            "equity": -1289064,
            "current_ratio": 192.46,
            "debt_ratio": 175.56,
            "inventory_turnover_ratio": 4.33,
            "account_receivable_turnover_ratio": null,
            "reinvestment_rate": 0.87,
            "research_to_sale_ratio": 4.62,
            "price_fair": 0,
            "eps_avg_yearly": 0,
            "eps_latest_yearly": 0,
            "eps_growth_yearly": 0
        },
        "20032": {
            "year_quarter": 20032,
            "year": 2003,
            "quarter": 2,
            "eps": 0,
            "eps_growth_year": null,
            "eps_4q": 0.01,
            "eps_4q_growth_year": null,
            "roe": 3.42,
            "roe_4q": 6.309999999999999,
            "gross_profit": 273928,
            "gross_margin": 24.9,
            "gross_margin_4q_avg": 24.68,
            "net_income": -43314,
            "net_income_4q": null,
            "revenue": 1099912,
            "revenue_4q": null,
            "common_shares": 3967,
            "book_valuer_per_share": -0.17,
            "book_valuer_per_share_4q_avg": -0.18,
            "equity": -1246836,
            "current_ratio": 162.63,
            "debt_ratio": 178.08,
            "inventory_turnover_ratio": 4.7,
            "account_receivable_turnover_ratio": null,
            "reinvestment_rate": 8,
            "research_to_sale_ratio": 4.74,
            "price_fair": 0,
            "eps_avg_yearly": 0,
            "eps_latest_yearly": 0,
            "eps_growth_yearly": 0
        },
        "20033": {
            "year_quarter": 20033,
            "year": 2003,
            "quarter": 3,
            "eps": 0,
            "eps_growth_year": null,
            "eps_4q": 0.01,
            "eps_4q_growth_year": null,
            "roe": -1.29,
            "roe_4q": 2.66,
            "gross_profit": 285821,
            "gross_margin": 25.19,
            "gross_margin_4q_avg": 24.63,
            "net_income": 15563,
            "net_income_4q": null,
            "revenue": 1134456,
            "revenue_4q": null,
            "common_shares": 4004,
            "book_valuer_per_share": -0.15,
            "book_valuer_per_share_4q_avg": -0.17,
            "equity": -1158034,
            "current_ratio": 170.57,
            "debt_ratio": 166.19,
            "inventory_turnover_ratio": 4.04,
            "account_receivable_turnover_ratio": null,
            "reinvestment_rate": 21.65,
            "research_to_sale_ratio": 4.74,
            "price_fair": 0,
            "eps_avg_yearly": 0,
            "eps_latest_yearly": 0,
            "eps_growth_yearly": 0
        },
        "20034": {
            "year_quarter": 20034,
            "year": 2003,
            "quarter": 4,
            "eps": 0.01,
            "eps_growth_year": 83.76,
            "eps_4q": 0.02,
            "eps_4q_growth_year": null,
            "roe": -6.67,
            "roe_4q": -3.77,
            "gross_profit": 426837,
            "gross_margin": 21.94,
            "gross_margin_4q_avg": 24.25,
            "net_income": 73154,
            "net_income_4q": null,
            "revenue": 1945772,
            "revenue_4q": null,
            "common_shares": 4034,
            "book_valuer_per_share": -0.14,
            "book_valuer_per_share_4q_avg": -0.16,
            "equity": -1036107,
            "current_ratio": 145.35,
            "debt_ratio": 147.92,
            "inventory_turnover_ratio": 5.67,
            "account_receivable_turnover_ratio": null,
            "reinvestment_rate": 30.54,
            "research_to_sale_ratio": 2.66,
            "price_fair": 0,
            "eps_avg_yearly": 0,
            "eps_latest_yearly": 0,
            "eps_growth_yearly": 0
        },
        "20041": {
            "year_quarter": 20041,
            "year": 2004,
            "quarter": 1,
            "eps": 0.01,
            "eps_growth_year": 737.18,
            "eps_4q": 0.03,
            "eps_4q_growth_year": 1142.86,
            "roe": -11.44,
            "roe_4q": -15.979999999999999,
            "gross_profit": 361000,
            "gross_margin": 23.59,
            "gross_margin_4q_avg": 23.91,
            "net_income": 111000,
            "net_income_4q": null,
            "revenue": 1530000,
            "revenue_4q": null,
            "common_shares": 4049,
            "book_valuer_per_share": -0.12,
            "book_valuer_per_share_4q_avg": -0.15,
            "equity": -905050,
            "current_ratio": 162.32,
            "debt_ratio": 152.06,
            "inventory_turnover_ratio": 4.06,
            "account_receivable_turnover_ratio": null,
            "reinvestment_rate": 30.2,
            "research_to_sale_ratio": 3.79,
            "price_fair": 0.4,
            "eps_avg_yearly": 0.04,
            "eps_latest_yearly": 0.04,
            "eps_growth_yearly": 0
        },
        "20042": {
            "year_quarter": 20042,
            "year": 2004,
            "quarter": 2,
            "eps": 0.01,
            "eps_growth_year": 233.95,
            "eps_4q": 0.03,
            "eps_4q_growth_year": 285.08,
            "roe": -8.96,
            "roe_4q": -28.36,
            "gross_profit": 341000,
            "gross_margin": 24.59,
            "gross_margin_4q_avg": 23.83,
            "net_income": 76000,
            "net_income_4q": null,
            "revenue": 1387000,
            "revenue_4q": null,
            "common_shares": 4067,
            "book_valuer_per_share": -0.11,
            "book_valuer_per_share_4q_avg": -0.13,
            "equity": -790858,
            "current_ratio": 170.37,
            "debt_ratio": 141.89,
            "inventory_turnover_ratio": 3.7,
            "account_receivable_turnover_ratio": null,
            "reinvestment_rate": 26.64,
            "research_to_sale_ratio": 5.12,
            "price_fair": 0.4,
            "eps_avg_yearly": 0.04,
            "eps_latest_yearly": 0.04,
            "eps_growth_yearly": 0
        },
        "20043": {
            "year_quarter": 20043,
            "year": 2004,
            "quarter": 3,
            "eps": 0.01,
            "eps_growth_year": 100.95,
            "eps_4q": 0.04,
            "eps_4q_growth_year": 204.68,
            "roe": -7.14,
            "roe_4q": -34.21,
            "gross_profit": 356000,
            "gross_margin": 24.33,
            "gross_margin_4q_avg": 23.61,
            "net_income": 54000,
            "net_income_4q": null,
            "revenue": 1463000,
            "revenue_4q": null,
            "common_shares": 4075,
            "book_valuer_per_share": -0.11,
            "book_valuer_per_share_4q_avg": -0.12,
            "equity": -721077,
            "current_ratio": 161.06,
            "debt_ratio": 134.2,
            "inventory_turnover_ratio": 3.45,
            "account_receivable_turnover_ratio": null,
            "reinvestment_rate": 25.67,
            "research_to_sale_ratio": 4.72,
            "price_fair": 0.4,
            "eps_avg_yearly": 0.04,
            "eps_latest_yearly": 0.04,
            "eps_growth_yearly": 0
        },
        "20044": {
            "year_quarter": 20044,
            "year": 2004,
            "quarter": 4,
            "eps": 0.04,
            "eps_growth_year": 374.19,
            "eps_4q": 0.07,
            "eps_4q_growth_year": 335.49,
            "roe": -73.12,
            "roe_4q": -100.66,
            "gross_profit": 544466,
            "gross_margin": 21.43,
            "gross_margin_4q_avg": 23.49,
            "net_income": 346688,
            "net_income_4q": null,
            "revenue": 2540959,
            "revenue_4q": null,
            "common_shares": 4097,
            "book_valuer_per_share": -0.04,
            "book_valuer_per_share_4q_avg": -0.1,
            "equity": -227211,
            "current_ratio": 156.71,
            "debt_ratio": 106.99,
            "inventory_turnover_ratio": 4.77,
            "account_receivable_turnover_ratio": null,
            "reinvestment_rate": 221.58,
            "research_to_sale_ratio": 2.87,
            "price_fair": 2.45,
            "eps_avg_yearly": 0.07,
            "eps_latest_yearly": 0.16,
            "eps_growth_yearly": 300
        },
        "20051": {
            "year_quarter": 20051,
            "year": 2005,
            "quarter": 1,
            "eps": 0.01,
            "eps_growth_year": -53.06,
            "eps_4q": 0.06,
            "eps_4q_growth_year": 124.1,
            "roe": -26.72,
            "roe_4q": -115.94,
            "gross_profit": 458000,
            "gross_margin": 24.08,
            "gross_margin_4q_avg": 23.61,
            "net_income": 52000,
            "net_income_4q": null,
            "revenue": 1902000,
            "revenue_4q": null,
            "common_shares": 4000,
            "book_valuer_per_share": -0.04,
            "book_valuer_per_share_4q_avg": -0.08,
            "equity": -162000,
            "current_ratio": 167.1,
            "debt_ratio": 106.55,
            "inventory_turnover_ratio": 3.27,
            "account_receivable_turnover_ratio": 10.28,
            "reinvestment_rate": -39.57,
            "research_to_sale_ratio": 4.84,
            "price_fair": 2.24,
            "eps_avg_yearly": 0.06,
            "eps_latest_yearly": 0.04,
            "eps_growth_yearly": 180
        },
        "20052": {
            "year_quarter": 20052,
            "year": 2005,
            "quarter": 2,
            "eps": 0.01,
            "eps_growth_year": -14.76,
            "eps_4q": 0.06,
            "eps_4q_growth_year": 85.56,
            "roe": -46.02,
            "roe_4q": -153,
            "gross_profit": 450000,
            "gross_margin": 25.67,
            "gross_margin_4q_avg": 23.88,
            "net_income": 52000,
            "net_income_4q": null,
            "revenue": 1753000,
            "revenue_4q": null,
            "common_shares": 4000,
            "book_valuer_per_share": -0.03,
            "book_valuer_per_share_4q_avg": -0.06,
            "equity": -64000,
            "current_ratio": 168.36,
            "debt_ratio": 102.46,
            "inventory_turnover_ratio": 3.32,
            "account_receivable_turnover_ratio": 10.75,
            "reinvestment_rate": -11.04,
            "research_to_sale_ratio": 6.05,
            "price_fair": 2.1,
            "eps_avg_yearly": 0.06,
            "eps_latest_yearly": 0.04,
            "eps_growth_yearly": 150
        },
        "20053": {
            "year_quarter": 20053,
            "year": 2005,
            "quarter": 3,
            "eps": 0,
            "eps_growth_year": -44.88,
            "eps_4q": 0.06,
            "eps_4q_growth_year": 60.64,
            "roe": -103.45,
            "roe_4q": -249.31,
            "gross_profit": 463000,
            "gross_margin": 24.92,
            "gross_margin_4q_avg": 24.03,
            "net_income": 30000,
            "net_income_4q": null,
            "revenue": 1858000,
            "revenue_4q": null,
            "common_shares": 4000,
            "book_valuer_per_share": -0.02,
            "book_valuer_per_share_4q_avg": -0.03,
            "equity": 6000,
            "current_ratio": 161.54,
            "debt_ratio": 99.79,
            "inventory_turnover_ratio": 3.33,
            "account_receivable_turnover_ratio": 10.83,
            "reinvestment_rate": 3.54,
            "research_to_sale_ratio": 6.51,
            "price_fair": 2.1,
            "eps_avg_yearly": 0.06,
            "eps_latest_yearly": 0.04,
            "eps_growth_yearly": 150
        },
        "20054": {
            "year_quarter": 20054,
            "year": 2005,
            "quarter": 4,
            "eps": 0.02,
            "eps_growth_year": -42.72,
            "eps_4q": 0.04,
            "eps_4q_growth_year": -41.95,
            "roe": 157.94,
            "roe_4q": -18.250000000000007,
            "gross_profit": 667000,
            "gross_margin": 22.41,
            "gross_margin_4q_avg": 24.27,
            "net_income": 199000,
            "net_income_4q": null,
            "revenue": 2977000,
            "revenue_4q": null,
            "common_shares": 4000,
            "book_valuer_per_share": 0.01,
            "book_valuer_per_share_4q_avg": -0.02,
            "equity": 246000,
            "current_ratio": 154.24,
            "debt_ratio": 93.34,
            "inventory_turnover_ratio": 4.52,
            "account_receivable_turnover_ratio": 12.89,
            "reinvestment_rate": 8.17,
            "research_to_sale_ratio": 4.43,
            "price_fair": 2.1,
            "eps_avg_yearly": 0.06,
            "eps_latest_yearly": 0.04,
            "eps_growth_yearly": 150
        },
        "20061": {
            "year_quarter": 20061,
            "year": 2006,
            "quarter": 1,
            "eps": 0.01,
            "eps_growth_year": -2.28,
            "eps_4q": 0.04,
            "eps_4q_growth_year": -35.52,
            "roe": 17.89,
            "roe_4q": 26.359999999999978,
            "gross_profit": 548000,
            "gross_margin": 24.05,
            "gross_margin_4q_avg": 24.26,
            "net_income": 51000,
            "net_income_4q": null,
            "revenue": 2279000,
            "revenue_4q": null,
            "common_shares": 4000,
            "book_valuer_per_share": 0.02,
            "book_valuer_per_share_4q_avg": -0.01,
            "equity": 324000,
            "current_ratio": 159.91,
            "debt_ratio": 89.16,
            "inventory_turnover_ratio": 3.14,
            "account_receivable_turnover_ratio": 9.08,
            "reinvestment_rate": 10.54,
            "research_to_sale_ratio": 6.45,
            "price_fair": 2,
            "eps_avg_yearly": 0.06,
            "eps_latest_yearly": 0.04,
            "eps_growth_yearly": 100
        },
        "20062": {
            "year_quarter": 20062,
            "year": 2006,
            "quarter": 2,
            "eps": 0,
            "eps_growth_year": -57.84,
            "eps_4q": 0.04,
            "eps_4q_growth_year": -40.33,
            "roe": 6.22,
            "roe_4q": 78.60000000000001,
            "gross_profit": 509000,
            "gross_margin": 23.8,
            "gross_margin_4q_avg": 23.8,
            "net_income": 22000,
            "net_income_4q": null,
            "revenue": 2139000,
            "revenue_4q": null,
            "common_shares": 4000,
            "book_valuer_per_share": 0.02,
            "book_valuer_per_share_4q_avg": 0.01,
            "equity": 383000,
            "current_ratio": 158.23,
            "debt_ratio": 87.9,
            "inventory_turnover_ratio": 3.08,
            "account_receivable_turnover_ratio": 9.44,
            "reinvestment_rate": 14.96,
            "research_to_sale_ratio": 7.81,
            "price_fair": 2,
            "eps_avg_yearly": 0.06,
            "eps_latest_yearly": 0.04,
            "eps_growth_yearly": 100
        },
        "20063": {
            "year_quarter": 20063,
            "year": 2006,
            "quarter": 3,
            "eps": 0,
            "eps_growth_year": -36,
            "eps_4q": 0.03,
            "eps_4q_growth_year": -39.55,
            "roe": 6.56,
            "roe_4q": 188.61,
            "gross_profit": 549000,
            "gross_margin": 23.8,
            "gross_margin_4q_avg": 23.52,
            "net_income": 19000,
            "net_income_4q": null,
            "revenue": 2307000,
            "revenue_4q": null,
            "common_shares": 4000,
            "book_valuer_per_share": 0,
            "book_valuer_per_share_4q_avg": 0.01,
            "equity": 196000,
            "current_ratio": 134.83,
            "debt_ratio": 94,
            "inventory_turnover_ratio": 2.8,
            "account_receivable_turnover_ratio": 9.12,
            "reinvestment_rate": 18.47,
            "research_to_sale_ratio": 7.46,
            "price_fair": 2,
            "eps_avg_yearly": 0.06,
            "eps_latest_yearly": 0.04,
            "eps_growth_yearly": 100
        },
        "20064": {
            "year_quarter": 20064,
            "year": 2006,
            "quarter": 4,
            "eps": 0.01,
            "eps_growth_year": -50.3,
            "eps_4q": 0.02,
            "eps_4q_growth_year": -42.67,
            "roe": 31.26,
            "roe_4q": 61.93,
            "gross_profit": 850000,
            "gross_margin": 21.32,
            "gross_margin_4q_avg": 23.24,
            "net_income": 98000,
            "net_income_4q": null,
            "revenue": 3986000,
            "revenue_4q": null,
            "common_shares": 4000,
            "book_valuer_per_share": 0.03,
            "book_valuer_per_share_4q_avg": 0.02,
            "equity": 431000,
            "current_ratio": 133.21,
            "debt_ratio": 90.12,
            "inventory_turnover_ratio": 3.89,
            "account_receivable_turnover_ratio": 11.72,
            "reinvestment_rate": 18.78,
            "research_to_sale_ratio": 4.44,
            "price_fair": 2,
            "eps_avg_yearly": 0.06,
            "eps_latest_yearly": 0.04,
            "eps_growth_yearly": 100
        },
        "20071": {
            "year_quarter": 20071,
            "year": 2007,
            "quarter": 1,
            "eps": 0.01,
            "eps_growth_year": 120.53,
            "eps_4q": 0.03,
            "eps_4q_growth_year": -23.94,
            "roe": 28.32,
            "roe_4q": 72.36,
            "gross_profit": 720000,
            "gross_margin": 23.88,
            "gross_margin_4q_avg": 23.2,
            "net_income": 111000,
            "net_income_4q": null,
            "revenue": 3015000,
            "revenue_4q": null,
            "common_shares": 4000,
            "book_valuer_per_share": 0.02,
            "book_valuer_per_share_4q_avg": 0.02,
            "equity": 353000,
            "current_ratio": 140.77,
            "debt_ratio": 90.36,
            "inventory_turnover_ratio": 2.81,
            "account_receivable_turnover_ratio": 7.97,
            "reinvestment_rate": 16.38,
            "research_to_sale_ratio": 6.17,
            "price_fair": 1.93,
            "eps_avg_yearly": 0.06,
            "eps_latest_yearly": 0.04,
            "eps_growth_yearly": 87.5
        },
        "20072": {
            "year_quarter": 20072,
            "year": 2007,
            "quarter": 2,
            "eps": 0.01,
            "eps_growth_year": 257.36,
            "eps_4q": 0.04,
            "eps_4q_growth_year": 2.4,
            "roe": 17.28,
            "roe_4q": 83.42,
            "gross_profit": 701000,
            "gross_margin": 24.29,
            "gross_margin_4q_avg": 23.32,
            "net_income": 78000,
            "net_income_4q": null,
            "revenue": 2886000,
            "revenue_4q": null,
            "common_shares": 4000,
            "book_valuer_per_share": 0.04,
            "book_valuer_per_share_4q_avg": 0.02,
            "equity": 550000,
            "current_ratio": 147.68,
            "debt_ratio": 86.19,
            "inventory_turnover_ratio": 2.93,
            "account_receivable_turnover_ratio": 7.78,
            "reinvestment_rate": 15.02,
            "research_to_sale_ratio": 6.96,
            "price_fair": 1.87,
            "eps_avg_yearly": 0.05,
            "eps_latest_yearly": 0.04,
            "eps_growth_yearly": 77.78
        },
        "20073": {
            "year_quarter": 20073,
            "year": 2007,
            "quarter": 3,
            "eps": 0.01,
            "eps_growth_year": 320.09,
            "eps_4q": 0.04,
            "eps_4q_growth_year": 27.16,
            "roe": 12.2,
            "roe_4q": 89.06,
            "gross_profit": 762000,
            "gross_margin": 23.36,
            "gross_margin_4q_avg": 23.21,
            "net_income": 80000,
            "net_income_4q": null,
            "revenue": 3262000,
            "revenue_4q": null,
            "common_shares": 4000,
            "book_valuer_per_share": 0.07,
            "book_valuer_per_share_4q_avg": 0.04,
            "equity": 761000,
            "current_ratio": 147.65,
            "debt_ratio": 83.52,
            "inventory_turnover_ratio": 2.93,
            "account_receivable_turnover_ratio": 7.6,
            "reinvestment_rate": 18.36,
            "research_to_sale_ratio": 6.41,
            "price_fair": 1.82,
            "eps_avg_yearly": 0.05,
            "eps_latest_yearly": 0.04,
            "eps_growth_yearly": 70
        },
        "20074": {
            "year_quarter": 20074,
            "year": 2007,
            "quarter": 4,
            "eps": 0.02,
            "eps_growth_year": 108.79,
            "eps_4q": 0.06,
            "eps_4q_growth_year": 150.13,
            "roe": 21.14,
            "roe_4q": 78.94,
            "gross_profit": 1170000,
            "gross_margin": 20.63,
            "gross_margin_4q_avg": 23.04,
            "net_income": 207000,
            "net_income_4q": null,
            "revenue": 5672000,
            "revenue_4q": null,
            "common_shares": 4000,
            "book_valuer_per_share": 0.12,
            "book_valuer_per_share_4q_avg": 0.06,
            "equity": 1197000,
            "current_ratio": 139.04,
            "debt_ratio": 81.54,
            "inventory_turnover_ratio": 4.15,
            "account_receivable_turnover_ratio": 9.62,
            "reinvestment_rate": 20.52,
            "research_to_sale_ratio": 3.91,
            "price_fair": 1.91,
            "eps_avg_yearly": 0.05,
            "eps_latest_yearly": 0.08,
            "eps_growth_yearly": 100
        },
        "20081": {
            "year_quarter": 20081,
            "year": 2008,
            "quarter": 1,
            "eps": 0.02,
            "eps_growth_year": 27.02,
            "eps_4q": 0.06,
            "eps_4q_growth_year": 101.25,
            "roe": 10.87,
            "roe_4q": 61.489999999999995,
            "gross_profit": 956000,
            "gross_margin": 23.12,
            "gross_margin_4q_avg": 22.85,
            "net_income": 145000,
            "net_income_4q": null,
            "revenue": 4135000,
            "revenue_4q": null,
            "common_shares": 4000,
            "book_valuer_per_share": 0.13,
            "book_valuer_per_share_4q_avg": 0.09,
            "equity": 1470000,
            "current_ratio": 111.66,
            "debt_ratio": 75.01,
            "inventory_turnover_ratio": 2.79,
            "account_receivable_turnover_ratio": 6.43,
            "reinvestment_rate": 23.33,
            "research_to_sale_ratio": 5.66,
            "price_fair": 2.04,
            "eps_avg_yearly": 0.06,
            "eps_latest_yearly": 0.08,
            "eps_growth_yearly": 100
        },
        "20082": {
            "year_quarter": 20082,
            "year": 2008,
            "quarter": 2,
            "eps": 0.02,
            "eps_growth_year": 99.24,
            "eps_4q": 0.07,
            "eps_4q_growth_year": 89.64,
            "roe": 8.76,
            "roe_4q": 52.97,
            "gross_profit": 967000,
            "gross_margin": 23.8,
            "gross_margin_4q_avg": 22.73,
            "net_income": 162000,
            "net_income_4q": null,
            "revenue": 4063000,
            "revenue_4q": null,
            "common_shares": 4000,
            "book_valuer_per_share": 0.21,
            "book_valuer_per_share_4q_avg": 0.13,
            "equity": 2230000,
            "current_ratio": 131.72,
            "debt_ratio": 64.73,
            "inventory_turnover_ratio": 2.84,
            "account_receivable_turnover_ratio": 6.96,
            "reinvestment_rate": 24.86,
            "research_to_sale_ratio": 6.35,
            "price_fair": 2.16,
            "eps_avg_yearly": 0.06,
            "eps_latest_yearly": 0.08,
            "eps_growth_yearly": 100
        },
        "20083": {
            "year_quarter": 20083,
            "year": 2008,
            "quarter": 3,
            "eps": 0.01,
            "eps_growth_year": 43.78,
            "eps_4q": 0.07,
            "eps_4q_growth_year": 67.83,
            "roe": 5.17,
            "roe_4q": 45.94,
            "gross_profit": 999000,
            "gross_margin": 23.43,
            "gross_margin_4q_avg": 22.75,
            "net_income": 123000,
            "net_income_4q": null,
            "revenue": 4264000,
            "revenue_4q": null,
            "common_shares": 4000,
            "book_valuer_per_share": 0.25,
            "book_valuer_per_share_4q_avg": 0.18,
            "equity": 2527000,
            "current_ratio": 140.9,
            "debt_ratio": 61.51,
            "inventory_turnover_ratio": 2.7,
            "account_receivable_turnover_ratio": 7.21,
            "reinvestment_rate": 27.3,
            "research_to_sale_ratio": 6.19,
            "price_fair": 2.16,
            "eps_avg_yearly": 0.06,
            "eps_latest_yearly": 0.04,
            "eps_growth_yearly": 81.82
        },
        "20084": {
            "year_quarter": 20084,
            "year": 2008,
            "quarter": 4,
            "eps": 0.03,
            "eps_growth_year": 6.93,
            "eps_4q": 0.07,
            "eps_4q_growth_year": 33.02,
            "roe": 8.62,
            "roe_4q": 33.419999999999995,
            "gross_profit": 1348000,
            "gross_margin": 20.11,
            "gross_margin_4q_avg": 22.62,
            "net_income": 224000,
            "net_income_4q": null,
            "revenue": 6704000,
            "revenue_4q": null,
            "common_shares": 4000,
            "book_valuer_per_share": 0.26,
            "book_valuer_per_share_4q_avg": 0.21,
            "equity": 2672000,
            "current_ratio": 129.73,
            "debt_ratio": 67.86,
            "inventory_turnover_ratio": 3.95,
            "account_receivable_turnover_ratio": 9.42,
            "reinvestment_rate": 36.84,
            "research_to_sale_ratio": 4.15,
            "price_fair": 2.04,
            "eps_avg_yearly": 0.06,
            "eps_latest_yearly": 0.12,
            "eps_growth_yearly": 45.45
        },
        "20091": {
            "year_quarter": 20091,
            "year": 2009,
            "quarter": 1,
            "eps": 0.02,
            "eps_growth_year": 20.68,
            "eps_4q": 0.08,
            "eps_4q_growth_year": 30.88,
            "roe": 6.4,
            "roe_4q": 28.949999999999996,
            "gross_profit": 1148000,
            "gross_margin": 23.48,
            "gross_margin_4q_avg": 22.71,
            "net_income": 179000,
            "net_income_4q": null,
            "revenue": 4889000,
            "revenue_4q": null,
            "common_shares": 4000,
            "book_valuer_per_share": 0.29,
            "book_valuer_per_share_4q_avg": 0.25,
            "equity": 2918000,
            "current_ratio": 140.03,
            "debt_ratio": 58.19,
            "inventory_turnover_ratio": 2.81,
            "account_receivable_turnover_ratio": 6.92,
            "reinvestment_rate": 34.94,
            "research_to_sale_ratio": 5.62,
            "price_fair": 2.16,
            "eps_avg_yearly": 0.06,
            "eps_latest_yearly": 0.08,
            "eps_growth_yearly": 60.61
        },
        "20092": {
            "year_quarter": 20092,
            "year": 2009,
            "quarter": 2,
            "eps": 0.02,
            "eps_growth_year": -12.14,
            "eps_4q": 0.08,
            "eps_4q_growth_year": 10.23,
            "roe": 4.54,
            "roe_4q": 24.730000000000004,
            "gross_profit": 1133000,
            "gross_margin": 24.36,
            "gross_margin_4q_avg": 22.85,
            "net_income": 140000,
            "net_income_4q": null,
            "revenue": 4651000,
            "revenue_4q": null,
            "common_shares": 4000,
            "book_valuer_per_share": 0.32,
            "book_valuer_per_share_4q_avg": 0.28,
            "equity": 3256000,
            "current_ratio": 145.87,
            "debt_ratio": 57.58,
            "inventory_turnover_ratio": 2.72,
            "account_receivable_turnover_ratio": 7.94,
            "reinvestment_rate": 35.28,
            "research_to_sale_ratio": 6.43,
            "price_fair": 2.29,
            "eps_avg_yearly": 0.07,
            "eps_latest_yearly": 0.08,
            "eps_growth_yearly": 60.61
        },
        "20093": {
            "year_quarter": 20093,
            "year": 2009,
            "quarter": 3,
            "eps": 0.02,
            "eps_growth_year": 66.74,
            "eps_4q": 0.08,
            "eps_4q_growth_year": 16.39,
            "roe": 5.91,
            "roe_4q": 25.47,
            "gross_profit": 1273000,
            "gross_margin": 23.36,
            "gross_margin_4q_avg": 22.83,
            "net_income": 202000,
            "net_income_4q": null,
            "revenue": 5449000,
            "revenue_4q": null,
            "common_shares": 4000,
            "book_valuer_per_share": 0.36,
            "book_valuer_per_share_4q_avg": 0.31,
            "equity": 3585000,
            "current_ratio": 140.38,
            "debt_ratio": 60.04,
            "inventory_turnover_ratio": 2.84,
            "account_receivable_turnover_ratio": 8.68,
            "reinvestment_rate": 36.18,
            "research_to_sale_ratio": 5.78,
            "price_fair": 2.33,
            "eps_avg_yearly": 0.07,
            "eps_latest_yearly": 0.08,
            "eps_growth_yearly": 55.56
        },
        "20094": {
            "year_quarter": 20094,
            "year": 2009,
            "quarter": 4,
            "eps": 0.05,
            "eps_growth_year": 108.33,
            "eps_4q": 0.11,
            "eps_4q_growth_year": 51.41,
            "roe": 8.73,
            "roe_4q": 25.58,
            "gross_profit": 1976000,
            "gross_margin": 20.76,
            "gross_margin_4q_avg": 22.99,
            "net_income": 386000,
            "net_income_4q": null,
            "revenue": 9519000,
            "revenue_4q": null,
            "common_shares": 5000,
            "book_valuer_per_share": 0.45,
            "book_valuer_per_share_4q_avg": 0.36,
            "equity": 5257000,
            "current_ratio": 133.04,
            "debt_ratio": 61.94,
            "inventory_turnover_ratio": 3.98,
            "account_receivable_turnover_ratio": 11.48,
            "reinvestment_rate": 41.72,
            "research_to_sale_ratio": 3.68,
            "price_fair": 2.69,
            "eps_avg_yearly": 0.08,
            "eps_latest_yearly": 0.2,
            "eps_growth_yearly": 97.44
        },
        "20101": {
            "year_quarter": 20101,
            "year": 2010,
            "quarter": 1,
            "eps": 0.03,
            "eps_growth_year": 62.62,
            "eps_4q": 0.13,
            "eps_4q_growth_year": 60.92,
            "roe": 5.54,
            "roe_4q": 24.72,
            "gross_profit": 1630000,
            "gross_margin": 22.86,
            "gross_margin_4q_avg": 22.84,
            "net_income": 301000,
            "net_income_4q": null,
            "revenue": 7131000,
            "revenue_4q": null,
            "common_shares": 5000,
            "book_valuer_per_share": 0.49,
            "book_valuer_per_share_4q_avg": 0.41,
            "equity": 5618000,
            "current_ratio": 153.36,
            "debt_ratio": 53.35,
            "inventory_turnover_ratio": 2.76,
            "account_receivable_turnover_ratio": 7.91,
            "reinvestment_rate": 41.62,
            "research_to_sale_ratio": 5.13,
            "price_fair": 2.91,
            "eps_avg_yearly": 0.08,
            "eps_latest_yearly": 0.12,
            "eps_growth_yearly": 100.51
        },
        "20102": {
            "year_quarter": 20102,
            "year": 2010,
            "quarter": 2,
            "eps": 0.02,
            "eps_growth_year": 40.95,
            "eps_4q": 0.13,
            "eps_4q_growth_year": 74.37,
            "roe": 3.64,
            "roe_4q": 23.82,
            "gross_profit": 1609000,
            "gross_margin": 24.51,
            "gross_margin_4q_avg": 22.87,
            "net_income": 209000,
            "net_income_4q": null,
            "revenue": 6566000,
            "revenue_4q": null,
            "common_shares": 5000,
            "book_valuer_per_share": 0.52,
            "book_valuer_per_share_4q_avg": 0.46,
            "equity": 5857000,
            "current_ratio": 154.63,
            "debt_ratio": 52.75,
            "inventory_turnover_ratio": 2.64,
            "account_receivable_turnover_ratio": 8.11,
            "reinvestment_rate": 47.11,
            "research_to_sale_ratio": 6.21,
            "price_fair": 2.9,
            "eps_avg_yearly": 0.08,
            "eps_latest_yearly": 0.08,
            "eps_growth_yearly": 83.81
        },
        "20103": {
            "year_quarter": 20103,
            "year": 2010,
            "quarter": 3,
            "eps": 0.03,
            "eps_growth_year": 12.28,
            "eps_4q": 0.14,
            "eps_4q_growth_year": 59.08,
            "roe": 3.48,
            "roe_4q": 21.39,
            "gross_profit": 1774000,
            "gross_margin": 23.47,
            "gross_margin_4q_avg": 22.9,
            "net_income": 213000,
            "net_income_4q": null,
            "revenue": 7560000,
            "revenue_4q": null,
            "common_shares": 5000,
            "book_valuer_per_share": 0.57,
            "book_valuer_per_share_4q_avg": 0.51,
            "equity": 6397000,
            "current_ratio": 149.95,
            "debt_ratio": 54.83,
            "inventory_turnover_ratio": 2.6,
            "account_receivable_turnover_ratio": 8.57,
            "reinvestment_rate": 57.45,
            "research_to_sale_ratio": 5.85,
            "price_fair": 2.99,
            "eps_avg_yearly": 0.09,
            "eps_latest_yearly": 0.12,
            "eps_growth_yearly": 91.56
        },
        "20104": {
            "year_quarter": 20104,
            "year": 2010,
            "quarter": 4,
            "eps": 0.05,
            "eps_growth_year": -15.91,
            "eps_4q": 0.13,
            "eps_4q_growth_year": 11.93,
            "roe": 6.36,
            "roe_4q": 19.02,
            "gross_profit": 2631000,
            "gross_margin": 20.32,
            "gross_margin_4q_avg": 22.79,
            "net_income": 422000,
            "net_income_4q": null,
            "revenue": 12948000,
            "revenue_4q": null,
            "common_shares": 5000,
            "book_valuer_per_share": 0.61,
            "book_valuer_per_share_4q_avg": 0.55,
            "equity": 6864000,
            "current_ratio": 132.54,
            "debt_ratio": 63.48,
            "inventory_turnover_ratio": 3.61,
            "account_receivable_turnover_ratio": 10.17,
            "reinvestment_rate": 61.97,
            "research_to_sale_ratio": 4.01,
            "price_fair": 3.24,
            "eps_avg_yearly": 0.09,
            "eps_latest_yearly": 0.2,
            "eps_growth_yearly": 102.5
        },
        "20111": {
            "year_quarter": 20111,
            "year": 2011,
            "quarter": 1,
            "eps": 0.02,
            "eps_growth_year": -33.5,
            "eps_4q": 0.12,
            "eps_4q_growth_year": -8.15,
            "roe": 3.07,
            "roe_4q": 16.55,
            "gross_profit": 2249000,
            "gross_margin": 22.82,
            "gross_margin_4q_avg": 22.78,
            "net_income": 218000,
            "net_income_4q": null,
            "revenue": 9857000,
            "revenue_4q": null,
            "common_shares": 5000,
            "book_valuer_per_share": 0.65,
            "book_valuer_per_share_4q_avg": 0.59,
            "equity": 7347000,
            "current_ratio": 146.03,
            "debt_ratio": 56.48,
            "inventory_turnover_ratio": 2.5,
            "account_receivable_turnover_ratio": 6.82,
            "reinvestment_rate": 74.76,
            "research_to_sale_ratio": 5.87,
            "price_fair": 3.33,
            "eps_avg_yearly": 0.1,
            "eps_latest_yearly": 0.08,
            "eps_growth_yearly": 87.5
        },
        "20112": {
            "year_quarter": 20112,
            "year": 2011,
            "quarter": 2,
            "eps": 0.02,
            "eps_growth_year": -8.75,
            "eps_4q": 0.11,
            "eps_4q_growth_year": -14.25,
            "roe": 2.33,
            "roe_4q": 15.240000000000002,
            "gross_profit": 2388000,
            "gross_margin": 24.09,
            "gross_margin_4q_avg": 22.68,
            "net_income": 176000,
            "net_income_4q": null,
            "revenue": 9913000,
            "revenue_4q": null,
            "common_shares": 5000,
            "book_valuer_per_share": 0.64,
            "book_valuer_per_share_4q_avg": 0.62,
            "equity": 7765000,
            "current_ratio": 140.2,
            "debt_ratio": 56.72,
            "inventory_turnover_ratio": 2.46,
            "account_receivable_turnover_ratio": 7.23,
            "reinvestment_rate": 87.95,
            "research_to_sale_ratio": 7.04,
            "price_fair": 3.41,
            "eps_avg_yearly": 0.1,
            "eps_latest_yearly": 0.08,
            "eps_growth_yearly": 87.5
        },
        "20113": {
            "year_quarter": 20113,
            "year": 2011,
            "quarter": 3,
            "eps": 0.01,
            "eps_growth_year": -73.04,
            "eps_4q": 0.09,
            "eps_4q_growth_year": -29.71,
            "roe": 0.81,
            "roe_4q": 12.57,
            "gross_profit": 2551000,
            "gross_margin": 23.46,
            "gross_margin_4q_avg": 22.67,
            "net_income": 63000,
            "net_income_4q": null,
            "revenue": 10876000,
            "revenue_4q": null,
            "common_shares": 5000,
            "book_valuer_per_share": 0.64,
            "book_valuer_per_share_4q_avg": 0.64,
            "equity": 7766000,
            "current_ratio": 132.59,
            "debt_ratio": 59.24,
            "inventory_turnover_ratio": 2.38,
            "account_receivable_turnover_ratio": 7.41,
            "reinvestment_rate": 102.55,
            "research_to_sale_ratio": 7.07,
            "price_fair": 3.41,
            "eps_avg_yearly": 0.1,
            "eps_latest_yearly": 0.04,
            "eps_growth_yearly": 75
        },
        "20114": {
            "year_quarter": 20114,
            "year": 2011,
            "quarter": 4,
            "eps": 0.02,
            "eps_growth_year": -57.81,
            "eps_4q": 0.07,
            "eps_4q_growth_year": -45.7,
            "roe": 2.41,
            "roe_4q": 8.620000000000001,
            "gross_profit": 3601000,
            "gross_margin": 20.66,
            "gross_margin_4q_avg": 22.76,
            "net_income": 187000,
            "net_income_4q": null,
            "revenue": 17431000,
            "revenue_4q": null,
            "common_shares": 5000,
            "book_valuer_per_share": 0.64,
            "book_valuer_per_share_4q_avg": 0.64,
            "equity": 7757000,
            "current_ratio": 117.41,
            "debt_ratio": 69.31,
            "inventory_turnover_ratio": 3.16,
            "account_receivable_turnover_ratio": 8.57,
            "reinvestment_rate": 114.12,
            "research_to_sale_ratio": 4.95,
            "price_fair": 3.41,
            "eps_avg_yearly": 0.1,
            "eps_latest_yearly": 0.08,
            "eps_growth_yearly": 75
        },
        "20121": {
            "year_quarter": 20121,
            "year": 2012,
            "quarter": 1,
            "eps": 0.01,
            "eps_growth_year": -35.48,
            "eps_4q": 0.06,
            "eps_4q_growth_year": -47.24,
            "roe": 0.55,
            "roe_4q": 6.1,
            "gross_profit": 3158000,
            "gross_margin": 23.95,
            "gross_margin_4q_avg": 23.04,
            "net_income": 41000,
            "net_income_4q": null,
            "revenue": 13185000,
            "revenue_4q": null,
            "common_shares": 5000,
            "book_valuer_per_share": 0.59,
            "book_valuer_per_share_4q_avg": 0.63,
            "equity": 7271000,
            "current_ratio": 115.88,
            "debt_ratio": 64.25,
            "inventory_turnover_ratio": 2.17,
            "account_receivable_turnover_ratio": 6.02,
            "reinvestment_rate": 123.29,
            "research_to_sale_ratio": 7.17,
            "price_fair": 3.33,
            "eps_avg_yearly": 0.1,
            "eps_latest_yearly": 0.04,
            "eps_growth_yearly": 62.5
        },
        "20122": {
            "year_quarter": 20122,
            "year": 2012,
            "quarter": 2,
            "eps": 0,
            "eps_growth_year": -96.34,
            "eps_4q": 0.04,
            "eps_4q_growth_year": -63.95,
            "roe": 0.5,
            "roe_4q": 4.27,
            "gross_profit": 3346000,
            "gross_margin": 26.07,
            "gross_margin_4q_avg": 23.54,
            "net_income": 37000,
            "net_income_4q": null,
            "revenue": 12834000,
            "revenue_4q": null,
            "common_shares": 5000,
            "book_valuer_per_share": 0.55,
            "book_valuer_per_share_4q_avg": 0.61,
            "equity": 7505000,
            "current_ratio": 107.56,
            "debt_ratio": 64.3,
            "inventory_turnover_ratio": 2.2,
            "account_receivable_turnover_ratio": 6.67,
            "reinvestment_rate": 139.89,
            "research_to_sale_ratio": 8.43,
            "price_fair": 3.36,
            "eps_avg_yearly": 0.1,
            "eps_latest_yearly": 0.04,
            "eps_growth_yearly": 66.67
        },
        "20123": {
            "year_quarter": 20123,
            "year": 2012,
            "quarter": 3,
            "eps": -0.03,
            "eps_growth_year": -543.78,
            "eps_4q": 0,
            "eps_4q_growth_year": -96.06,
            "roe": -1.39,
            "roe_4q": 2.0700000000000003,
            "gross_profit": 3487000,
            "gross_margin": 25.26,
            "gross_margin_4q_avg": 23.99,
            "net_income": -105000,
            "net_income_4q": null,
            "revenue": 13806000,
            "revenue_4q": null,
            "common_shares": 5000,
            "book_valuer_per_share": 0.55,
            "book_valuer_per_share_4q_avg": 0.58,
            "equity": 7553000,
            "current_ratio": 104.07,
            "debt_ratio": 66.92,
            "inventory_turnover_ratio": 2.19,
            "account_receivable_turnover_ratio": 6.24,
            "reinvestment_rate": 166.19,
            "research_to_sale_ratio": 8.63,
            "price_fair": 3.5,
            "eps_avg_yearly": 0.1,
            "eps_latest_yearly": 0.04,
            "eps_growth_yearly": 85.71
        },
        "20124": {
            "year_quarter": 20124,
            "year": 2012,
            "quarter": 4,
            "eps": 0.01,
            "eps_growth_year": -45.09,
            "eps_4q": -0,
            "eps_4q_growth_year": -107.14,
            "roe": 1.82,
            "roe_4q": 1.4800000000000002,
            "gross_profit": 5132000,
            "gross_margin": 24.13,
            "gross_margin_4q_avg": 24.85,
            "net_income": 143000,
            "net_income_4q": null,
            "revenue": 21268000,
            "revenue_4q": null,
            "common_shares": 5000,
            "book_valuer_per_share": 0.62,
            "book_valuer_per_share_4q_avg": 0.58,
            "equity": 8192000,
            "current_ratio": 112.07,
            "debt_ratio": 74.84,
            "inventory_turnover_ratio": 2.91,
            "account_receivable_turnover_ratio": 6.85,
            "reinvestment_rate": 219.45,
            "research_to_sale_ratio": 6.32,
            "price_fair": 3.45,
            "eps_avg_yearly": 0.1,
            "eps_latest_yearly": 0.04,
            "eps_growth_yearly": 30.77
        },
        "20131": {
            "year_quarter": 20131,
            "year": 2013,
            "quarter": 1,
            "eps": 0.01,
            "eps_growth_year": -37.3,
            "eps_4q": -0.01,
            "eps_4q_growth_year": -116.7,
            "roe": 1.19,
            "roe_4q": 2.12,
            "gross_profit": 4269000,
            "gross_margin": 26.57,
            "gross_margin_4q_avg": 25.51,
            "net_income": 99000,
            "net_income_4q": null,
            "revenue": 16070000,
            "revenue_4q": null,
            "common_shares": 5000,
            "book_valuer_per_share": 0.65,
            "book_valuer_per_share_4q_avg": 0.59,
            "equity": 8432000,
            "current_ratio": 113.82,
            "debt_ratio": 70.29,
            "inventory_turnover_ratio": 2.07,
            "account_receivable_turnover_ratio": 5.08,
            "reinvestment_rate": 251.43,
            "research_to_sale_ratio": 8.61,
            "price_fair": 3.34,
            "eps_avg_yearly": 0.1,
            "eps_latest_yearly": 0.04,
            "eps_growth_yearly": 41.03
        },
        "20132": {
            "year_quarter": 20132,
            "year": 2013,
            "quarter": 2,
            "eps": -0,
            "eps_growth_year": -201.32,
            "eps_4q": -0.01,
            "eps_4q_growth_year": -128.62,
            "roe": 0.05,
            "roe_4q": 1.6700000000000002,
            "gross_profit": 4495000,
            "gross_margin": 28.62,
            "gross_margin_4q_avg": 26.15,
            "net_income": 4000,
            "net_income_4q": null,
            "revenue": 15704000,
            "revenue_4q": null,
            "common_shares": 5000,
            "book_valuer_per_share": 0.67,
            "book_valuer_per_share_4q_avg": 0.62,
            "equity": 8733000,
            "current_ratio": 110.52,
            "debt_ratio": 70.52,
            "inventory_turnover_ratio": 2.07,
            "account_receivable_turnover_ratio": 5.84,
            "reinvestment_rate": 303.12,
            "research_to_sale_ratio": 10.1,
            "price_fair": 3.38,
            "eps_avg_yearly": 0.1,
            "eps_latest_yearly": 0.04,
            "eps_growth_yearly": 44.44
        },
        "20133": {
            "year_quarter": 20133,
            "year": 2013,
            "quarter": 3,
            "eps": -0,
            "eps_growth_year": null,
            "eps_4q": 0.01,
            "eps_4q_growth_year": 277.54,
            "roe": -0.35,
            "roe_4q": 2.71,
            "gross_profit": 4726000,
            "gross_margin": 27.65,
            "gross_margin_4q_avg": 26.74,
            "net_income": -31000,
            "net_income_4q": null,
            "revenue": 17092000,
            "revenue_4q": null,
            "common_shares": 5000,
            "book_valuer_per_share": 0.7,
            "book_valuer_per_share_4q_avg": 0.66,
            "equity": 9087000,
            "current_ratio": 107.43,
            "debt_ratio": 71.48,
            "inventory_turnover_ratio": 2.15,
            "account_receivable_turnover_ratio": 5.78,
            "reinvestment_rate": 374.95,
            "research_to_sale_ratio": 10.15,
            "price_fair": 3.44,
            "eps_avg_yearly": 0.1,
            "eps_latest_yearly": 0.04,
            "eps_growth_yearly": 48.48
        },
        "20134": {
            "year_quarter": 20134,
            "year": 2013,
            "quarter": 4,
            "eps": 0.03,
            "eps_growth_year": 143.73,
            "eps_4q": 0.03,
            "eps_4q_growth_year": null,
            "roe": 2.9,
            "roe_4q": 3.7899999999999996,
            "gross_profit": 6781000,
            "gross_margin": 26.5,
            "gross_margin_4q_avg": 27.34,
            "net_income": 273000,
            "net_income_4q": null,
            "revenue": 25587000,
            "revenue_4q": null,
            "common_shares": 5000,
            "book_valuer_per_share": 0.77,
            "book_valuer_per_share_4q_avg": 0.7,
            "equity": 9746000,
            "current_ratio": 107.16,
            "debt_ratio": 75.73,
            "inventory_turnover_ratio": 2.79,
            "account_receivable_turnover_ratio": 6.54,
            "reinvestment_rate": 428.44,
            "research_to_sale_ratio": 7.28,
            "price_fair": 0.26,
            "eps_avg_yearly": 0.09,
            "eps_latest_yearly": 0.04,
            "eps_growth_yearly": -6.67
        },
        "20141": {
            "year_quarter": 20141,
            "year": 2014,
            "quarter": 1,
            "eps": 0.01,
            "eps_growth_year": 30.25,
            "eps_4q": 0.03,
            "eps_4q_growth_year": null,
            "roe": 0.47,
            "roe_4q": 3.07,
            "gross_profit": 5686000,
            "gross_margin": 28.8,
            "gross_margin_4q_avg": 27.89,
            "net_income": 47000,
            "net_income_4q": null,
            "revenue": 19741000,
            "revenue_4q": null,
            "common_shares": 5000,
            "book_valuer_per_share": 0.83,
            "book_valuer_per_share_4q_avg": 0.74,
            "equity": 10328000,
            "current_ratio": 105.28,
            "debt_ratio": 71.6,
            "inventory_turnover_ratio": 1.99,
            "account_receivable_turnover_ratio": 4.53,
            "reinvestment_rate": 538.63,
            "research_to_sale_ratio": 10.09,
            "price_fair": 0.24,
            "eps_avg_yearly": 0.08,
            "eps_latest_yearly": 0.04,
            "eps_growth_yearly": -17.33
        },
        "20142": {
            "year_quarter": 20142,
            "year": 2014,
            "quarter": 2,
            "eps": -0.01,
            "eps_growth_year": null,
            "eps_4q": 0.02,
            "eps_4q_growth_year": null,
            "roe": -1.16,
            "roe_4q": 1.8599999999999999,
            "gross_profit": 5941000,
            "gross_margin": 30.72,
            "gross_margin_4q_avg": 28.42,
            "net_income": -121000,
            "net_income_4q": null,
            "revenue": 19340000,
            "revenue_4q": null,
            "common_shares": 5000,
            "book_valuer_per_share": 0.86,
            "book_valuer_per_share_4q_avg": 0.79,
            "equity": 10602000,
            "current_ratio": 100.02,
            "debt_ratio": 72.02,
            "inventory_turnover_ratio": 2.01,
            "account_receivable_turnover_ratio": 4.79,
            "reinvestment_rate": 732.47,
            "research_to_sale_ratio": 11.51,
            "price_fair": 0.24,
            "eps_avg_yearly": 0.08,
            "eps_latest_yearly": 0.04,
            "eps_growth_yearly": -4.44
        },
        "20143": {
            "year_quarter": 20143,
            "year": 2014,
            "quarter": 3,
            "eps": -0.05,
            "eps_growth_year": null,
            "eps_4q": -0.02,
            "eps_4q_growth_year": -267.71,
            "roe": -4.1,
            "roe_4q": -1.8900000000000001,
            "gross_profit": 5952000,
            "gross_margin": 28.92,
            "gross_margin_4q_avg": 28.74,
            "net_income": -429000,
            "net_income_4q": null,
            "revenue": 20579000,
            "revenue_4q": null,
            "common_shares": 5000,
            "book_valuer_per_share": 0.76,
            "book_valuer_per_share_4q_avg": 0.81,
            "equity": 10336000,
            "current_ratio": 89.11,
            "debt_ratio": 74.43,
            "inventory_turnover_ratio": 2.1,
            "account_receivable_turnover_ratio": 4.84,
            "reinvestment_rate": 1318.46,
            "research_to_sale_ratio": 11.77,
            "price_fair": 0.23,
            "eps_avg_yearly": 0.08,
            "eps_latest_yearly": 0.04,
            "eps_growth_yearly": -30
        },
        "20144": {
            "year_quarter": 20144,
            "year": 2014,
            "quarter": 4,
            "eps": 0.02,
            "eps_growth_year": -11.58,
            "eps_4q": -0.03,
            "eps_4q_growth_year": -191.14,
            "roe": 2.13,
            "roe_4q": -2.66,
            "gross_profit": 8657000,
            "gross_margin": 29.52,
            "gross_margin_4q_avg": 29.49,
            "net_income": 224000,
            "net_income_4q": null,
            "revenue": 29328000,
            "revenue_4q": null,
            "common_shares": 5000,
            "book_valuer_per_share": 0.8,
            "book_valuer_per_share_4q_avg": 0.81,
            "equity": 10741000,
            "current_ratio": 111.53,
            "debt_ratio": 80.29,
            "inventory_turnover_ratio": 2.65,
            "account_receivable_turnover_ratio": 5.87,
            "reinvestment_rate": 1728.09,
            "research_to_sale_ratio": 8.98,
            "price_fair": 0.17,
            "eps_avg_yearly": 0.06,
            "eps_latest_yearly": 0.04,
            "eps_growth_yearly": -72.38
        },
        "20151": {
            "year_quarter": 20151,
            "year": 2015,
            "quarter": 1,
            "eps": -0.01,
            "eps_growth_year": -153.12,
            "eps_4q": -0.04,
            "eps_4q_growth_year": -238.85,
            "roe": -0.46,
            "roe_4q": -3.59,
            "gross_profit": 7322000,
            "gross_margin": 32.23,
            "gross_margin_4q_avg": 30.35,
            "net_income": -50000,
            "net_income_4q": null,
            "revenue": 22717000,
            "revenue_4q": null,
            "common_shares": 5000,
            "book_valuer_per_share": 0.79,
            "book_valuer_per_share_4q_avg": 0.8,
            "equity": 10873000,
            "current_ratio": 111.84,
            "debt_ratio": 78.29,
            "inventory_turnover_ratio": 1.97,
            "account_receivable_turnover_ratio": 4.38,
            "reinvestment_rate": 2593.91,
            "research_to_sale_ratio": 12.12,
            "price_fair": 0.16,
            "eps_avg_yearly": 0.05,
            "eps_latest_yearly": 0.04,
            "eps_growth_yearly": -44.44
        },
        "20152": {
            "year_quarter": 20152,
            "year": 2015,
            "quarter": 2,
            "eps": 0.01,
            "eps_growth_year": null,
            "eps_4q": -0.02,
            "eps_4q_growth_year": -210.36,
            "roe": 0.85,
            "roe_4q": -1.5799999999999996,
            "gross_profit": 8025000,
            "gross_margin": 34.61,
            "gross_margin_4q_avg": 31.32,
            "net_income": 96000,
            "net_income_4q": null,
            "revenue": 23185000,
            "revenue_4q": null,
            "common_shares": 5000,
            "book_valuer_per_share": 0.88,
            "book_valuer_per_share_4q_avg": 0.81,
            "equity": 11768000,
            "current_ratio": 110.37,
            "debt_ratio": 77.56,
            "inventory_turnover_ratio": 2.04,
            "account_receivable_turnover_ratio": 4.78,
            "reinvestment_rate": 3285.56,
            "research_to_sale_ratio": 13.03,
            "price_fair": 0.14,
            "eps_avg_yearly": 0.05,
            "eps_latest_yearly": 0.04,
            "eps_growth_yearly": -53.33
        },
        "20153": {
            "year_quarter": 20153,
            "year": 2015,
            "quarter": 3,
            "eps": 0.01,
            "eps_growth_year": null,
            "eps_4q": 0.03,
            "eps_4q_growth_year": null,
            "roe": 0.71,
            "roe_4q": 3.23,
            "gross_profit": 8603000,
            "gross_margin": 33.93,
            "gross_margin_4q_avg": 32.57,
            "net_income": 86000,
            "net_income_4q": null,
            "revenue": 25358000,
            "revenue_4q": null,
            "common_shares": 5000,
            "book_valuer_per_share": 0.95,
            "book_valuer_per_share_4q_avg": 0.86,
            "equity": 12430000,
            "current_ratio": 108.22,
            "debt_ratio": 77.89,
            "inventory_turnover_ratio": 2.04,
            "account_receivable_turnover_ratio": 4.9,
            "reinvestment_rate": 3292.61,
            "research_to_sale_ratio": 12.61,
            "price_fair": 0.14,
            "eps_avg_yearly": 0.05,
            "eps_latest_yearly": 0.04,
            "eps_growth_yearly": -13.33
        },
        "20154": {
            "year_quarter": 20154,
            "year": 2015,
            "quarter": 4,
            "eps": 0.05,
            "eps_growth_year": 121.48,
            "eps_4q": 0.06,
            "eps_4q_growth_year": null,
            "roe": 3.77,
            "roe_4q": 4.87,
            "gross_profit": 11406000,
            "gross_margin": 31.91,
            "gross_margin_4q_avg": 33.17,
            "net_income": 486000,
            "net_income_4q": null,
            "revenue": 35747000,
            "revenue_4q": null,
            "common_shares": 5000,
            "book_valuer_per_share": 1.02,
            "book_valuer_per_share_4q_avg": 0.91,
            "equity": 13384000,
            "current_ratio": 105.36,
            "debt_ratio": 79.33,
            "inventory_turnover_ratio": 2.53,
            "account_receivable_turnover_ratio": 6.44,
            "reinvestment_rate": 2148.12,
            "research_to_sale_ratio": 9.98,
            "price_fair": 2.52,
            "eps_avg_yearly": 0.07,
            "eps_latest_yearly": 0.2,
            "eps_growth_yearly": 226.67
        },
        "20161": {
            "year_quarter": 20161,
            "year": 2016,
            "quarter": 1,
            "eps": 0.05,
            "eps_growth_year": null,
            "eps_4q": 0.12,
            "eps_4q_growth_year": null,
            "roe": 4.13,
            "roe_4q": 9.459999999999999,
            "gross_profit": 10262000,
            "gross_margin": 35.23,
            "gross_margin_4q_avg": 33.92,
            "net_income": 581000,
            "net_income_4q": null,
            "revenue": 29128000,
            "revenue_4q": null,
            "common_shares": 5000,
            "book_valuer_per_share": 1.16,
            "book_valuer_per_share_4q_avg": 1,
            "equity": 14756000,
            "current_ratio": 108.25,
            "debt_ratio": 75.86,
            "inventory_turnover_ratio": 1.9,
            "account_receivable_turnover_ratio": 5.43,
            "reinvestment_rate": 1381.04,
            "research_to_sale_ratio": 12.11,
            "price_fair": 3.64,
            "eps_avg_yearly": 0.1,
            "eps_latest_yearly": 0.2,
            "eps_growth_yearly": 266.67
        },
        "20162": {
            "year_quarter": 20162,
            "year": 2016,
            "quarter": 2,
            "eps": 0.09,
            "eps_growth_year": 818.43,
            "eps_4q": 0.2,
            "eps_4q_growth_year": null,
            "roe": 5.57,
            "roe_4q": 14.18,
            "gross_profit": 11224000,
            "gross_margin": 36.92,
            "gross_margin_4q_avg": 34.5,
            "net_income": 872000,
            "net_income_4q": null,
            "revenue": 30404000,
            "revenue_4q": null,
            "common_shares": 5000,
            "book_valuer_per_share": 1.35,
            "book_valuer_per_share_4q_avg": 1.12,
            "equity": 16538000,
            "current_ratio": 108.9,
            "debt_ratio": 74.59,
            "inventory_turnover_ratio": 2,
            "account_receivable_turnover_ratio": 5.45,
            "reinvestment_rate": 915.31,
            "research_to_sale_ratio": 12.76,
            "price_fair": 5.13,
            "eps_avg_yearly": 0.15,
            "eps_latest_yearly": 0.36,
            "eps_growth_yearly": 275.56
        },
        "20163": {
            "year_quarter": 20163,
            "year": 2016,
            "quarter": 3,
            "eps": 0.03,
            "eps_growth_year": 214.53,
            "eps_4q": 0.22,
            "eps_4q_growth_year": 533.31,
            "roe": 1.53,
            "roe_4q": 15,
            "gross_profit": 11454000,
            "gross_margin": 35.01,
            "gross_margin_4q_avg": 34.77,
            "net_income": 262000,
            "net_income_4q": null,
            "revenue": 32714000,
            "revenue_4q": null,
            "common_shares": 5000,
            "book_valuer_per_share": 1.47,
            "book_valuer_per_share_4q_avg": 1.25,
            "equity": 17782000,
            "current_ratio": 106.3,
            "debt_ratio": 74.92,
            "inventory_turnover_ratio": 2.1,
            "account_receivable_turnover_ratio": 5.17,
            "reinvestment_rate": 802.99,
            "research_to_sale_ratio": 12.64,
            "price_fair": 5,
            "eps_avg_yearly": 0.14,
            "eps_latest_yearly": 0.12,
            "eps_growth_yearly": 198.1
        },
        "20164": {
            "year_quarter": 20164,
            "year": 2016,
            "quarter": 4,
            "eps": 0.08,
            "eps_growth_year": 53.16,
            "eps_4q": 0.24,
            "eps_4q_growth_year": 295.05,
            "roe": 4.06,
            "roe_4q": 15.29,
            "gross_profit": 14782000,
            "gross_margin": 33.79,
            "gross_margin_4q_avg": 35.24,
            "net_income": 753000,
            "net_income_4q": null,
            "revenue": 43741000,
            "revenue_4q": null,
            "common_shares": 5000,
            "book_valuer_per_share": 1.62,
            "book_valuer_per_share_4q_avg": 1.4,
            "equity": 19285000,
            "current_ratio": 104.48,
            "debt_ratio": 76.88,
            "inventory_turnover_ratio": 2.61,
            "account_receivable_turnover_ratio": 5.87,
            "reinvestment_rate": 682.3,
            "research_to_sale_ratio": 10.39,
            "price_fair": 5.78,
            "eps_avg_yearly": 0.17,
            "eps_latest_yearly": 0.32,
            "eps_growth_yearly": 256.67
        },
        "20171": {
            "year_quarter": 20171,
            "year": 2017,
            "quarter": 1,
            "eps": 0.07,
            "eps_growth_year": 38.53,
            "eps_4q": 0.27,
            "eps_4q_growth_year": 118.57,
            "roe": 3.54,
            "roe_4q": 14.7,
            "gross_profit": 13274000,
            "gross_margin": 37.17,
            "gross_margin_4q_avg": 35.72,
            "net_income": 724000,
            "net_income_4q": null,
            "revenue": 35714000,
            "revenue_4q": null,
            "common_shares": 5000,
            "book_valuer_per_share": 1.87,
            "book_valuer_per_share_4q_avg": 1.58,
            "equity": 21674000,
            "current_ratio": 105.51,
            "debt_ratio": 73.23,
            "inventory_turnover_ratio": 2.03,
            "account_receivable_turnover_ratio": 4.56,
            "reinvestment_rate": 633.84,
            "research_to_sale_ratio": 13.48,
            "price_fair": 6.83,
            "eps_avg_yearly": 0.2,
            "eps_latest_yearly": 0.28,
            "eps_growth_yearly": 250.42
        },
        "20172": {
            "year_quarter": 20172,
            "year": 2017,
            "quarter": 2,
            "eps": 0.02,
            "eps_growth_year": -77.43,
            "eps_4q": 0.2,
            "eps_4q_growth_year": -1.87,
            "roe": 0.89,
            "roe_4q": 10.019999999999998,
            "gross_profit": 14504000,
            "gross_margin": 38.21,
            "gross_margin_4q_avg": 36.05,
            "net_income": 199000,
            "net_income_4q": null,
            "revenue": 37955000,
            "revenue_4q": null,
            "common_shares": 5000,
            "book_valuer_per_share": 1.98,
            "book_valuer_per_share_4q_avg": 1.74,
            "equity": 23214000,
            "current_ratio": 101.2,
            "debt_ratio": 73.55,
            "inventory_turnover_ratio": 2.12,
            "account_receivable_turnover_ratio": 4.94,
            "reinvestment_rate": 686.58,
            "research_to_sale_ratio": 14.62,
            "price_fair": 6.38,
            "eps_avg_yearly": 0.18,
            "eps_latest_yearly": 0.08,
            "eps_growth_yearly": 190.85
        },
        "20173": {
            "year_quarter": 20173,
            "year": 2017,
            "quarter": 3,
            "eps": 0.03,
            "eps_growth_year": -0.27,
            "eps_4q": 0.2,
            "eps_4q_growth_year": -9.87,
            "roe": 1.08,
            "roe_4q": 9.57,
            "gross_profit": 16195000,
            "gross_margin": 37.02,
            "gross_margin_4q_avg": 36.55,
            "net_income": 258000,
            "net_income_4q": null,
            "revenue": 43744000,
            "revenue_4q": null,
            "common_shares": 5000,
            "book_valuer_per_share": 1.18,
            "book_valuer_per_share_4q_avg": 1.66,
            "equity": 24658000,
            "current_ratio": 103.2,
            "debt_ratio": 78.61,
            "inventory_turnover_ratio": 2.18,
            "account_receivable_turnover_ratio": 4.7,
            "reinvestment_rate": 814.29,
            "research_to_sale_ratio": 13.59,
            "price_fair": 6.16,
            "eps_avg_yearly": 0.18,
            "eps_latest_yearly": 0.12,
            "eps_growth_yearly": 191.76
        },
        "20174": {
            "year_quarter": 20174,
            "year": 2017,
            "quarter": 4,
            "eps": 0.11,
            "eps_growth_year": 40,
            "eps_4q": 0.23,
            "eps_4q_growth_year": -7.13,
            "roe": 4.08,
            "roe_4q": 9.59,
            "gross_profit": 21958000,
            "gross_margin": 36.32,
            "gross_margin_4q_avg": 37.18,
            "net_income": 1068000,
            "net_income_4q": null,
            "revenue": 60453000,
            "revenue_4q": null,
            "common_shares": 5000,
            "book_valuer_per_share": 1.48,
            "book_valuer_per_share_4q_avg": 1.63,
            "equity": 27709000,
            "current_ratio": 104,
            "debt_ratio": 78.9,
            "inventory_turnover_ratio": 2.59,
            "account_receivable_turnover_ratio": 5.1,
            "reinvestment_rate": 728.36,
            "research_to_sale_ratio": 10.44,
            "price_fair": 7,
            "eps_avg_yearly": 0.2,
            "eps_latest_yearly": 0.44,
            "eps_growth_yearly": 271.3
        },
        "20181": {
            "year_quarter": 20181,
            "year": 2018,
            "quarter": 1,
            "eps": 0.16,
            "eps_growth_year": 121.37,
            "eps_4q": 0.32,
            "eps_4q_growth_year": 19.46,
            "roe": 5.51,
            "roe_4q": 11.56,
            "gross_profit": 20307000,
            "gross_margin": 39.78,
            "gross_margin_4q_avg": 37.83,
            "net_income": 1629000,
            "net_income_4q": null,
            "revenue": 51042000,
            "revenue_4q": null,
            "common_shares": 5000,
            "book_valuer_per_share": 1.86,
            "book_valuer_per_share_4q_avg": 1.63,
            "equity": 31463000,
            "current_ratio": 105.79,
            "debt_ratio": 75.1,
            "inventory_turnover_ratio": 2.06,
            "account_receivable_turnover_ratio": 4.05,
            "reinvestment_rate": 580.11,
            "research_to_sale_ratio": 13.24,
            "price_fair": 8.91,
            "eps_avg_yearly": 0.25,
            "eps_latest_yearly": 0.64,
            "eps_growth_yearly": 312.07
        },
        "20182": {
            "year_quarter": 20182,
            "year": 2018,
            "quarter": 2,
            "eps": 0.25,
            "eps_growth_year": 1165.73,
            "eps_4q": 0.55,
            "eps_4q_growth_year": 179.76,
            "roe": 7.62,
            "roe_4q": 18.29,
            "gross_profit": 22254000,
            "gross_margin": 42.08,
            "gross_margin_4q_avg": 38.8,
            "net_income": 2531000,
            "net_income_4q": null,
            "revenue": 52886000,
            "revenue_4q": null,
            "common_shares": 5000,
            "book_valuer_per_share": 2.16,
            "book_valuer_per_share_4q_avg": 1.67,
            "equity": 34995000,
            "current_ratio": 107.24,
            "debt_ratio": 73.9,
            "inventory_turnover_ratio": 2.14,
            "account_receivable_turnover_ratio": 4.29,
            "reinvestment_rate": 424.61,
            "research_to_sale_ratio": 13.7,
            "price_fair": 11.08,
            "eps_avg_yearly": 0.32,
            "eps_latest_yearly": 1,
            "eps_growth_yearly": 304.81
        },
        "20183": {
            "year_quarter": 20183,
            "year": 2018,
            "quarter": 3,
            "eps": 0.29,
            "eps_growth_year": 1010.46,
            "eps_4q": 0.81,
            "eps_4q_growth_year": 312.96,
            "roe": 7.78,
            "roe_4q": 24.990000000000002,
            "gross_profit": 23573000,
            "gross_margin": 41.67,
            "gross_margin_4q_avg": 39.96,
            "net_income": 2882000,
            "net_income_4q": null,
            "revenue": 56576000,
            "revenue_4q": null,
            "common_shares": 5000,
            "book_valuer_per_share": 2.51,
            "book_valuer_per_share_4q_avg": 2,
            "equity": 39125000,
            "current_ratio": 108.24,
            "debt_ratio": 72.77,
            "inventory_turnover_ratio": 2.15,
            "account_receivable_turnover_ratio": 4.21,
            "reinvestment_rate": 329.11,
            "research_to_sale_ratio": 12.66,
            "price_fair": 13.35,
            "eps_avg_yearly": 0.38,
            "eps_latest_yearly": 1.16,
            "eps_growth_yearly": 286.29
        },
        "20184": {
            "year_quarter": 20184,
            "year": 2018,
            "quarter": 4,
            "eps": 0.29,
            "eps_growth_year": 166.58,
            "eps_4q": 0.99,
            "eps_4q_growth_year": 335.96,
            "roe": 6.93,
            "roe_4q": 27.840000000000003,
            "gross_profit": 27597000,
            "gross_margin": 38.13,
            "gross_margin_4q_avg": 40.42,
            "net_income": 2866000,
            "net_income_4q": null,
            "revenue": 72383000,
            "revenue_4q": null,
            "common_shares": 5000,
            "book_valuer_per_share": 2.95,
            "book_valuer_per_share_4q_avg": 2.37,
            "equity": 43549000,
            "current_ratio": 109.81,
            "debt_ratio": 73.23,
            "inventory_turnover_ratio": 2.71,
            "account_receivable_turnover_ratio": 4.68,
            "reinvestment_rate": 291.09,
            "research_to_sale_ratio": 10.6,
            "price_fair": 15.3,
            "eps_avg_yearly": 0.44,
            "eps_latest_yearly": 1.16,
            "eps_growth_yearly": 265.84
        },
        "20191": {
            "year_quarter": 20191,
            "year": 2019,
            "quarter": 1,
            "eps": 0.35,
            "eps_growth_year": 116.86,
            "eps_4q": 1.18,
            "eps_4q_growth_year": 272.96,
            "roe": 7.75,
            "roe_4q": 30.080000000000002,
            "gross_profit": 25780000,
            "gross_margin": 43.18,
            "gross_margin_4q_avg": 41.27,
            "net_income": 3565000,
            "net_income_4q": null,
            "revenue": 59700000,
            "revenue_4q": null,
            "common_shares": 5000,
            "book_valuer_per_share": 3.42,
            "book_valuer_per_share_4q_avg": 2.76,
            "equity": 48410000,
            "current_ratio": 109.01,
            "debt_ratio": 72.82,
            "inventory_turnover_ratio": 2.02,
            "account_receivable_turnover_ratio": 3.7,
            "reinvestment_rate": 329.78,
            "research_to_sale_ratio": 13.28,
            "price_fair": 17.55,
            "eps_avg_yearly": 0.5,
            "eps_latest_yearly": 1.4,
            "eps_growth_yearly": 253.64
        },
        "20192": {
            "year_quarter": 20192,
            "year": 2019,
            "quarter": 2,
            "eps": 0.26,
            "eps_growth_year": 2.97,
            "eps_4q": 1.19,
            "eps_4q_growth_year": 116.22,
            "roe": 5.19,
            "roe_4q": 27.650000000000002,
            "gross_profit": 27067000,
            "gross_margin": 42.69,
            "gross_margin_4q_avg": 41.42,
            "net_income": 2632000,
            "net_income_4q": null,
            "revenue": 63404000,
            "revenue_4q": null,
            "common_shares": 5000,
            "book_valuer_per_share": 3.88,
            "book_valuer_per_share_4q_avg": 3.19,
            "equity": 53061000,
            "current_ratio": 110.21,
            "debt_ratio": 72.27,
            "inventory_turnover_ratio": 2.08,
            "account_receivable_turnover_ratio": 3.97,
            "reinvestment_rate": 309.4,
            "research_to_sale_ratio": 14.3,
            "price_fair": 18.73,
            "eps_avg_yearly": 0.54,
            "eps_latest_yearly": 1.04,
            "eps_growth_yearly": 231.35
        },
        "20193": {
            "year_quarter": 20193,
            "year": 2019,
            "quarter": 3,
            "eps": 0.21,
            "eps_growth_year": -26.42,
            "eps_4q": 1.11,
            "eps_4q_growth_year": 37.18,
            "roe": 3.9,
            "roe_4q": 23.77,
            "gross_profit": 28679000,
            "gross_margin": 40.98,
            "gross_margin_4q_avg": 41.25,
            "net_income": 2138000,
            "net_income_4q": null,
            "revenue": 69981000,
            "revenue_4q": null,
            "common_shares": 5000,
            "book_valuer_per_share": 4.22,
            "book_valuer_per_share_4q_avg": 3.62,
            "equity": 56508000,
            "current_ratio": 109.59,
            "debt_ratio": 71.62,
            "inventory_turnover_ratio": 2.21,
            "account_receivable_turnover_ratio": 4.25,
            "reinvestment_rate": 296.53,
            "research_to_sale_ratio": 13.15,
            "price_fair": 20.48,
            "eps_avg_yearly": 0.59,
            "eps_latest_yearly": 0.84,
            "eps_growth_yearly": 226.55
        },
        "20194": {
            "year_quarter": 20194,
            "year": 2019,
            "quarter": 4,
            "eps": 0.32,
            "eps_growth_year": 12.74,
            "eps_4q": 1.15,
            "eps_4q_growth_year": 16.05,
            "roe": 5.51,
            "roe_4q": 22.35,
            "gross_profit": 33459000,
            "gross_margin": 38.27,
            "gross_margin_4q_avg": 41.28,
            "net_income": 3267000,
            "net_income_4q": null,
            "revenue": 87436000,
            "revenue_4q": null,
            "common_shares": 5000,
            "book_valuer_per_share": 4.75,
            "book_valuer_per_share_4q_avg": 4.07,
            "equity": 62060000,
            "current_ratio": 109.7,
            "debt_ratio": 72.45,
            "inventory_turnover_ratio": 2.75,
            "account_receivable_turnover_ratio": 4.7,
            "reinvestment_rate": 285.67,
            "research_to_sale_ratio": 11.14,
            "price_fair": 22.84,
            "eps_avg_yearly": 0.65,
            "eps_latest_yearly": 1.28,
            "eps_growth_yearly": 139.64
        },
        "20201": {
            "year_quarter": 20201,
            "year": 2020,
            "quarter": 1,
            "eps": 0.25,
            "eps_growth_year": -29.38,
            "eps_4q": 1.05,
            "eps_4q_growth_year": -11.51,
            "roe": 4.15,
            "roe_4q": 18.75,
            "gross_profit": 31195000,
            "gross_margin": 41.34,
            "gross_margin_4q_avg": 40.82,
            "net_income": 2639000,
            "net_income_4q": null,
            "revenue": 75452000,
            "revenue_4q": null,
            "common_shares": 5000,
            "book_valuer_per_share": 5.06,
            "book_valuer_per_share_4q_avg": 4.48,
            "equity": 65272000,
            "current_ratio": 107.87,
            "debt_ratio": 70.5,
            "inventory_turnover_ratio": 2.25,
            "account_receivable_turnover_ratio": 3.96,
            "reinvestment_rate": 279.33,
            "research_to_sale_ratio": 12.36,
            "price_fair": 24.59,
            "eps_avg_yearly": 0.7,
            "eps_latest_yearly": 1,
            "eps_growth_yearly": 134.17
        },
        "20202": {
            "year_quarter": 20202,
            "year": 2020,
            "quarter": 2,
            "eps": 0.85,
            "eps_growth_year": 224.15,
            "eps_4q": 1.63,
            "eps_4q_growth_year": 37.07,
            "roe": 7.54,
            "roe_4q": 21.1,
            "gross_profit": 36252000,
            "gross_margin": 40.77,
            "gross_margin_4q_avg": 40.34,
            "net_income": 5237000,
            "net_income_4q": null,
            "revenue": 88912000,
            "revenue_4q": null,
            "common_shares": 5000,
            "book_valuer_per_share": 5.89,
            "book_valuer_per_share_4q_avg": 4.98,
            "equity": 73728000,
            "current_ratio": 118.12,
            "debt_ratio": 71.46,
            "inventory_turnover_ratio": 2.74,
            "account_receivable_turnover_ratio": 4.79,
            "reinvestment_rate": 271.61,
            "research_to_sale_ratio": 11.68,
            "price_fair": 31.24,
            "eps_avg_yearly": 0.89,
            "eps_latest_yearly": 3.4,
            "eps_growth_yearly": 174.17
        },
        "20203": {
            "year_quarter": 20203,
            "year": 2020,
            "quarter": 3,
            "eps": 0.93,
            "eps_growth_year": 339.99,
            "eps_4q": 2.35,
            "eps_4q_growth_year": 111.01,
            "roe": 7.97,
            "roe_4q": 25.17,
            "gross_profit": 39039000,
            "gross_margin": 40.6,
            "gross_margin_4q_avg": 40.25,
            "net_income": 6240000,
            "net_income_4q": null,
            "revenue": 96145000,
            "revenue_4q": null,
            "common_shares": 5000,
            "book_valuer_per_share": 6.75,
            "book_valuer_per_share_4q_avg": 5.61,
            "equity": 82775000,
            "current_ratio": 110.85,
            "debt_ratio": 70.67,
            "inventory_turnover_ratio": 2.64,
            "account_receivable_turnover_ratio": 4.79,
            "reinvestment_rate": 275.3,
            "research_to_sale_ratio": 11.42,
            "price_fair": 39.11,
            "eps_avg_yearly": 1.12,
            "eps_latest_yearly": 3.72,
            "eps_growth_yearly": 193.19
        },
        "20204": {
            "year_quarter": 20204,
            "year": 2020,
            "quarter": 4,
            "eps": 1.07,
            "eps_growth_year": 229.27,
            "eps_4q": 3.09,
            "eps_4q_growth_year": 168.77,
            "roe": 8.17,
            "roe_4q": 27.83,
            "gross_profit": 46271000,
            "gross_margin": 36.85,
            "gross_margin_4q_avg": 39.89,
            "net_income": 7200000,
            "net_income_4q": null,
            "revenue": 125555000,
            "revenue_4q": null,
            "common_shares": 5000,
            "book_valuer_per_share": 7.79,
            "book_valuer_per_share_4q_avg": 6.37,
            "equity": 93404000,
            "current_ratio": 105.02,
            "debt_ratio": 70.92,
            "inventory_turnover_ratio": 3.34,
            "account_receivable_turnover_ratio": 5.59,
            "reinvestment_rate": 268.38,
            "research_to_sale_ratio": 9.6,
            "price_fair": 47.78,
            "eps_avg_yearly": 1.37,
            "eps_latest_yearly": 4.28,
            "eps_growth_yearly": 155.29
        },
        "20211": {
            "year_quarter": 20211,
            "year": 2021,
            "quarter": 1,
            "eps": 0.94,
            "eps_growth_year": 276.93,
            "eps_4q": 3.79,
            "eps_4q_growth_year": 261.79,
            "roe": 8.25,
            "roe_4q": 31.93,
            "gross_profit": 46115000,
            "gross_margin": 42.5,
            "gross_margin_4q_avg": 40.18,
            "net_income": 8112000,
            "net_income_4q": null,
            "revenue": 108518000,
            "revenue_4q": null,
            "common_shares": 5000,
            "book_valuer_per_share": 8.74,
            "book_valuer_per_share_4q_avg": 7.29,
            "equity": 103320000,
            "current_ratio": 105.2,
            "debt_ratio": 68.02,
            "inventory_turnover_ratio": 2.62,
            "account_receivable_turnover_ratio": 4.47,
            "reinvestment_rate": 240.68,
            "research_to_sale_ratio": 11.51,
            "price_fair": 55.39,
            "eps_avg_yearly": 1.58,
            "eps_latest_yearly": 3.76,
            "eps_growth_yearly": 155.38
        },
        "20212": {
            "year_quarter": 20212,
            "year": 2021,
            "quarter": 2,
            "eps": 0.89,
            "eps_growth_year": 4.97,
            "eps_4q": 3.83,
            "eps_4q_growth_year": 134.68,
            "roe": 7.12,
            "roe_4q": 31.509999999999998,
            "gross_profit": 48904000,
            "gross_margin": 43.25,
            "gross_margin_4q_avg": 40.8,
            "net_income": 7766000,
            "net_income_4q": null,
            "revenue": 113080000,
            "revenue_4q": null,
            "common_shares": 5000,
            "book_valuer_per_share": 9.83,
            "book_valuer_per_share_4q_avg": 8.28,
            "equity": 114803000,
            "current_ratio": 119.57,
            "debt_ratio": 68.14,
            "inventory_turnover_ratio": 2.68,
            "account_receivable_turnover_ratio": 4.42,
            "reinvestment_rate": 226.18,
            "research_to_sale_ratio": 12.27,
            "price_fair": 63,
            "eps_avg_yearly": 1.8,
            "eps_latest_yearly": 3.56,
            "eps_growth_yearly": 171.9
        },
        "20213": {
            "year_quarter": 20213,
            "year": 2021,
            "quarter": 3,
            "eps": 0.31,
            "eps_growth_year": -67.11,
            "eps_4q": 3.2,
            "eps_4q_growth_year": 36.25,
            "roe": 2.69,
            "roe_4q": 26.230000000000004,
            "gross_profit": 47882000,
            "gross_margin": 43.21,
            "gross_margin_4q_avg": 41.45,
            "net_income": 3160000,
            "net_income_4q": null,
            "revenue": 110812000,
            "revenue_4q": null,
            "common_shares": 5000,
            "book_valuer_per_share": 10.46,
            "book_valuer_per_share_4q_avg": 9.21,
            "equity": 120564000,
            "current_ratio": 111.72,
            "debt_ratio": 68.47,
            "inventory_turnover_ratio": 2.29,
            "account_receivable_turnover_ratio": 4,
            "reinvestment_rate": 245.38,
            "research_to_sale_ratio": 12.98,
            "price_fair": 65.45,
            "eps_avg_yearly": 1.87,
            "eps_latest_yearly": 1.24,
            "eps_growth_yearly": 143.11
        },
        "20214": {
            "year_quarter": 20214,
            "year": 2021,
            "quarter": 4,
            "eps": 1.38,
            "eps_growth_year": 29.77,
            "eps_4q": 3.52,
            "eps_4q_growth_year": 13.83,
            "roe": 11.07,
            "roe_4q": 29.13,
            "gross_profit": 54577000,
            "gross_margin": 39.72,
            "gross_margin_4q_avg": 42.17,
            "net_income": 14322000,
            "net_income_4q": null,
            "revenue": 137412000,
            "revenue_4q": null,
            "common_shares": 5000,
            "book_valuer_per_share": 12.07,
            "book_valuer_per_share_4q_avg": 10.28,
            "equity": 138245000,
            "current_ratio": 113.58,
            "debt_ratio": 67.13,
            "inventory_turnover_ratio": 2.61,
            "account_receivable_turnover_ratio": 4.47,
            "reinvestment_rate": 241.32,
            "research_to_sale_ratio": 11.14,
            "price_fair": 76.56,
            "eps_avg_yearly": 2.19,
            "eps_latest_yearly": 5.52,
            "eps_growth_yearly": 162.74
        },
        "20221": {
            "year_quarter": 20221,
            "year": 2022,
            "quarter": 1,
            "eps": -0.38,
            "eps_growth_year": -139.99,
            "eps_4q": 2.2,
            "eps_4q_growth_year": -41.93,
            "roe": -2.82,
            "roe_4q": 18.06,
            "gross_profit": 49945000,
            "gross_margin": 42.89,
            "gross_margin_4q_avg": 42.27,
            "net_income": -3843000,
            "net_income_4q": null,
            "revenue": 116444000,
            "revenue_4q": null,
            "common_shares": 5000,
            "book_valuer_per_share": 11.18,
            "book_valuer_per_share_4q_avg": 10.89,
            "equity": 134001000,
            "current_ratio": 95.96,
            "debt_ratio": 67.38,
            "inventory_turnover_ratio": 1.97,
            "account_receivable_turnover_ratio": 3.57,
            "reinvestment_rate": 256.06,
            "research_to_sale_ratio": 12.75,
            "price_fair": 80.17,
            "eps_avg_yearly": 2.29,
            "eps_latest_yearly": 5.52,
            "eps_growth_yearly": 161.46
        },
        "20222": {
            "year_quarter": 20222,
            "year": 2022,
            "quarter": 2,
            "eps": -0.2,
            "eps_growth_year": -122.45,
            "eps_4q": 1.11,
            "eps_4q_growth_year": -70.96,
            "roe": -1.52,
            "roe_4q": 9.42,
            "gross_profit": 54810000,
            "gross_margin": 45.21,
            "gross_margin_4q_avg": 42.76,
            "net_income": -2016000,
            "net_income_4q": null,
            "revenue": 121234000,
            "revenue_4q": null,
            "common_shares": 107000,
            "book_valuer_per_share": 10.92,
            "book_valuer_per_share_4q_avg": 11.16,
            "equity": 131402000,
            "current_ratio": 95.28,
            "debt_ratio": 68.69,
            "inventory_turnover_ratio": 1.82,
            "account_receivable_turnover_ratio": 3.62,
            "reinvestment_rate": 272.17,
            "research_to_sale_ratio": 14.91,
            "price_fair": 83.4,
            "eps_avg_yearly": 2.38,
            "eps_latest_yearly": 5.52,
            "eps_growth_yearly": 156.93
        },
        "20223": {
            "year_quarter": 20223,
            "year": 2022,
            "quarter": 3,
            "eps": 0.28,
            "eps_growth_year": -9.27,
            "eps_4q": 1.08,
            "eps_4q_growth_year": -66.18,
            "roe": 2.14,
            "roe_4q": 8.870000000000001,
            "gross_profit": 56833000,
            "gross_margin": 44.71,
            "gross_margin_4q_avg": 43.13,
            "net_income": 2875000,
            "net_income_4q": null,
            "revenue": 127101000,
            "revenue_4q": null,
            "common_shares": 107000,
            "book_valuer_per_share": 11.5,
            "book_valuer_per_share_4q_avg": 11.42,
            "equity": 137489000,
            "current_ratio": 93.66,
            "debt_ratio": 67.9,
            "inventory_turnover_ratio": 1.88,
            "account_receivable_turnover_ratio": 3.6,
            "reinvestment_rate": 279.19,
            "research_to_sale_ratio": 15.33,
            "price_fair": 86.69,
            "eps_avg_yearly": 2.48,
            "eps_latest_yearly": 5.52,
            "eps_growth_yearly": 164.07
        },
        "20224": {
            "year_quarter": 20224,
            "year": 2022,
            "quarter": 4,
            "eps": 0.03,
            "eps_growth_year": -98.03,
            "eps_4q": -0.27,
            "eps_4q_growth_year": -107.72,
            "roe": 0.19,
            "roe_4q": -2.01,
            "gross_profit": 63564000,
            "gross_margin": 42.6,
            "gross_margin_4q_avg": 43.85,
            "net_income": 265000,
            "net_income_4q": null,
            "revenue": 149204000,
            "revenue_4q": null,
            "common_shares": 108000,
            "book_valuer_per_share": 12.28,
            "book_valuer_per_share_4q_avg": 11.47,
            "equity": 146043000,
            "current_ratio": 94.46,
            "debt_ratio": 68.44,
            "inventory_turnover_ratio": 2.41,
            "account_receivable_turnover_ratio": 3.83,
            "reinvestment_rate": 276.82,
            "research_to_sale_ratio": 13.95,
            "price_fair": 83.89,
            "eps_avg_yearly": 2.4,
            "eps_latest_yearly": 0.12,
            "eps_growth_yearly": 136.6
        },
        "20231": {
            "year_quarter": 20231,
            "year": 2023,
            "quarter": 1,
            "eps": 0.31,
            "eps_growth_year": null,
            "eps_4q": 0.41,
            "eps_4q_growth_year": -81.25,
            "roe": 2.11,
            "roe_4q": 2.9199999999999995,
            "gross_profit": 59567000,
            "gross_margin": 46.77,
            "gross_margin_4q_avg": 44.82,
            "net_income": 3171000,
            "net_income_4q": null,
            "revenue": 127358000,
            "revenue_4q": null,
            "common_shares": 108000,
            "book_valuer_per_share": 12.85,
            "book_valuer_per_share_4q_avg": 11.89,
            "equity": 154526000,
            "current_ratio": 92.31,
            "debt_ratio": 66.72,
            "inventory_turnover_ratio": 1.98,
            "account_receivable_turnover_ratio": 3.21,
            "reinvestment_rate": 279.13,
            "research_to_sale_ratio": 16.06,
            "price_fair": 83.46,
            "eps_avg_yearly": 2.38,
            "eps_latest_yearly": 1.24,
            "eps_growth_yearly": 417.41
        },
        "20232": {
            "year_quarter": 20232,
            "year": 2023,
            "quarter": 2,
            "eps": 0.65,
            "eps_growth_year": null,
            "eps_4q": 1.26,
            "eps_4q_growth_year": 13.1,
            "roe": 4.18,
            "roe_4q": 8.62,
            "gross_profit": 65010000,
            "gross_margin": 48.38,
            "gross_margin_4q_avg": 45.62,
            "net_income": 6759000,
            "net_income_4q": null,
            "revenue": 134383000,
            "revenue_4q": null,
            "common_shares": 108000,
            "book_valuer_per_share": 14.14,
            "book_valuer_per_share_4q_avg": 12.69,
            "equity": 168602000,
            "current_ratio": 94.77,
            "debt_ratio": 64.7,
            "inventory_turnover_ratio": 1.96,
            "account_receivable_turnover_ratio": 3.51,
            "reinvestment_rate": 263.41,
            "research_to_sale_ratio": 16.32,
            "price_fair": 87.66,
            "eps_avg_yearly": 2.5,
            "eps_latest_yearly": 2.6,
            "eps_growth_yearly": 459.07
        },
        "20233": {
            "year_quarter": 20233,
            "year": 2023,
            "quarter": 3,
            "eps": 0.94,
            "eps_growth_year": 236.58,
            "eps_4q": 1.92,
            "eps_4q_growth_year": 76.76,
            "roe": 5.62,
            "roe_4q": 12.1,
            "gross_profit": 68061000,
            "gross_margin": 47.57,
            "gross_margin_4q_avg": 46.33,
            "net_income": 9883000,
            "net_income_4q": null,
            "revenue": 143083000,
            "revenue_4q": null,
            "common_shares": 108000,
            "book_valuer_per_share": 15.51,
            "book_valuer_per_share_4q_avg": 13.7,
            "equity": 182973000,
            "current_ratio": 98.47,
            "debt_ratio": 62.42,
            "inventory_turnover_ratio": 2.08,
            "account_receivable_turnover_ratio": 3.47,
            "reinvestment_rate": 232.42,
            "research_to_sale_ratio": 14.82,
            "price_fair": 95.52,
            "eps_avg_yearly": 2.73,
            "eps_latest_yearly": 3.76,
            "eps_growth_yearly": 478.72
        }
    },
    "months": {
        "2001-01": {
            "month": "2001-01",
            "price": "0.89",
            "revenue": 0
        },
        "2001-02": {
            "month": "2001-02",
            "price": "0.68",
            "revenue": 0
        },
        "2001-03": {
            "month": "2001-03",
            "price": "0.55",
            "revenue": 0
        },
        "2001-04": {
            "month": "2001-04",
            "price": "0.67",
            "revenue": 0
        },
        "2001-05": {
            "month": "2001-05",
            "price": "0.79",
            "revenue": 0
        },
        "2001-06": {
            "month": "2001-06",
            "price": "0.71",
            "revenue": 0
        },
        "2001-07": {
            "month": "2001-07",
            "price": "0.74",
            "revenue": 0
        },
        "2001-08": {
            "month": "2001-08",
            "price": "0.52",
            "revenue": 0
        },
        "2001-09": {
            "month": "2001-09",
            "price": "0.37",
            "revenue": 0
        },
        "2001-10": {
            "month": "2001-10",
            "price": "0.38",
            "revenue": 0
        },
        "2001-11": {
            "month": "2001-11",
            "price": "0.44",
            "revenue": 0
        },
        "2001-12": {
            "month": "2001-12",
            "price": "0.55",
            "revenue": 0
        },
        "2002-01": {
            "month": "2002-01",
            "price": "0.60",
            "revenue": 0
        },
        "2002-02": {
            "month": "2002-02",
            "price": "0.65",
            "revenue": 0
        },
        "2002-03": {
            "month": "2002-03",
            "price": "0.77",
            "revenue": 0
        },
        "2002-04": {
            "month": "2002-04",
            "price": "0.73",
            "revenue": 0
        },
        "2002-05": {
            "month": "2002-05",
            "price": "0.91",
            "revenue": 0
        },
        "2002-06": {
            "month": "2002-06",
            "price": "0.87",
            "revenue": 0
        },
        "2002-07": {
            "month": "2002-07",
            "price": "0.74",
            "revenue": 0
        },
        "2002-08": {
            "month": "2002-08",
            "price": "0.73",
            "revenue": 0
        },
        "2002-09": {
            "month": "2002-09",
            "price": "0.81",
            "revenue": 0
        },
        "2002-10": {
            "month": "2002-10",
            "price": "0.92",
            "revenue": 0
        },
        "2002-11": {
            "month": "2002-11",
            "price": "1.07",
            "revenue": 0
        },
        "2002-12": {
            "month": "2002-12",
            "price": "1.09",
            "revenue": 0
        },
        "2003-01": {
            "month": "2003-01",
            "price": "1.07",
            "revenue": 0
        },
        "2003-02": {
            "month": "2003-02",
            "price": "1.07",
            "revenue": 0
        },
        "2003-03": {
            "month": "2003-03",
            "price": "1.26",
            "revenue": 0
        },
        "2003-04": {
            "month": "2003-04",
            "price": "1.31",
            "revenue": 0
        },
        "2003-05": {
            "month": "2003-05",
            "price": "1.61",
            "revenue": 0
        },
        "2003-06": {
            "month": "2003-06",
            "price": "1.76",
            "revenue": 0
        },
        "2003-07": {
            "month": "2003-07",
            "price": "1.94",
            "revenue": 0
        },
        "2003-08": {
            "month": "2003-08",
            "price": "2.11",
            "revenue": 0
        },
        "2003-09": {
            "month": "2003-09",
            "price": "2.37",
            "revenue": 0
        },
        "2003-10": {
            "month": "2003-10",
            "price": "2.80",
            "revenue": 0
        },
        "2003-11": {
            "month": "2003-11",
            "price": "2.64",
            "revenue": 0
        },
        "2003-12": {
            "month": "2003-12",
            "price": "2.56",
            "revenue": 0
        },
        "2004-01": {
            "month": "2004-01",
            "price": "2.70",
            "revenue": 0
        },
        "2004-02": {
            "month": "2004-02",
            "price": "2.26",
            "revenue": 0
        },
        "2004-03": {
            "month": "2004-03",
            "price": "2.12",
            "revenue": 0
        },
        "2004-04": {
            "month": "2004-04",
            "price": "2.33",
            "revenue": 0
        },
        "2004-05": {
            "month": "2004-05",
            "price": "2.16",
            "revenue": 0
        },
        "2004-06": {
            "month": "2004-06",
            "price": "2.54",
            "revenue": 0
        },
        "2004-07": {
            "month": "2004-07",
            "price": "2.30",
            "revenue": 0
        },
        "2004-08": {
            "month": "2004-08",
            "price": "1.90",
            "revenue": 0
        },
        "2004-09": {
            "month": "2004-09",
            "price": "2.03",
            "revenue": 0
        },
        "2004-10": {
            "month": "2004-10",
            "price": "1.91",
            "revenue": 0
        },
        "2004-11": {
            "month": "2004-11",
            "price": "1.92",
            "revenue": 0
        },
        "2004-12": {
            "month": "2004-12",
            "price": "2.03",
            "revenue": 0
        },
        "2005-01": {
            "month": "2005-01",
            "price": "2.12",
            "revenue": 0
        },
        "2005-02": {
            "month": "2005-02",
            "price": "1.81",
            "revenue": 0
        },
        "2005-03": {
            "month": "2005-03",
            "price": "1.72",
            "revenue": 0
        },
        "2005-04": {
            "month": "2005-04",
            "price": "1.69",
            "revenue": 0
        },
        "2005-05": {
            "month": "2005-05",
            "price": "1.73",
            "revenue": 0
        },
        "2005-06": {
            "month": "2005-06",
            "price": "1.75",
            "revenue": 0
        },
        "2005-07": {
            "month": "2005-07",
            "price": "1.88",
            "revenue": 0
        },
        "2005-08": {
            "month": "2005-08",
            "price": "2.21",
            "revenue": 0
        },
        "2005-09": {
            "month": "2005-09",
            "price": "2.15",
            "revenue": 0
        },
        "2005-10": {
            "month": "2005-10",
            "price": "2.18",
            "revenue": 0
        },
        "2005-11": {
            "month": "2005-11",
            "price": "2.24",
            "revenue": 0
        },
        "2005-12": {
            "month": "2005-12",
            "price": "2.44",
            "revenue": 0
        },
        "2006-01": {
            "month": "2006-01",
            "price": "2.26",
            "revenue": 0
        },
        "2006-02": {
            "month": "2006-02",
            "price": "1.94",
            "revenue": 0
        },
        "2006-03": {
            "month": "2006-03",
            "price": "1.82",
            "revenue": 0
        },
        "2006-04": {
            "month": "2006-04",
            "price": "1.82",
            "revenue": 0
        },
        "2006-05": {
            "month": "2006-05",
            "price": "1.71",
            "revenue": 0
        },
        "2006-06": {
            "month": "2006-06",
            "price": "1.76",
            "revenue": 0
        },
        "2006-07": {
            "month": "2006-07",
            "price": "1.66",
            "revenue": 0
        },
        "2006-08": {
            "month": "2006-08",
            "price": "1.39",
            "revenue": 0
        },
        "2006-09": {
            "month": "2006-09",
            "price": "1.58",
            "revenue": 0
        },
        "2006-10": {
            "month": "2006-10",
            "price": "1.70",
            "revenue": 0
        },
        "2006-11": {
            "month": "2006-11",
            "price": "2.02",
            "revenue": 0
        },
        "2006-12": {
            "month": "2006-12",
            "price": "1.97",
            "revenue": 0
        },
        "2007-01": {
            "month": "2007-01",
            "price": "1.88",
            "revenue": 0
        },
        "2007-02": {
            "month": "2007-02",
            "price": "1.97",
            "revenue": 0
        },
        "2007-03": {
            "month": "2007-03",
            "price": "1.93",
            "revenue": 0
        },
        "2007-04": {
            "month": "2007-04",
            "price": "2.33",
            "revenue": 0
        },
        "2007-05": {
            "month": "2007-05",
            "price": "3.23",
            "revenue": 0
        },
        "2007-06": {
            "month": "2007-06",
            "price": "3.52",
            "revenue": 0
        },
        "2007-07": {
            "month": "2007-07",
            "price": "3.71",
            "revenue": 0
        },
        "2007-08": {
            "month": "2007-08",
            "price": "3.84",
            "revenue": 0
        },
        "2007-09": {
            "month": "2007-09",
            "price": "4.42",
            "revenue": 0
        },
        "2007-10": {
            "month": "2007-10",
            "price": "4.58",
            "revenue": 0
        },
        "2007-11": {
            "month": "2007-11",
            "price": "4.15",
            "revenue": 0
        },
        "2007-12": {
            "month": "2007-12",
            "price": "4.58",
            "revenue": 0
        },
        "2008-01": {
            "month": "2008-01",
            "price": "4.10",
            "revenue": 0
        },
        "2008-02": {
            "month": "2008-02",
            "price": "3.61",
            "revenue": 0
        },
        "2008-03": {
            "month": "2008-03",
            "price": "3.43",
            "revenue": 0
        },
        "2008-04": {
            "month": "2008-04",
            "price": "3.85",
            "revenue": 0
        },
        "2008-05": {
            "month": "2008-05",
            "price": "3.87",
            "revenue": 0
        },
        "2008-06": {
            "month": "2008-06",
            "price": "3.99",
            "revenue": 0
        },
        "2008-07": {
            "month": "2008-07",
            "price": "3.62",
            "revenue": 0
        },
        "2008-08": {
            "month": "2008-08",
            "price": "4.11",
            "revenue": 0
        },
        "2008-09": {
            "month": "2008-09",
            "price": "3.80",
            "revenue": 0
        },
        "2008-10": {
            "month": "2008-10",
            "price": "2.82",
            "revenue": 0
        },
        "2008-11": {
            "month": "2008-11",
            "price": "2.22",
            "revenue": 0
        },
        "2008-12": {
            "month": "2008-12",
            "price": "2.47",
            "revenue": 0
        },
        "2009-01": {
            "month": "2009-01",
            "price": "2.62",
            "revenue": 0
        },
        "2009-02": {
            "month": "2009-02",
            "price": "3.17",
            "revenue": 0
        },
        "2009-03": {
            "month": "2009-03",
            "price": "3.43",
            "revenue": 0
        },
        "2009-04": {
            "month": "2009-04",
            "price": "3.93",
            "revenue": 0
        },
        "2009-05": {
            "month": "2009-05",
            "price": "3.88",
            "revenue": 0
        },
        "2009-06": {
            "month": "2009-06",
            "price": "4.18",
            "revenue": 0
        },
        "2009-07": {
            "month": "2009-07",
            "price": "4.18",
            "revenue": 0
        },
        "2009-08": {
            "month": "2009-08",
            "price": "4.20",
            "revenue": 0
        },
        "2009-09": {
            "month": "2009-09",
            "price": "4.34",
            "revenue": 0
        },
        "2009-10": {
            "month": "2009-10",
            "price": "5.06",
            "revenue": 0
        },
        "2009-11": {
            "month": "2009-11",
            "price": "6.43",
            "revenue": 0
        },
        "2009-12": {
            "month": "2009-12",
            "price": "6.74",
            "revenue": 0
        },
        "2010-01": {
            "month": "2010-01",
            "price": "6.37",
            "revenue": 0
        },
        "2010-02": {
            "month": "2010-02",
            "price": "5.90",
            "revenue": 0
        },
        "2010-03": {
            "month": "2010-03",
            "price": "6.54",
            "revenue": 0
        },
        "2010-04": {
            "month": "2010-04",
            "price": "7.05",
            "revenue": 0
        },
        "2010-05": {
            "month": "2010-05",
            "price": "6.38",
            "revenue": 0
        },
        "2010-06": {
            "month": "2010-06",
            "price": "6.08",
            "revenue": 0
        },
        "2010-07": {
            "month": "2010-07",
            "price": "5.88",
            "revenue": 0
        },
        "2010-08": {
            "month": "2010-08",
            "price": "6.32",
            "revenue": 0
        },
        "2010-09": {
            "month": "2010-09",
            "price": "7.38",
            "revenue": 0
        },
        "2010-10": {
            "month": "2010-10",
            "price": "8.04",
            "revenue": 0
        },
        "2010-11": {
            "month": "2010-11",
            "price": "8.43",
            "revenue": 0
        },
        "2010-12": {
            "month": "2010-12",
            "price": "8.94",
            "revenue": 0
        },
        "2011-01": {
            "month": "2011-01",
            "price": "9.12",
            "revenue": 0
        },
        "2011-02": {
            "month": "2011-02",
            "price": "9.06",
            "revenue": 0
        },
        "2011-03": {
            "month": "2011-03",
            "price": "8.44",
            "revenue": 0
        },
        "2011-04": {
            "month": "2011-04",
            "price": "9.23",
            "revenue": 0
        },
        "2011-05": {
            "month": "2011-05",
            "price": "9.91",
            "revenue": 0
        },
        "2011-06": {
            "month": "2011-06",
            "price": "9.58",
            "revenue": 0
        },
        "2011-07": {
            "month": "2011-07",
            "price": "10.76",
            "revenue": 0
        },
        "2011-08": {
            "month": "2011-08",
            "price": "9.97",
            "revenue": 0
        },
        "2011-09": {
            "month": "2011-09",
            "price": "11.16",
            "revenue": 0
        },
        "2011-10": {
            "month": "2011-10",
            "price": "11.34",
            "revenue": 0
        },
        "2011-11": {
            "month": "2011-11",
            "price": "10.27",
            "revenue": 0
        },
        "2011-12": {
            "month": "2011-12",
            "price": "9.20",
            "revenue": 0
        },
        "2012-01": {
            "month": "2012-01",
            "price": "9.25",
            "revenue": 0
        },
        "2012-02": {
            "month": "2012-02",
            "price": "9.16",
            "revenue": 0
        },
        "2012-03": {
            "month": "2012-03",
            "price": "9.48",
            "revenue": 0
        },
        "2012-04": {
            "month": "2012-04",
            "price": "9.76",
            "revenue": 0
        },
        "2012-05": {
            "month": "2012-05",
            "price": "11.04",
            "revenue": 0
        },
        "2012-06": {
            "month": "2012-06",
            "price": "10.96",
            "revenue": 0
        },
        "2012-07": {
            "month": "2012-07",
            "price": "11.20",
            "revenue": 0
        },
        "2012-08": {
            "month": "2012-08",
            "price": "11.95",
            "revenue": 0
        },
        "2012-09": {
            "month": "2012-09",
            "price": "12.79",
            "revenue": 0
        },
        "2012-10": {
            "month": "2012-10",
            "price": "12.21",
            "revenue": 0
        },
        "2012-11": {
            "month": "2012-11",
            "price": "11.72",
            "revenue": 0
        },
        "2012-12": {
            "month": "2012-12",
            "price": "12.64",
            "revenue": 0
        },
        "2013-01": {
            "month": "2013-01",
            "price": "13.42",
            "revenue": 0
        },
        "2013-02": {
            "month": "2013-02",
            "price": "13.18",
            "revenue": 0
        },
        "2013-03": {
            "month": "2013-03",
            "price": "13.29",
            "revenue": 0
        },
        "2013-04": {
            "month": "2013-04",
            "price": "13.15",
            "revenue": 0
        },
        "2013-05": {
            "month": "2013-05",
            "price": "13.14",
            "revenue": 0
        },
        "2013-06": {
            "month": "2013-06",
            "price": "13.71",
            "revenue": 0
        },
        "2013-07": {
            "month": "2013-07",
            "price": "14.95",
            "revenue": 0
        },
        "2013-08": {
            "month": "2013-08",
            "price": "14.56",
            "revenue": 0
        },
        "2013-09": {
            "month": "2013-09",
            "price": "15.24",
            "revenue": 0
        },
        "2013-10": {
            "month": "2013-10",
            "price": "16.30",
            "revenue": 0
        },
        "2013-11": {
            "month": "2013-11",
            "price": "18.24",
            "revenue": 0
        },
        "2013-12": {
            "month": "2013-12",
            "price": "19.57",
            "revenue": 0
        },
        "2014-01": {
            "month": "2014-01",
            "price": "19.74",
            "revenue": 0
        },
        "2014-02": {
            "month": "2014-02",
            "price": "17.72",
            "revenue": 0
        },
        "2014-03": {
            "month": "2014-03",
            "price": "18.13",
            "revenue": 0
        },
        "2014-04": {
            "month": "2014-04",
            "price": "16.08",
            "revenue": 0
        },
        "2014-05": {
            "month": "2014-05",
            "price": "15.15",
            "revenue": 0
        },
        "2014-06": {
            "month": "2014-06",
            "price": "16.23",
            "revenue": 0
        },
        "2014-07": {
            "month": "2014-07",
            "price": "17.00",
            "revenue": 0
        },
        "2014-08": {
            "month": "2014-08",
            "price": "16.37",
            "revenue": 0
        },
        "2014-09": {
            "month": "2014-09",
            "price": "16.52",
            "revenue": 0
        },
        "2014-10": {
            "month": "2014-10",
            "price": "15.42",
            "revenue": 0
        },
        "2014-11": {
            "month": "2014-11",
            "price": "15.93",
            "revenue": 0
        },
        "2014-12": {
            "month": "2014-12",
            "price": "15.44",
            "revenue": 0
        },
        "2015-01": {
            "month": "2015-01",
            "price": "15.14",
            "revenue": 0
        },
        "2015-02": {
            "month": "2015-02",
            "price": "18.79",
            "revenue": 0
        },
        "2015-03": {
            "month": "2015-03",
            "price": "18.77",
            "revenue": 0
        },
        "2015-04": {
            "month": "2015-04",
            "price": "19.71",
            "revenue": 0
        },
        "2015-05": {
            "month": "2015-05",
            "price": "21.35",
            "revenue": 0
        },
        "2015-06": {
            "month": "2015-06",
            "price": "21.63",
            "revenue": 0
        },
        "2015-07": {
            "month": "2015-07",
            "price": "23.94",
            "revenue": 0
        },
        "2015-08": {
            "month": "2015-08",
            "price": "25.92",
            "revenue": 0
        },
        "2015-09": {
            "month": "2015-09",
            "price": "26.05",
            "revenue": 0
        },
        "2015-10": {
            "month": "2015-10",
            "price": "28.34",
            "revenue": 0
        },
        "2015-11": {
            "month": "2015-11",
            "price": "32.88",
            "revenue": 0
        },
        "2015-12": {
            "month": "2015-12",
            "price": "33.46",
            "revenue": 0
        },
        "2016-01": {
            "month": "2016-01",
            "price": "30.05",
            "revenue": 0
        },
        "2016-02": {
            "month": "2016-02",
            "price": "26.53",
            "revenue": 0
        },
        "2016-03": {
            "month": "2016-03",
            "price": "28.62",
            "revenue": 0
        },
        "2016-04": {
            "month": "2016-04",
            "price": "30.68",
            "revenue": 0
        },
        "2016-05": {
            "month": "2016-05",
            "price": "34.87",
            "revenue": 0
        },
        "2016-06": {
            "month": "2016-06",
            "price": "35.82",
            "revenue": 0
        },
        "2016-07": {
            "month": "2016-07",
            "price": "37.07",
            "revenue": 0
        },
        "2016-08": {
            "month": "2016-08",
            "price": "38.24",
            "revenue": 0
        },
        "2016-09": {
            "month": "2016-09",
            "price": "39.45",
            "revenue": 0
        },
        "2016-10": {
            "month": "2016-10",
            "price": "41.22",
            "revenue": 0
        },
        "2016-11": {
            "month": "2016-11",
            "price": "38.17",
            "revenue": 0
        },
        "2016-12": {
            "month": "2016-12",
            "price": "38.17",
            "revenue": 0
        },
        "2017-01": {
            "month": "2017-01",
            "price": "40.38",
            "revenue": 0
        },
        "2017-02": {
            "month": "2017-02",
            "price": "41.79",
            "revenue": 0
        },
        "2017-03": {
            "month": "2017-03",
            "price": "42.71",
            "revenue": 0
        },
        "2017-04": {
            "month": "2017-04",
            "price": "45.17",
            "revenue": 0
        },
        "2017-05": {
            "month": "2017-05",
            "price": "48.09",
            "revenue": 0
        },
        "2017-06": {
            "month": "2017-06",
            "price": "49.52",
            "revenue": 0
        },
        "2017-07": {
            "month": "2017-07",
            "price": "50.42",
            "revenue": 0
        },
        "2017-08": {
            "month": "2017-08",
            "price": "48.57",
            "revenue": 0
        },
        "2017-09": {
            "month": "2017-09",
            "price": "48.45",
            "revenue": 0
        },
        "2017-10": {
            "month": "2017-10",
            "price": "50.04",
            "revenue": 0
        },
        "2017-11": {
            "month": "2017-11",
            "price": "56.99",
            "revenue": 0
        },
        "2017-12": {
            "month": "2017-12",
            "price": "58.44",
            "revenue": 0
        },
        "2018-01": {
            "month": "2018-01",
            "price": "65.45",
            "revenue": 0
        },
        "2018-02": {
            "month": "2018-02",
            "price": "72.12",
            "revenue": 0
        },
        "2018-03": {
            "month": "2018-03",
            "price": "77.02",
            "revenue": 0
        },
        "2018-04": {
            "month": "2018-04",
            "price": "73.41",
            "revenue": 0
        },
        "2018-05": {
            "month": "2018-05",
            "price": "79.75",
            "revenue": 0
        },
        "2018-06": {
            "month": "2018-06",
            "price": "84.94",
            "revenue": 0
        },
        "2018-07": {
            "month": "2018-07",
            "price": "89.23",
            "revenue": 0
        },
        "2018-08": {
            "month": "2018-08",
            "price": "94.89",
            "revenue": 0
        },
        "2018-09": {
            "month": "2018-09",
            "price": "98.30",
            "revenue": 0
        },
        "2018-10": {
            "month": "2018-10",
            "price": "89.10",
            "revenue": 0
        },
        "2018-11": {
            "month": "2018-11",
            "price": "81.27",
            "revenue": 0
        },
        "2018-12": {
            "month": "2018-12",
            "price": "77.97",
            "revenue": 0
        },
        "2019-01": {
            "month": "2019-01",
            "price": "82.00",
            "revenue": 0
        },
        "2019-02": {
            "month": "2019-02",
            "price": "81.35",
            "revenue": 0
        },
        "2019-03": {
            "month": "2019-03",
            "price": "86.12",
            "revenue": 0
        },
        "2019-04": {
            "month": "2019-04",
            "price": "93.31",
            "revenue": 0
        },
        "2019-05": {
            "month": "2019-05",
            "price": "93.47",
            "revenue": 0
        },
        "2019-06": {
            "month": "2019-06",
            "price": "92.63",
            "revenue": 0
        },
        "2019-07": {
            "month": "2019-07",
            "price": "98.29",
            "revenue": 0
        },
        "2019-08": {
            "month": "2019-08",
            "price": "89.68",
            "revenue": 0
        },
        "2019-09": {
            "month": "2019-09",
            "price": "89.96",
            "revenue": 0
        },
        "2019-10": {
            "month": "2019-10",
            "price": "87.62",
            "revenue": 0
        },
        "2019-11": {
            "month": "2019-11",
            "price": "88.71",
            "revenue": 0
        },
        "2019-12": {
            "month": "2019-12",
            "price": "89.29",
            "revenue": 0
        },
        "2020-01": {
            "month": "2020-01",
            "price": "94.21",
            "revenue": 0
        },
        "2020-02": {
            "month": "2020-02",
            "price": "103.31",
            "revenue": 0
        },
        "2020-03": {
            "month": "2020-03",
            "price": "93.62",
            "revenue": 0
        },
        "2020-04": {
            "month": "2020-04",
            "price": "111.44",
            "revenue": 0
        },
        "2020-05": {
            "month": "2020-05",
            "price": "119.71",
            "revenue": 0
        },
        "2020-06": {
            "month": "2020-06",
            "price": "130.68",
            "revenue": 0
        },
        "2020-07": {
            "month": "2020-07",
            "price": "152.69",
            "revenue": 0
        },
        "2020-08": {
            "month": "2020-08",
            "price": "162.46",
            "revenue": 0
        },
        "2020-09": {
            "month": "2020-09",
            "price": "158.04",
            "revenue": 0
        },
        "2020-10": {
            "month": "2020-10",
            "price": "161.53",
            "revenue": 0
        },
        "2020-11": {
            "month": "2020-11",
            "price": "157.09",
            "revenue": 0
        },
        "2020-12": {
            "month": "2020-12",
            "price": "159.89",
            "revenue": 0
        },
        "2021-01": {
            "month": "2021-01",
            "price": "160.00",
            "revenue": 0
        },
        "2021-02": {
            "month": "2021-02",
            "price": "163.19",
            "revenue": 0
        },
        "2021-03": {
            "month": "2021-03",
            "price": "153.41",
            "revenue": 0
        },
        "2021-04": {
            "month": "2021-04",
            "price": "167.61",
            "revenue": 0
        },
        "2021-05": {
            "month": "2021-05",
            "price": "162.31",
            "revenue": 0
        },
        "2021-06": {
            "month": "2021-06",
            "price": "168.39",
            "revenue": 0
        },
        "2021-07": {
            "month": "2021-07",
            "price": "180.80",
            "revenue": 0
        },
        "2021-08": {
            "month": "2021-08",
            "price": "165.65",
            "revenue": 0
        },
        "2021-09": {
            "month": "2021-09",
            "price": "171.36",
            "revenue": 0
        },
        "2021-10": {
            "month": "2021-10",
            "price": "166.71",
            "revenue": 0
        },
        "2021-11": {
            "month": "2021-11",
            "price": "175.88",
            "revenue": 0
        },
        "2021-12": {
            "month": "2021-12",
            "price": "170.86",
            "revenue": 0
        },
        "2022-01": {
            "month": "2022-01",
            "price": "155.48",
            "revenue": 0
        },
        "2022-02": {
            "month": "2022-02",
            "price": "153.78",
            "revenue": 0
        },
        "2022-03": {
            "month": "2022-03",
            "price": "154.28",
            "revenue": 0
        },
        "2022-04": {
            "month": "2022-04",
            "price": "151.31",
            "revenue": 0
        },
        "2022-05": {
            "month": "2022-05",
            "price": "112.47",
            "revenue": 0
        },
        "2022-06": {
            "month": "2022-06",
            "price": "112.86",
            "revenue": 0
        },
        "2022-07": {
            "month": "2022-07",
            "price": "117.04",
            "revenue": 0
        },
        "2022-08": {
            "month": "2022-08",
            "price": "137.44",
            "revenue": 0
        },
        "2022-09": {
            "month": "2022-09",
            "price": "123.21",
            "revenue": 0
        },
        "2022-10": {
            "month": "2022-10",
            "price": "114.46",
            "revenue": 0
        },
        "2022-11": {
            "month": "2022-11",
            "price": "93.95",
            "revenue": 0
        },
        "2022-12": {
            "month": "2022-12",
            "price": "87.94",
            "revenue": 0
        },
        "2023-01": {
            "month": "2023-01",
            "price": "94.22",
            "revenue": 0
        },
        "2023-02": {
            "month": "2023-02",
            "price": "99.21",
            "revenue": 0
        },
        "2023-03": {
            "month": "2023-03",
            "price": "96.55",
            "revenue": 0
        },
        "2023-04": {
            "month": "2023-04",
            "price": "103.34",
            "revenue": 0
        },
        "2023-05": {
            "month": "2023-05",
            "price": "111.94",
            "revenue": 0
        },
        "2023-06": {
            "month": "2023-06",
            "price": "126.38",
            "revenue": 0
        },
        "2023-07": {
            "month": "2023-07",
            "price": "130.82",
            "revenue": 0
        },
        "2023-08": {
            "month": "2023-08",
            "price": "135.50",
            "revenue": 0
        },
        "2023-09": {
            "month": "2023-09",
            "price": "135.44",
            "revenue": 0
        },
        "2023-10": {
            "month": "2023-10",
            "price": "128.05",
            "revenue": 0
        }
    }
}
