{
    "summary": {
        "stock_name": "ASML Holding NV",
        "stock_id": "ASML",
        "category": "Computer and Technology",
        "main_business": "ASML Holding N.V.於1994年10月3日在荷蘭註冊成立。該公司是世界領先的供應商之一（以收入計算），為半導體行業提供先進的技術系統。該公司提供光刻系統的整合組合，主要用於製造複雜的積體電路（“半導體”，“晶片”）。該公司向亞洲，美國和歐洲的積體電路製造商供應光刻系統，也為客戶提供全方位的先進工藝和產品應用知識支援服務。",
        "website_url": "https://www.asml.com/",
        "ceo": "Peter T. F. M. Wennink",
        "pe_ratio": 52,
        "report_year_from": "2024",
        "report_year_to": "2024",
        "age": 0,
        "eps_negative_percentage": 10,
        "eps_growth_avg": {
            "last_all": 6.71,
            "last_2y": -3.35,
            "last_4y": 6.37,
            "last_8y": 12.57,
            "last_12y": 9.66,
            "last_16y": 0.16,
            "last_20y": null,
            "at_2006_last_3y": null,
            "at_2007_last_3y": 45.18,
            "at_2008_last_3y": 23.77,
            "at_2009_last_3y": -9.38,
            "at_2010_last_3y": -41.04,
            "at_2011_last_3y": -28.11,
            "at_2012_last_3y": -23.34,
            "at_2013_last_3y": -0.04,
            "at_2014_last_3y": 3.14,
            "at_2015_last_3y": -11.1,
            "at_2016_last_3y": -2.8,
            "at_2017_last_3y": 16.17,
            "at_2018_last_3y": 20.31,
            "at_2019_last_3y": 19.57,
            "at_2020_last_3y": 29.22,
            "at_2021_last_3y": 33.29,
            "at_2022_last_3y": 23.83,
            "at_2023_last_3y": 8.91,
            "at_2024_last_3y": 8.91,
            "at_2006_last_all": 59.09,
            "at_2007_last_all": 45.18,
            "at_2008_last_all": 23.77,
            "at_2009_last_all": -0.99,
            "at_2010_last_all": -0.99,
            "at_2011_last_all": 8.53,
            "at_2012_last_all": 3.58,
            "at_2013_last_all": -0.63,
            "at_2014_last_all": 0.85,
            "at_2015_last_all": 0.68,
            "at_2016_last_all": 1.26,
            "at_2017_last_all": 4.97,
            "at_2018_last_all": 6.83,
            "at_2019_last_all": 6.07,
            "at_2020_last_all": 8.72,
            "at_2021_last_all": 12.05,
            "at_2022_last_all": 10.83,
            "at_2023_last_all": 6.71,
            "at_2024_last_all": 6.71
        },
        "latest_eps": 18.28,
        "latest_price": 951.85,
        "latest_roe": 78.83,
        "latest_gross_margin": 50.59,
        "latest_equity": 10673624,
        "latest_revenue": 7357878,
        "latest_gross_profit": 3722675,
        "latest_net_income": 2088197,
        "latest_debt_ratio": 72.16,
        "latest_current_ratio": 124.27,
        "latest_account_receivable_turnover_ratio": 1.12,
        "latest_inventory_turnover_ratio": 0.46,
        "latest_reinvestment_rate": 13.98,
        "latest_research_to_sale_ratio": 14.05
    },
    "eps_dividends": {
        "2001": {
            "cash": 0,
            "stock": 0,
            "eps": 0
        },
        "2002": {
            "cash": 0,
            "stock": 0,
            "eps": 0
        },
        "2003": {
            "cash": 0,
            "stock": 0,
            "eps": -0.45
        },
        "2004": {
            "cash": 0,
            "stock": 0,
            "eps": 0.89
        },
        "2005": {
            "cash": 0,
            "stock": 0,
            "eps": 1.18
        },
        "2006": {
            "cash": 0,
            "stock": 0,
            "eps": 2.19
        },
        "2007": {
            "cash": 0,
            "stock": 0,
            "eps": 2.57
        },
        "2008": {
            "cash": 0.51,
            "stock": 0,
            "eps": 1.53
        },
        "2009": {
            "cash": 0.34,
            "stock": 0,
            "eps": -0.58
        },
        "2010": {
            "cash": 0.35,
            "stock": 0,
            "eps": 3.92
        },
        "2011": {
            "cash": 0.76,
            "stock": 0,
            "eps": 6.12
        },
        "2012": {
            "cash": 12.66,
            "stock": 0,
            "eps": 4.52
        },
        "2013": {
            "cash": 0.69,
            "stock": 0,
            "eps": 3.16
        },
        "2014": {
            "cash": 0.84,
            "stock": 0,
            "eps": 3.56
        },
        "2015": {
            "cash": 0.76,
            "stock": 0,
            "eps": 3.53
        },
        "2016": {
            "cash": 1.21,
            "stock": 0,
            "eps": 3.78
        },
        "2017": {
            "cash": 1.31,
            "stock": 0,
            "eps": 5.51
        },
        "2018": {
            "cash": 1.69,
            "stock": 0,
            "eps": 7.12
        },
        "2019": {
            "cash": 3.51,
            "stock": 0,
            "eps": 6.85
        },
        "2020": {
            "cash": 2.86,
            "stock": 0,
            "eps": 9.98
        },
        "2021": {
            "cash": 3.95,
            "stock": 0,
            "eps": 16.17
        },
        "2022": {
            "cash": 5.3,
            "stock": 0,
            "eps": 14.78
        },
        "2023": {
            "cash": 0,
            "stock": 0,
            "eps": 5.4
        }
    },
    "dividends": {
        "2008-05-14": {
            "cash": 0.51,
            "stock": 0
        },
        "2009-04-15": {
            "cash": 0.34,
            "stock": 0
        },
        "2010-04-13": {
            "cash": 0.35,
            "stock": 0
        },
        "2011-05-10": {
            "cash": 0.76,
            "stock": 0
        },
        "2012-05-15": {
            "cash": 0.79,
            "stock": 0
        },
        "2012-12-03": {
            "cash": 11.87,
            "stock": 0
        },
        "2013-05-14": {
            "cash": 0.69,
            "stock": 0
        },
        "2014-05-13": {
            "cash": 0.84,
            "stock": 0
        },
        "2015-05-11": {
            "cash": 0.76,
            "stock": 0
        },
        "2016-05-17": {
            "cash": 1.21,
            "stock": 0
        },
        "2017-05-12": {
            "cash": 1.31,
            "stock": 0
        },
        "2018-05-09": {
            "cash": 1.69,
            "stock": 0
        },
        "2019-05-08": {
            "cash": 2.34,
            "stock": 0
        },
        "2019-11-15": {
            "cash": 1.17,
            "stock": 0
        },
        "2020-05-06": {
            "cash": 1.46,
            "stock": 0
        },
        "2020-11-13": {
            "cash": 1.4,
            "stock": 0
        },
        "2021-05-12": {
            "cash": 1.87,
            "stock": 0
        },
        "2021-11-12": {
            "cash": 2.08,
            "stock": 0
        },
        "2022-05-12": {
            "cash": 3.9,
            "stock": 0
        },
        "2022-08-12": {
            "cash": 1.4,
            "stock": 0
        }
    },
    "prices": {
        "200101": "39.08",
        "200102": "35.21",
        "200103": "33.24",
        "200104": "35.02",
        "200105": "37.54",
        "200106": "33.59",
        "200107": "29.77",
        "200108": "28.83",
        "200109": "18.81",
        "200110": "20.00",
        "200111": "25.51",
        "200112": "26.22",
        "200201": "27.82",
        "200202": "28.13",
        "200203": "34.79",
        "200204": "34.17",
        "200205": "29.94",
        "200206": "23.01",
        "200207": "19.94",
        "200208": "16.13",
        "200209": "11.02",
        "200210": "10.48",
        "200211": "14.25",
        "200212": "13.31",
        "200301": "12.51",
        "200302": "10.84",
        "200303": "10.35",
        "200304": "11.04",
        "200305": "13.18",
        "200306": "14.65",
        "200307": "17.35",
        "200308": "20.16",
        "200309": "21.71",
        "200310": "22.74",
        "200311": "26.50",
        "200312": "28.03",
        "200401": "30.64",
        "200402": "28.53",
        "200403": "26.23",
        "200404": "25.78",
        "200405": "23.34",
        "200406": "24.22",
        "200407": "22.12",
        "200408": "19.55",
        "200409": "19.61",
        "200410": "19.72",
        "200411": "22.27",
        "200412": "23.17",
        "200501": "22.16",
        "200502": "25.41",
        "200503": "25.27",
        "200504": "22.71",
        "200505": "22.83",
        "200506": "23.85",
        "200507": "24.85",
        "200508": "25.26",
        "200509": "24.53",
        "200510": "24.65",
        "200511": "27.17",
        "200512": "29.06",
        "200601": "31.84",
        "200602": "32.09",
        "200603": "29.59",
        "200604": "30.54",
        "200605": "29.95",
        "200606": "29.06",
        "200607": "28.20",
        "200608": "30.06",
        "200609": "33.11",
        "200610": "33.92",
        "200611": "35.39",
        "200612": "36.22",
        "200701": "36.53",
        "200702": "37.08",
        "200703": "34.78",
        "200704": "38.64",
        "200705": "37.87",
        "200706": "38.64",
        "200707": "42.58",
        "200708": "41.66",
        "200709": "45.66",
        "200710": "43.64",
        "200711": "43.75",
        "200712": "43.16",
        "200801": "35.69",
        "200802": "32.76",
        "200803": "30.66",
        "200804": "34.82",
        "200805": "38.37",
        "200806": "34.76",
        "200807": "30.10",
        "200808": "31.08",
        "200809": "26.30",
        "200810": "20.70",
        "200811": "20.07",
        "200812": "21.07",
        "200901": "21.94",
        "200902": "21.50",
        "200903": "21.37",
        "200904": "25.23",
        "200905": "26.13",
        "200906": "27.22",
        "200907": "30.22",
        "200908": "34.10",
        "200909": "37.64",
        "200910": "38.23",
        "200911": "38.91",
        "200912": "43.31",
        "201001": "43.01",
        "201002": "40.94",
        "201003": "44.47",
        "201004": "45.57",
        "201005": "38.73",
        "201006": "38.03",
        "201007": "40.06",
        "201008": "37.71",
        "201009": "36.46",
        "201010": "41.09",
        "201011": "43.38",
        "201012": "48.13",
        "201101": "50.52",
        "201102": "56.70",
        "201103": "55.53",
        "201104": "54.15",
        "201105": "51.73",
        "201106": "47.66",
        "201107": "47.24",
        "201108": "44.38",
        "201109": "45.90",
        "201110": "50.67",
        "201111": "51.42",
        "201112": "52.89",
        "201201": "54.97",
        "201202": "59.32",
        "201203": "61.64",
        "201204": "63.91",
        "201205": "61.60",
        "201206": "63.01",
        "201207": "69.58",
        "201208": "74.52",
        "201209": "71.77",
        "201210": "69.67",
        "201211": "71.86",
        "201212": "63.33",
        "201301": "68.17",
        "201302": "73.75",
        "201303": "69.80",
        "201304": "69.82",
        "201305": "78.94",
        "201306": "78.78",
        "201307": "86.20",
        "201308": "90.71",
        "201309": "93.55",
        "201310": "96.19",
        "201311": "90.04",
        "201312": "91.47",
        "201401": "88.54",
        "201402": "87.40",
        "201403": "90.95",
        "201404": "86.26",
        "201405": "82.07",
        "201406": "90.54",
        "201407": "90.23",
        "201408": "92.94",
        "201409": "99.22",
        "201410": "94.68",
        "201411": "102.63",
        "201412": "107.42",
        "201501": "104.27",
        "201502": "104.31",
        "201503": "106.55",
        "201504": "101.88",
        "201505": "109.65",
        "201506": "109.08",
        "201507": "101.09",
        "201508": "93.14",
        "201509": "89.49",
        "201510": "90.16",
        "201511": "93.13",
        "201512": "90.12",
        "201601": "85.32",
        "201602": "87.51",
        "201603": "96.87",
        "201604": "99.05",
        "201605": "95.13",
        "201606": "97.69",
        "201607": "102.97",
        "201608": "108.26",
        "201609": "106.05",
        "201610": "104.80",
        "201611": "103.06",
        "201612": "106.36",
        "201701": "117.39",
        "201702": "124.34",
        "201703": "126.73",
        "201704": "130.95",
        "201705": "134.33",
        "201706": "131.72",
        "201707": "143.45",
        "201708": "152.98",
        "201709": "163.14",
        "201710": "174.53",
        "201711": "181.35",
        "201712": "173.35",
        "201801": "192.83",
        "201802": "192.17",
        "201803": "205.25",
        "201804": "198.68",
        "201805": "198.07",
        "201806": "205.77",
        "201807": "206.67",
        "201808": "205.91",
        "201809": "187.19",
        "201810": "176.75",
        "201811": "171.04",
        "201812": "159.35",
        "201901": "163.01",
        "201902": "182.84",
        "201903": "185.70",
        "201904": "202.24",
        "201905": "196.92",
        "201906": "197.28",
        "201907": "218.52",
        "201908": "215.66",
        "201909": "243.45",
        "201910": "255.49",
        "201911": "270.00",
        "201912": "286.30",
        "202001": "296.68",
        "202002": "302.43",
        "202003": "257.44",
        "202004": "280.81",
        "202005": "304.99",
        "202006": "353.56",
        "202007": "380.88",
        "202008": "373.22",
        "202009": "366.92",
        "202010": "380.08",
        "202011": "412.74",
        "202012": "468.89",
        "202101": "530.29",
        "202102": "573.10",
        "202103": "559.45",
        "202104": "644.02",
        "202105": "644.14",
        "202106": "688.43",
        "202107": "713.77",
        "202108": "795.80",
        "202109": "848.06",
        "202110": "767.07",
        "202111": "832.71",
        "202112": "783.89",
        "202201": "713.80",
        "202202": "654.99",
        "202203": "643.46",
        "202204": "610.89",
        "202205": "549.06",
        "202206": "517.10",
        "202207": "488.82",
        "202208": "548.73",
        "202209": "460.39",
        "202210": "440.98",
        "202211": "548.61",
        "202212": "581.82",
        "202301": "638.64",
        "202302": "656.32",
        "202303": "633.42",
        "202304": "644.93",
        "202305": "670.59",
        "202306": "721.20",
        "202307": "714.29",
        "202308": "667.94",
        "202309": "609.66",
        "202310": "592.74",
        "202311": "664.57",
        "202312": "730.18"
    },
    "quarters": {
        "20011": {
            "year_quarter": 20011,
            "year": 2001,
            "quarter": 1,
            "eps": null,
            "eps_growth_year": null,
            "eps_4q": null,
            "eps_4q_growth_year": null,
            "roe": null,
            "roe_4q": 0,
            "gross_profit": null,
            "gross_margin": null,
            "gross_margin_4q_avg": 0,
            "net_income": null,
            "net_income_4q": null,
            "revenue": null,
            "revenue_4q": null,
            "common_shares": null,
            "book_valuer_per_share": null,
            "book_valuer_per_share_4q_avg": 0,
            "equity": null,
            "current_ratio": null,
            "debt_ratio": null,
            "inventory_turnover_ratio": null,
            "account_receivable_turnover_ratio": null,
            "reinvestment_rate": null,
            "research_to_sale_ratio": null,
            "price_fair": 0,
            "eps_avg_yearly": 0,
            "eps_latest_yearly": 0,
            "eps_growth_yearly": 0
        },
        "20012": {
            "year_quarter": 20012,
            "year": 2001,
            "quarter": 2,
            "eps": null,
            "eps_growth_year": null,
            "eps_4q": null,
            "eps_4q_growth_year": null,
            "roe": null,
            "roe_4q": 0,
            "gross_profit": null,
            "gross_margin": null,
            "gross_margin_4q_avg": 0,
            "net_income": null,
            "net_income_4q": null,
            "revenue": null,
            "revenue_4q": null,
            "common_shares": null,
            "book_valuer_per_share": null,
            "book_valuer_per_share_4q_avg": 0,
            "equity": null,
            "current_ratio": null,
            "debt_ratio": null,
            "inventory_turnover_ratio": null,
            "account_receivable_turnover_ratio": null,
            "reinvestment_rate": null,
            "research_to_sale_ratio": null,
            "price_fair": 0,
            "eps_avg_yearly": 0,
            "eps_latest_yearly": 0,
            "eps_growth_yearly": 0
        },
        "20013": {
            "year_quarter": 20013,
            "year": 2001,
            "quarter": 3,
            "eps": null,
            "eps_growth_year": null,
            "eps_4q": null,
            "eps_4q_growth_year": null,
            "roe": null,
            "roe_4q": 0,
            "gross_profit": null,
            "gross_margin": null,
            "gross_margin_4q_avg": 0,
            "net_income": null,
            "net_income_4q": null,
            "revenue": null,
            "revenue_4q": null,
            "common_shares": null,
            "book_valuer_per_share": null,
            "book_valuer_per_share_4q_avg": 0,
            "equity": null,
            "current_ratio": null,
            "debt_ratio": null,
            "inventory_turnover_ratio": null,
            "account_receivable_turnover_ratio": null,
            "reinvestment_rate": null,
            "research_to_sale_ratio": null,
            "price_fair": 0,
            "eps_avg_yearly": 0,
            "eps_latest_yearly": 0,
            "eps_growth_yearly": 0
        },
        "20014": {
            "year_quarter": 20014,
            "year": 2001,
            "quarter": 4,
            "eps": null,
            "eps_growth_year": null,
            "eps_4q": 0,
            "eps_4q_growth_year": null,
            "roe": null,
            "roe_4q": 0,
            "gross_profit": null,
            "gross_margin": null,
            "gross_margin_4q_avg": 0,
            "net_income": null,
            "net_income_4q": null,
            "revenue": null,
            "revenue_4q": null,
            "common_shares": 8230,
            "book_valuer_per_share": null,
            "book_valuer_per_share_4q_avg": 0,
            "equity": 1080710,
            "current_ratio": null,
            "debt_ratio": 66.35,
            "inventory_turnover_ratio": null,
            "account_receivable_turnover_ratio": null,
            "reinvestment_rate": null,
            "research_to_sale_ratio": null,
            "price_fair": 0,
            "eps_avg_yearly": 0,
            "eps_latest_yearly": 0,
            "eps_growth_yearly": 0
        },
        "20021": {
            "year_quarter": 20021,
            "year": 2002,
            "quarter": 1,
            "eps": null,
            "eps_growth_year": null,
            "eps_4q": 0,
            "eps_4q_growth_year": null,
            "roe": null,
            "roe_4q": 0,
            "gross_profit": null,
            "gross_margin": null,
            "gross_margin_4q_avg": 0,
            "net_income": null,
            "net_income_4q": null,
            "revenue": null,
            "revenue_4q": null,
            "common_shares": null,
            "book_valuer_per_share": null,
            "book_valuer_per_share_4q_avg": 0,
            "equity": null,
            "current_ratio": null,
            "debt_ratio": null,
            "inventory_turnover_ratio": null,
            "account_receivable_turnover_ratio": null,
            "reinvestment_rate": null,
            "research_to_sale_ratio": null,
            "price_fair": 0,
            "eps_avg_yearly": 0,
            "eps_latest_yearly": 0,
            "eps_growth_yearly": 0
        },
        "20022": {
            "year_quarter": 20022,
            "year": 2002,
            "quarter": 2,
            "eps": null,
            "eps_growth_year": null,
            "eps_4q": 0,
            "eps_4q_growth_year": null,
            "roe": null,
            "roe_4q": 0,
            "gross_profit": null,
            "gross_margin": null,
            "gross_margin_4q_avg": 0,
            "net_income": null,
            "net_income_4q": null,
            "revenue": null,
            "revenue_4q": null,
            "common_shares": null,
            "book_valuer_per_share": null,
            "book_valuer_per_share_4q_avg": 0,
            "equity": null,
            "current_ratio": null,
            "debt_ratio": null,
            "inventory_turnover_ratio": null,
            "account_receivable_turnover_ratio": null,
            "reinvestment_rate": null,
            "research_to_sale_ratio": null,
            "price_fair": 0,
            "eps_avg_yearly": 0,
            "eps_latest_yearly": 0,
            "eps_growth_yearly": 0
        },
        "20023": {
            "year_quarter": 20023,
            "year": 2002,
            "quarter": 3,
            "eps": null,
            "eps_growth_year": null,
            "eps_4q": 0,
            "eps_4q_growth_year": null,
            "roe": null,
            "roe_4q": 0,
            "gross_profit": null,
            "gross_margin": null,
            "gross_margin_4q_avg": 0,
            "net_income": null,
            "net_income_4q": null,
            "revenue": null,
            "revenue_4q": null,
            "common_shares": null,
            "book_valuer_per_share": null,
            "book_valuer_per_share_4q_avg": 0,
            "equity": null,
            "current_ratio": null,
            "debt_ratio": null,
            "inventory_turnover_ratio": null,
            "account_receivable_turnover_ratio": null,
            "reinvestment_rate": null,
            "research_to_sale_ratio": null,
            "price_fair": 0,
            "eps_avg_yearly": 0,
            "eps_latest_yearly": 0,
            "eps_growth_yearly": 0
        },
        "20024": {
            "year_quarter": 20024,
            "year": 2002,
            "quarter": 4,
            "eps": null,
            "eps_growth_year": null,
            "eps_4q": 0,
            "eps_4q_growth_year": null,
            "roe": null,
            "roe_4q": 0,
            "gross_profit": null,
            "gross_margin": null,
            "gross_margin_4q_avg": 0,
            "net_income": null,
            "net_income_4q": null,
            "revenue": null,
            "revenue_4q": null,
            "common_shares": 10110,
            "book_valuer_per_share": null,
            "book_valuer_per_share_4q_avg": 0,
            "equity": 1379520,
            "current_ratio": null,
            "debt_ratio": 60.16,
            "inventory_turnover_ratio": null,
            "account_receivable_turnover_ratio": null,
            "reinvestment_rate": null,
            "research_to_sale_ratio": null,
            "price_fair": 0,
            "eps_avg_yearly": 0,
            "eps_latest_yearly": 0,
            "eps_growth_yearly": 0
        },
        "20031": {
            "year_quarter": 20031,
            "year": 2003,
            "quarter": 1,
            "eps": -0.26,
            "eps_growth_year": null,
            "eps_4q": -0.26,
            "eps_4q_growth_year": null,
            "roe": -5.28,
            "roe_4q": -5.28,
            "gross_profit": 53000,
            "gross_margin": 16.67,
            "gross_margin_4q_avg": 4.17,
            "net_income": -69000,
            "net_income_4q": null,
            "revenue": 318000,
            "revenue_4q": null,
            "common_shares": 0,
            "book_valuer_per_share": null,
            "book_valuer_per_share_4q_avg": 0,
            "equity": 1233000,
            "current_ratio": 345.74,
            "debt_ratio": 61.97,
            "inventory_turnover_ratio": 0.34,
            "account_receivable_turnover_ratio": 0.73,
            "reinvestment_rate": null,
            "research_to_sale_ratio": 23.9,
            "price_fair": 0,
            "eps_avg_yearly": 0,
            "eps_latest_yearly": 0,
            "eps_growth_yearly": 0
        },
        "20032": {
            "year_quarter": 20032,
            "year": 2003,
            "quarter": 2,
            "eps": -0.15,
            "eps_growth_year": null,
            "eps_4q": -0.41,
            "eps_4q_growth_year": null,
            "roe": -4.8,
            "roe_4q": -10.08,
            "gross_profit": 83350,
            "gross_margin": 22.27,
            "gross_margin_4q_avg": 9.74,
            "net_income": -62060,
            "net_income_4q": null,
            "revenue": 374208,
            "revenue_4q": null,
            "common_shares": 0,
            "book_valuer_per_share": null,
            "book_valuer_per_share_4q_avg": 0,
            "equity": 1350590,
            "current_ratio": 389.67,
            "debt_ratio": 65.6,
            "inventory_turnover_ratio": 0.35,
            "account_receivable_turnover_ratio": 1.01,
            "reinvestment_rate": null,
            "research_to_sale_ratio": 22.43,
            "price_fair": 0,
            "eps_avg_yearly": 0,
            "eps_latest_yearly": 0,
            "eps_growth_yearly": 0
        },
        "20033": {
            "year_quarter": 20033,
            "year": 2003,
            "quarter": 3,
            "eps": -0.1,
            "eps_growth_year": null,
            "eps_4q": -0.51,
            "eps_4q_growth_year": null,
            "roe": -1.57,
            "roe_4q": -11.65,
            "gross_profit": 108000,
            "gross_margin": 25.9,
            "gross_margin_4q_avg": 16.21,
            "net_income": -21000,
            "net_income_4q": null,
            "revenue": 417066,
            "revenue_4q": null,
            "common_shares": 0,
            "book_valuer_per_share": null,
            "book_valuer_per_share_4q_avg": 0,
            "equity": 1332000,
            "current_ratio": 445.93,
            "debt_ratio": 63.93,
            "inventory_turnover_ratio": 0.41,
            "account_receivable_turnover_ratio": 1.19,
            "reinvestment_rate": null,
            "research_to_sale_ratio": 17.26,
            "price_fair": 0,
            "eps_avg_yearly": 0,
            "eps_latest_yearly": 0,
            "eps_growth_yearly": 0
        },
        "20034": {
            "year_quarter": 20034,
            "year": 2003,
            "quarter": 4,
            "eps": 0.06,
            "eps_growth_year": null,
            "eps_4q": null,
            "eps_4q_growth_year": null,
            "roe": null,
            "roe_4q": -11.65,
            "gross_profit": 188855,
            "gross_margin": 28.54,
            "gross_margin_4q_avg": 23.35,
            "net_income": 19776,
            "net_income_4q": null,
            "revenue": 661618,
            "revenue_4q": null,
            "common_shares": null,
            "book_valuer_per_share": 4.29,
            "book_valuer_per_share_4q_avg": 1.07,
            "equity": 1436782,
            "current_ratio": 313.15,
            "debt_ratio": 60.21,
            "inventory_turnover_ratio": null,
            "account_receivable_turnover_ratio": null,
            "reinvestment_rate": null,
            "research_to_sale_ratio": 14.48,
            "price_fair": 0,
            "eps_avg_yearly": 0,
            "eps_latest_yearly": 0,
            "eps_growth_yearly": 0
        },
        "20041": {
            "year_quarter": 20041,
            "year": 2004,
            "quarter": 1,
            "eps": 0.06,
            "eps_growth_year": null,
            "eps_4q": null,
            "eps_4q_growth_year": null,
            "roe": 1.74,
            "roe_4q": -4.63,
            "gross_profit": 177016,
            "gross_margin": 32.19,
            "gross_margin_4q_avg": 27.23,
            "net_income": 24925,
            "net_income_4q": null,
            "revenue": 549939,
            "revenue_4q": null,
            "common_shares": null,
            "book_valuer_per_share": 4.28,
            "book_valuer_per_share_4q_avg": 2.14,
            "equity": 1429512,
            "current_ratio": 297.07,
            "debt_ratio": 60.89,
            "inventory_turnover_ratio": 0.51,
            "account_receivable_turnover_ratio": 1.41,
            "reinvestment_rate": null,
            "research_to_sale_ratio": 15.4,
            "price_fair": 2.4,
            "eps_avg_yearly": 0.24,
            "eps_latest_yearly": 0.24,
            "eps_growth_yearly": 0
        },
        "20042": {
            "year_quarter": 20042,
            "year": 2004,
            "quarter": 2,
            "eps": 0.23,
            "eps_growth_year": null,
            "eps_4q": null,
            "eps_4q_growth_year": null,
            "roe": 5.42,
            "roe_4q": 5.59,
            "gross_profit": 267907,
            "gross_margin": 35.63,
            "gross_margin_4q_avg": 30.57,
            "net_income": 79756,
            "net_income_4q": null,
            "revenue": 752020,
            "revenue_4q": null,
            "common_shares": null,
            "book_valuer_per_share": 4.53,
            "book_valuer_per_share_4q_avg": 3.28,
            "equity": 1513682,
            "current_ratio": 290.82,
            "debt_ratio": 60.3,
            "inventory_turnover_ratio": 0.67,
            "account_receivable_turnover_ratio": 1.73,
            "reinvestment_rate": null,
            "research_to_sale_ratio": 11.15,
            "price_fair": 20.3,
            "eps_avg_yearly": 0.58,
            "eps_latest_yearly": 0.92,
            "eps_growth_yearly": 566.67
        },
        "20043": {
            "year_quarter": 20043,
            "year": 2004,
            "quarter": 3,
            "eps": 0.15,
            "eps_growth_year": null,
            "eps_4q": 0.5,
            "eps_4q_growth_year": null,
            "roe": 3.25,
            "roe_4q": 10.41,
            "gross_profit": 285161,
            "gross_margin": 38.05,
            "gross_margin_4q_avg": 33.6,
            "net_income": 50223,
            "net_income_4q": null,
            "revenue": 749413,
            "revenue_4q": null,
            "common_shares": null,
            "book_valuer_per_share": 4.65,
            "book_valuer_per_share_4q_avg": 4.44,
            "equity": 1581496,
            "current_ratio": 277.77,
            "debt_ratio": 60.67,
            "inventory_turnover_ratio": 0.59,
            "account_receivable_turnover_ratio": 1.54,
            "reinvestment_rate": null,
            "research_to_sale_ratio": 19.26,
            "price_fair": 20.53,
            "eps_avg_yearly": 0.59,
            "eps_latest_yearly": 0.6,
            "eps_growth_yearly": 331.4
        },
        "20044": {
            "year_quarter": 20044,
            "year": 2004,
            "quarter": 4,
            "eps": 0.45,
            "eps_growth_year": 646.48,
            "eps_4q": 0.88,
            "eps_4q_growth_year": null,
            "roe": 8.5,
            "roe_4q": 18.91,
            "gross_profit": 417580,
            "gross_margin": 39.21,
            "gross_margin_4q_avg": 36.27,
            "net_income": 147366,
            "net_income_4q": null,
            "revenue": 1065074,
            "revenue_4q": null,
            "common_shares": null,
            "book_valuer_per_share": 5.57,
            "book_valuer_per_share_4q_avg": 4.76,
            "equity": 1887711,
            "current_ratio": 329.83,
            "debt_ratio": 57.1,
            "inventory_turnover_ratio": 0.71,
            "account_receivable_turnover_ratio": 1.82,
            "reinvestment_rate": null,
            "research_to_sale_ratio": 9.53,
            "price_fair": 31.15,
            "eps_avg_yearly": 0.89,
            "eps_latest_yearly": 1.8,
            "eps_growth_yearly": 448.55
        },
        "20051": {
            "year_quarter": 20051,
            "year": 2005,
            "quarter": 1,
            "eps": 0.35,
            "eps_growth_year": 478.64,
            "eps_4q": 1.17,
            "eps_4q_growth_year": null,
            "roe": 6.82,
            "roe_4q": 23.990000000000002,
            "gross_profit": 355143,
            "gross_margin": 40.04,
            "gross_margin_4q_avg": 38.23,
            "net_income": 129900,
            "net_income_4q": null,
            "revenue": 887075,
            "revenue_4q": null,
            "common_shares": null,
            "book_valuer_per_share": 5.68,
            "book_valuer_per_share_4q_avg": 5.11,
            "equity": 1920943,
            "current_ratio": 359.91,
            "debt_ratio": 55.71,
            "inventory_turnover_ratio": 0.55,
            "account_receivable_turnover_ratio": 1.35,
            "reinvestment_rate": null,
            "research_to_sale_ratio": 11.61,
            "price_fair": 34.72,
            "eps_avg_yearly": 0.99,
            "eps_latest_yearly": 1.4,
            "eps_growth_yearly": 341.06
        },
        "20052": {
            "year_quarter": 20052,
            "year": 2005,
            "quarter": 2,
            "eps": 0.36,
            "eps_growth_year": 60.03,
            "eps_4q": 1.31,
            "eps_4q_growth_year": null,
            "roe": 7.04,
            "roe_4q": 25.61,
            "gross_profit": 361408,
            "gross_margin": 39.14,
            "gross_margin_4q_avg": 39.11,
            "net_income": 135274,
            "net_income_4q": null,
            "revenue": 923401,
            "revenue_4q": null,
            "common_shares": null,
            "book_valuer_per_share": 5.71,
            "book_valuer_per_share_4q_avg": 5.4,
            "equity": 1924205,
            "current_ratio": 378.01,
            "debt_ratio": 54.8,
            "inventory_turnover_ratio": 0.63,
            "account_receivable_turnover_ratio": 1.52,
            "reinvestment_rate": null,
            "research_to_sale_ratio": 10.77,
            "price_fair": 37.33,
            "eps_avg_yearly": 1.07,
            "eps_latest_yearly": 1.44,
            "eps_growth_yearly": 286.12
        },
        "20053": {
            "year_quarter": 20053,
            "year": 2005,
            "quarter": 3,
            "eps": 0.29,
            "eps_growth_year": 88.08,
            "eps_4q": 1.44,
            "eps_4q_growth_year": 189.27,
            "roe": 2.95,
            "roe_4q": 25.310000000000002,
            "gross_profit": 237451,
            "gross_margin": 36.99,
            "gross_margin_4q_avg": 38.85,
            "net_income": 57515,
            "net_income_4q": null,
            "revenue": 641966,
            "revenue_4q": null,
            "common_shares": null,
            "book_valuer_per_share": 5.85,
            "book_valuer_per_share_4q_avg": 5.7,
            "equity": 1970821,
            "current_ratio": 387.62,
            "debt_ratio": 53.6,
            "inventory_turnover_ratio": 0.5,
            "account_receivable_turnover_ratio": 1.2,
            "reinvestment_rate": null,
            "research_to_sale_ratio": 14.99,
            "price_fair": 37.8,
            "eps_avg_yearly": 1.08,
            "eps_latest_yearly": 1.16,
            "eps_growth_yearly": 234.14
        },
        "20054": {
            "year_quarter": 20054,
            "year": 2005,
            "quarter": 4,
            "eps": 0.18,
            "eps_growth_year": -58.83,
            "eps_4q": 1.18,
            "eps_4q_growth_year": 33.65,
            "roe": 3.06,
            "roe_4q": 19.87,
            "gross_profit": 241729,
            "gross_margin": 37.26,
            "gross_margin_4q_avg": 38.36,
            "net_income": 61125,
            "net_income_4q": null,
            "revenue": 648734,
            "revenue_4q": null,
            "common_shares": null,
            "book_valuer_per_share": 6.02,
            "book_valuer_per_share_4q_avg": 5.82,
            "equity": 2026995,
            "current_ratio": 225.76,
            "debt_ratio": 54.42,
            "inventory_turnover_ratio": 0.48,
            "account_receivable_turnover_ratio": 1.54,
            "reinvestment_rate": null,
            "research_to_sale_ratio": 15.01,
            "price_fair": 36.23,
            "eps_avg_yearly": 1.04,
            "eps_latest_yearly": 0.72,
            "eps_growth_yearly": 185.91
        },
        "20061": {
            "year_quarter": 20061,
            "year": 2006,
            "quarter": 1,
            "eps": 0.26,
            "eps_growth_year": -25.82,
            "eps_4q": 1.09,
            "eps_4q_growth_year": -6.99,
            "roe": 4.61,
            "roe_4q": 17.66,
            "gross_profit": 304840,
            "gross_margin": 39.98,
            "gross_margin_4q_avg": 38.34,
            "net_income": 96962,
            "net_income_4q": null,
            "revenue": 762509,
            "revenue_4q": null,
            "common_shares": null,
            "book_valuer_per_share": 6.49,
            "book_valuer_per_share_4q_avg": 6.02,
            "equity": 2181185,
            "current_ratio": 235.87,
            "debt_ratio": 52.73,
            "inventory_turnover_ratio": 0.44,
            "account_receivable_turnover_ratio": 1.69,
            "reinvestment_rate": null,
            "research_to_sale_ratio": 13.82,
            "price_fair": 36.24,
            "eps_avg_yearly": 1.04,
            "eps_latest_yearly": 1.04,
            "eps_growth_yearly": 185
        },
        "20062": {
            "year_quarter": 20062,
            "year": 2006,
            "quarter": 2,
            "eps": 0.58,
            "eps_growth_year": 58.83,
            "eps_4q": 1.31,
            "eps_4q_growth_year": -0.33,
            "roe": 9.94,
            "roe_4q": 20.56,
            "gross_profit": 486933,
            "gross_margin": 40.45,
            "gross_margin_4q_avg": 38.67,
            "net_income": 213619,
            "net_income_4q": null,
            "revenue": 1203842,
            "revenue_4q": null,
            "common_shares": null,
            "book_valuer_per_share": 6.38,
            "book_valuer_per_share_4q_avg": 6.19,
            "equity": 2118714,
            "current_ratio": 205.89,
            "debt_ratio": 57.88,
            "inventory_turnover_ratio": 0.62,
            "account_receivable_turnover_ratio": 1.95,
            "reinvestment_rate": null,
            "research_to_sale_ratio": 9.8,
            "price_fair": 40.74,
            "eps_avg_yearly": 1.16,
            "eps_latest_yearly": 2.32,
            "eps_growth_yearly": 215.73
        },
        "20063": {
            "year_quarter": 20063,
            "year": 2006,
            "quarter": 3,
            "eps": 0.54,
            "eps_growth_year": 90.35,
            "eps_4q": 1.56,
            "eps_4q_growth_year": 8.28,
            "roe": 10.07,
            "roe_4q": 27.679999999999996,
            "gross_profit": 494978,
            "gross_margin": 40.79,
            "gross_margin_4q_avg": 39.62,
            "net_income": 217810,
            "net_income_4q": null,
            "revenue": 1213575,
            "revenue_4q": null,
            "common_shares": null,
            "book_valuer_per_share": 6.91,
            "book_valuer_per_share_4q_avg": 6.45,
            "equity": 2205089,
            "current_ratio": 221.02,
            "debt_ratio": 54.82,
            "inventory_turnover_ratio": 0.64,
            "account_receivable_turnover_ratio": 1.57,
            "reinvestment_rate": null,
            "research_to_sale_ratio": 10.47,
            "price_fair": 43.91,
            "eps_avg_yearly": 1.25,
            "eps_latest_yearly": 2.16,
            "eps_growth_yearly": 193.61
        },
        "20064": {
            "year_quarter": 20064,
            "year": 2006,
            "quarter": 4,
            "eps": 0.81,
            "eps_growth_year": 340.54,
            "eps_4q": 2.19,
            "eps_4q_growth_year": 85.04,
            "roe": 10.74,
            "roe_4q": 35.36,
            "gross_profit": 578813,
            "gross_margin": 41.08,
            "gross_margin_4q_avg": 40.58,
            "net_income": 271252,
            "net_income_4q": null,
            "revenue": 1408923,
            "revenue_4q": null,
            "common_shares": null,
            "book_valuer_per_share": 7.68,
            "book_valuer_per_share_4q_avg": 6.87,
            "equity": 2846091,
            "current_ratio": 289.99,
            "debt_ratio": 45.42,
            "inventory_turnover_ratio": 0.78,
            "account_receivable_turnover_ratio": 1.62,
            "reinvestment_rate": null,
            "research_to_sale_ratio": 10.02,
            "price_fair": 49.7,
            "eps_avg_yearly": 1.42,
            "eps_latest_yearly": 3.24,
            "eps_growth_yearly": 194.14
        },
        "20071": {
            "year_quarter": 20071,
            "year": 2007,
            "quarter": 1,
            "eps": 0.54,
            "eps_growth_year": 107.19,
            "eps_4q": 2.47,
            "eps_4q_growth_year": 125.82,
            "roe": 7.14,
            "roe_4q": 37.89,
            "gross_profit": 523429,
            "gross_margin": 41.3,
            "gross_margin_4q_avg": 40.91,
            "net_income": 203958,
            "net_income_4q": null,
            "revenue": 1267328,
            "revenue_4q": null,
            "common_shares": null,
            "book_valuer_per_share": 7.99,
            "book_valuer_per_share_4q_avg": 7.24,
            "equity": 2869108,
            "current_ratio": 270.65,
            "debt_ratio": 46.69,
            "inventory_turnover_ratio": 0.65,
            "account_receivable_turnover_ratio": 1.44,
            "reinvestment_rate": null,
            "research_to_sale_ratio": 12.27,
            "price_fair": 51.69,
            "eps_avg_yearly": 1.48,
            "eps_latest_yearly": 2.16,
            "eps_growth_yearly": 168.95
        },
        "20072": {
            "year_quarter": 20072,
            "year": 2007,
            "quarter": 2,
            "eps": 0.56,
            "eps_growth_year": -3.01,
            "eps_4q": 2.45,
            "eps_4q_growth_year": 87.43,
            "roe": 7.19,
            "roe_4q": 35.14,
            "gross_profit": 518789,
            "gross_margin": 41.2,
            "gross_margin_4q_avg": 41.09,
            "net_income": 215906,
            "net_income_4q": null,
            "revenue": 1259149,
            "revenue_4q": null,
            "common_shares": null,
            "book_valuer_per_share": 8.95,
            "book_valuer_per_share_4q_avg": 7.88,
            "equity": 3137647,
            "current_ratio": 312.15,
            "debt_ratio": 52.74,
            "inventory_turnover_ratio": 0.59,
            "account_receivable_turnover_ratio": 1.54,
            "reinvestment_rate": null,
            "research_to_sale_ratio": 12.93,
            "price_fair": 53.6,
            "eps_avg_yearly": 1.53,
            "eps_latest_yearly": 2.24,
            "eps_growth_yearly": 157.94
        },
        "20073": {
            "year_quarter": 20073,
            "year": 2007,
            "quarter": 3,
            "eps": 0.64,
            "eps_growth_year": 17.86,
            "eps_4q": 2.55,
            "eps_4q_growth_year": 62.77,
            "roe": 8.25,
            "roe_4q": 33.32,
            "gross_profit": 549147,
            "gross_margin": 41.2,
            "gross_margin_4q_avg": 41.2,
            "net_income": 237196,
            "net_income_4q": null,
            "revenue": 1332878,
            "revenue_4q": null,
            "common_shares": null,
            "book_valuer_per_share": 7.22,
            "book_valuer_per_share_4q_avg": 7.96,
            "equity": 2612479,
            "current_ratio": 184.97,
            "debt_ratio": 64.29,
            "inventory_turnover_ratio": 0.57,
            "account_receivable_turnover_ratio": 1.62,
            "reinvestment_rate": 2.39,
            "research_to_sale_ratio": 12.85,
            "price_fair": 56,
            "eps_avg_yearly": 1.6,
            "eps_latest_yearly": 2.56,
            "eps_growth_yearly": 151.22
        },
        "20074": {
            "year_quarter": 20074,
            "year": 2007,
            "quarter": 4,
            "eps": 0.83,
            "eps_growth_year": 3.02,
            "eps_4q": 2.57,
            "eps_4q_growth_year": 17.46,
            "roe": 10.46,
            "roe_4q": 33.04,
            "gross_profit": 568876,
            "gross_margin": 40.8,
            "gross_margin_4q_avg": 41.13,
            "net_income": 281132,
            "net_income_4q": null,
            "revenue": 1394285,
            "revenue_4q": null,
            "common_shares": null,
            "book_valuer_per_share": 7.51,
            "book_valuer_per_share_4q_avg": 7.92,
            "equity": 2761074,
            "current_ratio": 250.59,
            "debt_ratio": 53.57,
            "inventory_turnover_ratio": 0.54,
            "account_receivable_turnover_ratio": 1.55,
            "reinvestment_rate": 6.63,
            "research_to_sale_ratio": 15.97,
            "price_fair": 59.76,
            "eps_avg_yearly": 1.71,
            "eps_latest_yearly": 3.32,
            "eps_growth_yearly": 149.19
        },
        "20081": {
            "year_quarter": 20081,
            "year": 2008,
            "quarter": 1,
            "eps": 0.68,
            "eps_growth_year": 26.98,
            "eps_4q": 2.72,
            "eps_4q_growth_year": 10.09,
            "roe": 7.82,
            "roe_4q": 33.72,
            "gross_profit": 588868,
            "gross_margin": 40.65,
            "gross_margin_4q_avg": 40.96,
            "net_income": 228727,
            "net_income_4q": null,
            "revenue": 1448758,
            "revenue_4q": null,
            "common_shares": null,
            "book_valuer_per_share": 8.49,
            "book_valuer_per_share_4q_avg": 8.04,
            "equity": 3086235,
            "current_ratio": 232.31,
            "debt_ratio": 55.54,
            "inventory_turnover_ratio": 0.5,
            "account_receivable_turnover_ratio": 1.38,
            "reinvestment_rate": 9.14,
            "research_to_sale_ratio": 13.95,
            "price_fair": 65.19,
            "eps_avg_yearly": 1.86,
            "eps_latest_yearly": 2.72,
            "eps_growth_yearly": 144.68
        },
        "20082": {
            "year_quarter": 20082,
            "year": 2008,
            "quarter": 2,
            "eps": 0.9,
            "eps_growth_year": 60.97,
            "eps_4q": 3.06,
            "eps_4q_growth_year": 24.85,
            "roe": 9.55,
            "roe_4q": 36.08,
            "gross_profit": 531613,
            "gross_margin": 39.98,
            "gross_margin_4q_avg": 40.66,
            "net_income": 302421,
            "net_income_4q": null,
            "revenue": 1329800,
            "revenue_4q": null,
            "common_shares": null,
            "book_valuer_per_share": 8.97,
            "book_valuer_per_share_4q_avg": 8.05,
            "equity": 3246061,
            "current_ratio": 267.78,
            "debt_ratio": 50.29,
            "inventory_turnover_ratio": 0.44,
            "account_receivable_turnover_ratio": 1.34,
            "reinvestment_rate": 11.73,
            "research_to_sale_ratio": 15.43,
            "price_fair": 71.05,
            "eps_avg_yearly": 2.03,
            "eps_latest_yearly": 3.6,
            "eps_growth_yearly": 81.93
        },
        "20083": {
            "year_quarter": 20083,
            "year": 2008,
            "quarter": 3,
            "eps": 0.32,
            "eps_growth_year": -49.98,
            "eps_4q": 2.74,
            "eps_4q_growth_year": 7.55,
            "roe": 3.37,
            "roe_4q": 31.200000000000003,
            "gross_profit": 387502,
            "gross_margin": 38.11,
            "gross_margin_4q_avg": 39.89,
            "net_income": 107002,
            "net_income_4q": null,
            "revenue": 1016808,
            "revenue_4q": null,
            "common_shares": null,
            "book_valuer_per_share": 8.63,
            "book_valuer_per_share_4q_avg": 8.4,
            "equity": 3099069,
            "current_ratio": 261.96,
            "debt_ratio": 49.65,
            "inventory_turnover_ratio": 0.37,
            "account_receivable_turnover_ratio": 1.26,
            "reinvestment_rate": 11.09,
            "research_to_sale_ratio": 18.69,
            "price_fair": 72.54,
            "eps_avg_yearly": 2.07,
            "eps_latest_yearly": 1.28,
            "eps_growth_yearly": 74.52
        },
        "20084": {
            "year_quarter": 20084,
            "year": 2008,
            "quarter": 4,
            "eps": -0.37,
            "eps_growth_year": -144.48,
            "eps_4q": 1.54,
            "eps_4q_growth_year": -40.22,
            "roe": -4.19,
            "roe_4q": 16.55,
            "gross_profit": 54508,
            "gross_margin": 7.9,
            "gross_margin_4q_avg": 31.66,
            "net_income": -123057,
            "net_income_4q": null,
            "revenue": 690358,
            "revenue_4q": null,
            "common_shares": null,
            "book_valuer_per_share": 7.69,
            "book_valuer_per_share_4q_avg": 8.45,
            "equity": 2780289,
            "current_ratio": 294.86,
            "debt_ratio": 49.52,
            "inventory_turnover_ratio": 0.42,
            "account_receivable_turnover_ratio": 0.88,
            "reinvestment_rate": 13.42,
            "research_to_sale_ratio": 25.81,
            "price_fair": 73.17,
            "eps_avg_yearly": 2.09,
            "eps_latest_yearly": 1.28,
            "eps_growth_yearly": 26.15
        },
        "20091": {
            "year_quarter": 20091,
            "year": 2009,
            "quarter": 1,
            "eps": -0.47,
            "eps_growth_year": -168.56,
            "eps_4q": 0.39,
            "eps_4q_growth_year": -85.81,
            "roe": -6.03,
            "roe_4q": 2.7,
            "gross_profit": 16482,
            "gross_margin": 6.75,
            "gross_margin_4q_avg": 23.19,
            "net_income": -155783,
            "net_income_4q": null,
            "revenue": 244042,
            "revenue_4q": null,
            "common_shares": null,
            "book_valuer_per_share": 6.51,
            "book_valuer_per_share_4q_avg": 7.95,
            "equity": 2387250,
            "current_ratio": 265.46,
            "debt_ratio": 52.52,
            "inventory_turnover_ratio": 0.17,
            "account_receivable_turnover_ratio": 0.42,
            "reinvestment_rate": 19.51,
            "research_to_sale_ratio": 64.43,
            "price_fair": 74.9,
            "eps_avg_yearly": 2.14,
            "eps_latest_yearly": 1.28,
            "eps_growth_yearly": 34.37
        },
        "20092": {
            "year_quarter": 20092,
            "year": 2009,
            "quarter": 2,
            "eps": -0.44,
            "eps_growth_year": -148.56,
            "eps_4q": -0.96,
            "eps_4q_growth_year": -131.3,
            "roe": -6.14,
            "roe_4q": -12.989999999999998,
            "gross_profit": 48342,
            "gross_margin": 12.44,
            "gross_margin_4q_avg": 16.3,
            "net_income": -146152,
            "net_income_4q": null,
            "revenue": 388707,
            "revenue_4q": null,
            "common_shares": null,
            "book_valuer_per_share": 6.48,
            "book_valuer_per_share_4q_avg": 7.33,
            "equity": 2376791,
            "current_ratio": 268.16,
            "debt_ratio": 52.79,
            "inventory_turnover_ratio": 0.27,
            "account_receivable_turnover_ratio": 1.12,
            "reinvestment_rate": 25.7,
            "research_to_sale_ratio": 42.62,
            "price_fair": 76.78,
            "eps_avg_yearly": 2.19,
            "eps_latest_yearly": 1.28,
            "eps_growth_yearly": 36.13
        },
        "20093": {
            "year_quarter": 20093,
            "year": 2009,
            "quarter": 3,
            "eps": 0.15,
            "eps_growth_year": -51.69,
            "eps_4q": -1.12,
            "eps_4q_growth_year": -140.99,
            "roe": 1.19,
            "roe_4q": -15.170000000000002,
            "gross_profit": 279786,
            "gross_margin": 34.45,
            "gross_margin_4q_avg": 15.39,
            "net_income": 28958,
            "net_income_4q": null,
            "revenue": 812154,
            "revenue_4q": null,
            "common_shares": null,
            "book_valuer_per_share": 6.84,
            "book_valuer_per_share_4q_avg": 6.88,
            "equity": 2495549,
            "current_ratio": 273.55,
            "debt_ratio": 52.66,
            "inventory_turnover_ratio": 0.41,
            "account_receivable_turnover_ratio": 1.83,
            "reinvestment_rate": 26.74,
            "research_to_sale_ratio": 20.75,
            "price_fair": 79.8,
            "eps_avg_yearly": 2.28,
            "eps_latest_yearly": 1.28,
            "eps_growth_yearly": 45.62
        },
        "20094": {
            "year_quarter": 20094,
            "year": 2009,
            "quarter": 4,
            "eps": 0.18,
            "eps_growth_year": null,
            "eps_4q": -0.57,
            "eps_4q_growth_year": -137.34,
            "roe": 2.87,
            "roe_4q": -8.11,
            "gross_profit": 315614,
            "gross_margin": 37.94,
            "gross_margin_4q_avg": 22.9,
            "net_income": 72316,
            "net_income_4q": null,
            "revenue": 831776,
            "revenue_4q": null,
            "common_shares": null,
            "book_valuer_per_share": 6.97,
            "book_valuer_per_share_4q_avg": 6.7,
            "equity": 2542721,
            "current_ratio": 263.26,
            "debt_ratio": 52.85,
            "inventory_turnover_ratio": 0.39,
            "account_receivable_turnover_ratio": 1.41,
            "reinvestment_rate": 29.33,
            "research_to_sale_ratio": 19.87,
            "price_fair": 79.8,
            "eps_avg_yearly": 2.28,
            "eps_latest_yearly": 0.72,
            "eps_growth_yearly": 64.93
        },
        "20101": {
            "year_quarter": 20101,
            "year": 2010,
            "quarter": 1,
            "eps": 0.42,
            "eps_growth_year": null,
            "eps_4q": 0.31,
            "eps_4q_growth_year": -18.78,
            "roe": 5.81,
            "roe_4q": 3.7299999999999995,
            "gross_profit": 402740,
            "gross_margin": 40.25,
            "gross_margin_4q_avg": 31.27,
            "net_income": 144722,
            "net_income_4q": null,
            "revenue": 1000510,
            "revenue_4q": null,
            "common_shares": null,
            "book_valuer_per_share": 6.67,
            "book_valuer_per_share_4q_avg": 6.74,
            "equity": 2442604,
            "current_ratio": 203.68,
            "debt_ratio": 58.79,
            "inventory_turnover_ratio": 0.41,
            "account_receivable_turnover_ratio": 1.32,
            "reinvestment_rate": 28.82,
            "research_to_sale_ratio": 16.22,
            "price_fair": 81.67,
            "eps_avg_yearly": 2.33,
            "eps_latest_yearly": 1.68,
            "eps_growth_yearly": 94.56
        },
        "20102": {
            "year_quarter": 20102,
            "year": 2010,
            "quarter": 2,
            "eps": 0.88,
            "eps_growth_year": null,
            "eps_4q": 1.63,
            "eps_4q_growth_year": null,
            "roe": 11.75,
            "roe_4q": 21.62,
            "gross_profit": 563417,
            "gross_margin": 42.99,
            "gross_margin_4q_avg": 38.91,
            "net_income": 293360,
            "net_income_4q": null,
            "revenue": 1310675,
            "revenue_4q": null,
            "common_shares": null,
            "book_valuer_per_share": 6.99,
            "book_valuer_per_share_4q_avg": 6.87,
            "equity": 2550095,
            "current_ratio": 209.27,
            "debt_ratio": 57.27,
            "inventory_turnover_ratio": 0.47,
            "account_receivable_turnover_ratio": 1.3,
            "reinvestment_rate": 25.44,
            "research_to_sale_ratio": 11.72,
            "price_fair": 85.17,
            "eps_avg_yearly": 2.43,
            "eps_latest_yearly": 3.52,
            "eps_growth_yearly": 90.05
        },
        "20103": {
            "year_quarter": 20103,
            "year": 2010,
            "quarter": 3,
            "eps": 1.04,
            "eps_growth_year": 570.86,
            "eps_4q": 2.51,
            "eps_4q_growth_year": null,
            "roe": 12.74,
            "roe_4q": 33.17,
            "gross_profit": 689799,
            "gross_margin": 43.58,
            "gross_margin_4q_avg": 41.19,
            "net_income": 361388,
            "net_income_4q": null,
            "revenue": 1582837,
            "revenue_4q": null,
            "common_shares": null,
            "book_valuer_per_share": 8.68,
            "book_valuer_per_share_4q_avg": 7.33,
            "equity": 3121662,
            "current_ratio": 200.87,
            "debt_ratio": 57.53,
            "inventory_turnover_ratio": 0.5,
            "account_receivable_turnover_ratio": 1.29,
            "reinvestment_rate": 26.36,
            "research_to_sale_ratio": 11.63,
            "price_fair": 91,
            "eps_avg_yearly": 2.6,
            "eps_latest_yearly": 4.16,
            "eps_growth_yearly": 98.41
        },
        "20104": {
            "year_quarter": 20104,
            "year": 2010,
            "quarter": 4,
            "eps": 1.58,
            "eps_growth_year": 784.63,
            "eps_4q": 3.92,
            "eps_4q_growth_year": null,
            "roe": 15.89,
            "roe_4q": 46.190000000000005,
            "gross_profit": 910695,
            "gross_margin": 45,
            "gross_margin_4q_avg": 42.96,
            "net_income": 541121,
            "net_income_4q": null,
            "revenue": 2023700,
            "revenue_4q": null,
            "common_shares": null,
            "book_valuer_per_share": 10.36,
            "book_valuer_per_share_4q_avg": 8.18,
            "equity": 3689628,
            "current_ratio": 229.21,
            "debt_ratio": 55.12,
            "inventory_turnover_ratio": 0.56,
            "account_receivable_turnover_ratio": 1.4,
            "reinvestment_rate": 23.37,
            "research_to_sale_ratio": 9.27,
            "price_fair": 99.98,
            "eps_avg_yearly": 2.86,
            "eps_latest_yearly": 6.32,
            "eps_growth_yearly": 99.05
        },
        "20111": {
            "year_quarter": 20111,
            "year": 2011,
            "quarter": 1,
            "eps": 1.65,
            "eps_growth_year": 294.43,
            "eps_4q": 5.15,
            "eps_4q_growth_year": 1544.35,
            "roe": 13.93,
            "roe_4q": 54.31,
            "gross_profit": 914819,
            "gross_margin": 44.73,
            "gross_margin_4q_avg": 44.08,
            "net_income": 556271,
            "net_income_4q": null,
            "revenue": 2045104,
            "revenue_4q": null,
            "common_shares": null,
            "book_valuer_per_share": 12.17,
            "book_valuer_per_share_4q_avg": 9.55,
            "equity": 4297930,
            "current_ratio": 232.12,
            "debt_ratio": 56.13,
            "inventory_turnover_ratio": 0.54,
            "account_receivable_turnover_ratio": 1.38,
            "reinvestment_rate": 26.17,
            "research_to_sale_ratio": 10.01,
            "price_fair": 112.93,
            "eps_avg_yearly": 3.23,
            "eps_latest_yearly": 6.6,
            "eps_growth_yearly": 111.64
        },
        "20112": {
            "year_quarter": 20112,
            "year": 2011,
            "quarter": 2,
            "eps": 1.85,
            "eps_growth_year": 110.81,
            "eps_4q": 6.12,
            "eps_4q_growth_year": 275.43,
            "roe": 14.13,
            "roe_4q": 56.690000000000005,
            "gross_profit": 986217,
            "gross_margin": 45.12,
            "gross_margin_4q_avg": 44.61,
            "net_income": 617601,
            "net_income_4q": null,
            "revenue": 2185971,
            "revenue_4q": null,
            "common_shares": null,
            "book_valuer_per_share": 12.94,
            "book_valuer_per_share_4q_avg": 11.04,
            "equity": 4444265,
            "current_ratio": 255.22,
            "debt_ratio": 56.06,
            "inventory_turnover_ratio": 0.53,
            "account_receivable_turnover_ratio": 1.56,
            "reinvestment_rate": 26.37,
            "research_to_sale_ratio": 9.46,
            "price_fair": 127.98,
            "eps_avg_yearly": 3.66,
            "eps_latest_yearly": 7.4,
            "eps_growth_yearly": 114.44
        },
        "20113": {
            "year_quarter": 20113,
            "year": 2011,
            "quarter": 3,
            "eps": 1.46,
            "eps_growth_year": 40.93,
            "eps_4q": 6.55,
            "eps_4q_growth_year": 160.52,
            "roe": 10.81,
            "roe_4q": 54.760000000000005,
            "gross_profit": 829814,
            "gross_margin": 42.06,
            "gross_margin_4q_avg": 44.23,
            "net_income": 480518,
            "net_income_4q": null,
            "revenue": 1973073,
            "revenue_4q": null,
            "common_shares": null,
            "book_valuer_per_share": 12.95,
            "book_valuer_per_share_4q_avg": 12.11,
            "equity": 4442899,
            "current_ratio": 275.82,
            "debt_ratio": 53.79,
            "inventory_turnover_ratio": 0.54,
            "account_receivable_turnover_ratio": 1.5,
            "reinvestment_rate": 24.46,
            "research_to_sale_ratio": 10.27,
            "price_fair": 137.55,
            "eps_avg_yearly": 3.93,
            "eps_latest_yearly": 5.84,
            "eps_growth_yearly": 102.65
        },
        "20114": {
            "year_quarter": 20114,
            "year": 2011,
            "quarter": 4,
            "eps": 1.16,
            "eps_growth_year": -26.87,
            "eps_4q": 6.12,
            "eps_4q_growth_year": 56.33,
            "roe": 8.28,
            "roe_4q": 47.15,
            "gross_profit": 643125,
            "gross_margin": 40.99,
            "gross_margin_4q_avg": 43.23,
            "net_income": 368807,
            "net_income_4q": null,
            "revenue": 1568893,
            "revenue_4q": null,
            "common_shares": null,
            "book_valuer_per_share": 13.38,
            "book_valuer_per_share_4q_avg": 12.86,
            "equity": 4462263,
            "current_ratio": 255.56,
            "debt_ratio": 52.57,
            "inventory_turnover_ratio": 0.45,
            "account_receivable_turnover_ratio": 1.23,
            "reinvestment_rate": 19.91,
            "research_to_sale_ratio": 12.42,
            "price_fair": 141.4,
            "eps_avg_yearly": 4.04,
            "eps_latest_yearly": 4.64,
            "eps_growth_yearly": 85.91
        },
        "20121": {
            "year_quarter": 20121,
            "year": 2012,
            "quarter": 1,
            "eps": 1.17,
            "eps_growth_year": -28.87,
            "eps_4q": 5.64,
            "eps_4q_growth_year": 9.64,
            "roe": 8.11,
            "roe_4q": 41.330000000000005,
            "gross_profit": 698435,
            "gross_margin": 41.82,
            "gross_margin_4q_avg": 42.5,
            "net_income": 376163,
            "net_income_4q": null,
            "revenue": 1669922,
            "revenue_4q": null,
            "common_shares": null,
            "book_valuer_per_share": 14.49,
            "book_valuer_per_share_4q_avg": 13.44,
            "equity": 4818083,
            "current_ratio": 275.73,
            "debt_ratio": 51.18,
            "inventory_turnover_ratio": 0.46,
            "account_receivable_turnover_ratio": 1.38,
            "reinvestment_rate": 20.35,
            "research_to_sale_ratio": 11.61,
            "price_fair": 147.12,
            "eps_avg_yearly": 4.2,
            "eps_latest_yearly": 4.68,
            "eps_growth_yearly": 92.22
        },
        "20122": {
            "year_quarter": 20122,
            "year": 2012,
            "quarter": 2,
            "eps": 1.18,
            "eps_growth_year": -36.04,
            "eps_4q": 4.98,
            "eps_4q_growth_year": -18.7,
            "roe": 7.87,
            "roe_4q": 35.07,
            "gross_profit": 668033,
            "gross_margin": 43.2,
            "gross_margin_4q_avg": 42.02,
            "net_income": 367645,
            "net_income_4q": null,
            "revenue": 1546276,
            "revenue_4q": null,
            "common_shares": null,
            "book_valuer_per_share": 13.77,
            "book_valuer_per_share_4q_avg": 13.65,
            "equity": 4528496,
            "current_ratio": 267.91,
            "debt_ratio": 50.19,
            "inventory_turnover_ratio": 0.41,
            "account_receivable_turnover_ratio": 1.46,
            "reinvestment_rate": 18.97,
            "research_to_sale_ratio": 11.78,
            "price_fair": 150.38,
            "eps_avg_yearly": 4.3,
            "eps_latest_yearly": 4.72,
            "eps_growth_yearly": 81.72
        },
        "20123": {
            "year_quarter": 20123,
            "year": 2012,
            "quarter": 3,
            "eps": 1.08,
            "eps_growth_year": -26.13,
            "eps_4q": 4.59,
            "eps_4q_growth_year": -29.8,
            "roe": 5.27,
            "roe_4q": 29.53,
            "gross_profit": 684608,
            "gross_margin": 43.21,
            "gross_margin_4q_avg": 42.31,
            "net_income": 354165,
            "net_income_4q": null,
            "revenue": 1584267,
            "revenue_4q": null,
            "common_shares": null,
            "book_valuer_per_share": 27.7,
            "book_valuer_per_share_4q_avg": 17.34,
            "equity": 8903381,
            "current_ratio": 391.42,
            "debt_ratio": 34.78,
            "inventory_turnover_ratio": 0.39,
            "account_receivable_turnover_ratio": 1.83,
            "reinvestment_rate": 14.04,
            "research_to_sale_ratio": 11.7,
            "price_fair": 159.25,
            "eps_avg_yearly": 4.55,
            "eps_latest_yearly": 4.32,
            "eps_growth_yearly": 100.38
        },
        "20124": {
            "year_quarter": 20124,
            "year": 2012,
            "quarter": 4,
            "eps": 1.09,
            "eps_growth_year": -5.45,
            "eps_4q": 4.53,
            "eps_4q_growth_year": -25.96,
            "roe": 5.52,
            "roe_4q": 26.77,
            "gross_profit": 557240,
            "gross_margin": 41.07,
            "gross_margin_4q_avg": 42.33,
            "net_income": 394757,
            "net_income_4q": null,
            "revenue": 1356652,
            "revenue_4q": null,
            "common_shares": null,
            "book_valuer_per_share": 16.53,
            "book_valuer_per_share_4q_avg": 18.12,
            "equity": 5392506,
            "current_ratio": 279.53,
            "debt_ratio": 45.12,
            "inventory_turnover_ratio": 0.32,
            "account_receivable_turnover_ratio": 1.37,
            "reinvestment_rate": 11.5,
            "research_to_sale_ratio": 15.2,
            "price_fair": 158.74,
            "eps_avg_yearly": 4.54,
            "eps_latest_yearly": 4.36,
            "eps_growth_yearly": 92.94
        },
        "20131": {
            "year_quarter": 20131,
            "year": 2013,
            "quarter": 1,
            "eps": 0.39,
            "eps_growth_year": -66.67,
            "eps_4q": 3.75,
            "eps_4q_growth_year": -33.58,
            "roe": 2.3,
            "roe_4q": 20.96,
            "gross_profit": 438379,
            "gross_margin": 38.19,
            "gross_margin_4q_avg": 41.42,
            "net_income": 123781,
            "net_income_4q": null,
            "revenue": 1147865,
            "revenue_4q": null,
            "common_shares": null,
            "book_valuer_per_share": 16.44,
            "book_valuer_per_share_4q_avg": 18.61,
            "equity": 5368241,
            "current_ratio": 258.48,
            "debt_ratio": 45.2,
            "inventory_turnover_ratio": 0.28,
            "account_receivable_turnover_ratio": 0.89,
            "reinvestment_rate": 8.47,
            "research_to_sale_ratio": 20.72,
            "price_fair": 151.3,
            "eps_avg_yearly": 4.32,
            "eps_latest_yearly": 1.56,
            "eps_growth_yearly": 67.95
        },
        "20132": {
            "year_quarter": 20132,
            "year": 2013,
            "quarter": 2,
            "eps": 0.67,
            "eps_growth_year": -43.44,
            "eps_4q": 3.23,
            "eps_4q_growth_year": -35.02,
            "roe": 4.16,
            "roe_4q": 17.25,
            "gross_profit": 629768,
            "gross_margin": 40.63,
            "gross_margin_4q_avg": 40.78,
            "net_income": 288371,
            "net_income_4q": null,
            "revenue": 1549866,
            "revenue_4q": null,
            "common_shares": null,
            "book_valuer_per_share": 10.9,
            "book_valuer_per_share_4q_avg": 17.89,
            "equity": 8486583,
            "current_ratio": 244.19,
            "debt_ratio": 37.39,
            "inventory_turnover_ratio": 0.33,
            "account_receivable_turnover_ratio": 1.21,
            "reinvestment_rate": 11.35,
            "research_to_sale_ratio": 16.85,
            "price_fair": 147.47,
            "eps_avg_yearly": 4.21,
            "eps_latest_yearly": 2.68,
            "eps_growth_yearly": 82.57
        },
        "20133": {
            "year_quarter": 20133,
            "year": 2013,
            "quarter": 3,
            "eps": 0.54,
            "eps_growth_year": -49.72,
            "eps_4q": 2.7,
            "eps_4q_growth_year": -41.29,
            "roe": 3.38,
            "roe_4q": 15.36,
            "gross_profit": 742442,
            "gross_margin": 41.62,
            "gross_margin_4q_avg": 40.38,
            "net_income": 294216,
            "net_income_4q": null,
            "revenue": 1783973,
            "revenue_4q": null,
            "common_shares": null,
            "book_valuer_per_share": 11.93,
            "book_valuer_per_share_4q_avg": 13.95,
            "equity": 8936239,
            "current_ratio": 247.57,
            "debt_ratio": 40.34,
            "inventory_turnover_ratio": 0.32,
            "account_receivable_turnover_ratio": 1.34,
            "reinvestment_rate": 11.51,
            "research_to_sale_ratio": 18.52,
            "price_fair": 142.98,
            "eps_avg_yearly": 4.09,
            "eps_latest_yearly": 2.16,
            "eps_growth_yearly": 72.56
        },
        "20134": {
            "year_quarter": 20134,
            "year": 2013,
            "quarter": 4,
            "eps": 1.56,
            "eps_growth_year": 42.77,
            "eps_4q": 3.17,
            "eps_4q_growth_year": -30.16,
            "roe": 7.53,
            "roe_4q": 17.37,
            "gross_profit": 1131961,
            "gross_margin": 44.56,
            "gross_margin_4q_avg": 41.25,
            "net_income": 694643,
            "net_income_4q": null,
            "revenue": 2540469,
            "revenue_4q": null,
            "common_shares": 55105,
            "book_valuer_per_share": 5685.09,
            "book_valuer_per_share_4q_avg": 1431.09,
            "equity": 9514668,
            "current_ratio": 244.91,
            "debt_ratio": 39.88,
            "inventory_turnover_ratio": 0.42,
            "account_receivable_turnover_ratio": 1.64,
            "reinvestment_rate": 11.22,
            "research_to_sale_ratio": 13.7,
            "price_fair": 155.05,
            "eps_avg_yearly": 4.43,
            "eps_latest_yearly": 6.24,
            "eps_growth_yearly": 114.78
        },
        "20141": {
            "year_quarter": 20141,
            "year": 2014,
            "quarter": 1,
            "eps": 0.77,
            "eps_growth_year": 97.6,
            "eps_4q": 3.55,
            "eps_4q_growth_year": -5.37,
            "roe": 3.57,
            "roe_4q": 18.64,
            "gross_profit": 839507,
            "gross_margin": 43.64,
            "gross_margin_4q_avg": 42.61,
            "net_income": 343103,
            "net_income_4q": null,
            "revenue": 1923497,
            "revenue_4q": null,
            "common_shares": null,
            "book_valuer_per_share": 13.36,
            "book_valuer_per_share_4q_avg": 1430.32,
            "equity": 9719962,
            "current_ratio": 244.83,
            "debt_ratio": 39.98,
            "inventory_turnover_ratio": 0.32,
            "account_receivable_turnover_ratio": 1.16,
            "reinvestment_rate": 12.16,
            "research_to_sale_ratio": 19.99,
            "price_fair": 158.11,
            "eps_avg_yearly": 4.52,
            "eps_latest_yearly": 3.08,
            "eps_growth_yearly": 68.78
        },
        "20142": {
            "year_quarter": 20142,
            "year": 2014,
            "quarter": 2,
            "eps": 1.24,
            "eps_growth_year": 84.42,
            "eps_4q": 4.11,
            "eps_4q_growth_year": 27.18,
            "roe": 5.62,
            "roe_4q": 20.099999999999998,
            "gross_profit": 1029043,
            "gross_margin": 45.75,
            "gross_margin_4q_avg": 43.89,
            "net_income": 545657,
            "net_income_4q": null,
            "revenue": 2249415,
            "revenue_4q": null,
            "common_shares": null,
            "book_valuer_per_share": 13.39,
            "book_valuer_per_share_4q_avg": 1430.94,
            "equity": 9690165,
            "current_ratio": 237.84,
            "debt_ratio": 40.44,
            "inventory_turnover_ratio": 0.34,
            "account_receivable_turnover_ratio": 1.21,
            "reinvestment_rate": 11.56,
            "research_to_sale_ratio": 16.24,
            "price_fair": 161.26,
            "eps_avg_yearly": 4.61,
            "eps_latest_yearly": 4.96,
            "eps_growth_yearly": 56.66
        },
        "20143": {
            "year_quarter": 20143,
            "year": 2014,
            "quarter": 3,
            "eps": 0.71,
            "eps_growth_year": 30.01,
            "eps_4q": 4.28,
            "eps_4q_growth_year": 58.51,
            "roe": 3.26,
            "roe_4q": 19.98,
            "gross_profit": 733730,
            "gross_margin": 43.72,
            "gross_margin_4q_avg": 44.42,
            "net_income": 309687,
            "net_income_4q": null,
            "revenue": 1678149,
            "revenue_4q": null,
            "common_shares": null,
            "book_valuer_per_share": 12.62,
            "book_valuer_per_share_4q_avg": 1431.12,
            "equity": 9295821,
            "current_ratio": 244.76,
            "debt_ratio": 39.45,
            "inventory_turnover_ratio": 0.27,
            "account_receivable_turnover_ratio": 0.92,
            "reinvestment_rate": 11.28,
            "research_to_sale_ratio": 19.67,
            "price_fair": 158.38,
            "eps_avg_yearly": 4.53,
            "eps_latest_yearly": 2.84,
            "eps_growth_yearly": 41.43
        },
        "20144": {
            "year_quarter": 20144,
            "year": 2014,
            "quarter": 4,
            "eps": 0.84,
            "eps_growth_year": -45.94,
            "eps_4q": 3.56,
            "eps_4q_growth_year": 12.43,
            "roe": 4,
            "roe_4q": 16.45,
            "gross_profit": 791651,
            "gross_margin": 43.97,
            "gross_margin_4q_avg": 44.27,
            "net_income": 367387,
            "net_income_4q": null,
            "revenue": 1800511,
            "revenue_4q": null,
            "common_shares": 47515,
            "book_valuer_per_share": 12.34,
            "book_valuer_per_share_4q_avg": 12.93,
            "equity": 9054023,
            "current_ratio": 247.37,
            "debt_ratio": 38.44,
            "inventory_turnover_ratio": 0.31,
            "account_receivable_turnover_ratio": 1.13,
            "reinvestment_rate": 8.47,
            "research_to_sale_ratio": 17.93,
            "price_fair": 151.9,
            "eps_avg_yearly": 4.34,
            "eps_latest_yearly": 3.36,
            "eps_growth_yearly": 33.03
        },
        "20151": {
            "year_quarter": 20151,
            "year": 2015,
            "quarter": 1,
            "eps": 1,
            "eps_growth_year": 29.85,
            "eps_4q": 3.79,
            "eps_4q_growth_year": 6.83,
            "roe": 4.89,
            "roe_4q": 17.77,
            "gross_profit": 841028,
            "gross_margin": 47.19,
            "gross_margin_4q_avg": 45.16,
            "net_income": 434988,
            "net_income_4q": null,
            "revenue": 1782189,
            "revenue_4q": null,
            "common_shares": null,
            "book_valuer_per_share": 11.71,
            "book_valuer_per_share_4q_avg": 12.52,
            "equity": 8724398,
            "current_ratio": 238.71,
            "debt_ratio": 38.3,
            "inventory_turnover_ratio": 0.32,
            "account_receivable_turnover_ratio": 1.1,
            "reinvestment_rate": 4.29,
            "research_to_sale_ratio": 15.84,
            "price_fair": 146.21,
            "eps_avg_yearly": 4.18,
            "eps_latest_yearly": 4,
            "eps_growth_yearly": 36.68
        },
        "20152": {
            "year_quarter": 20152,
            "year": 2015,
            "quarter": 2,
            "eps": 0.95,
            "eps_growth_year": -22.83,
            "eps_4q": 3.51,
            "eps_4q_growth_year": -14.72,
            "roe": 4.69,
            "roe_4q": 16.84,
            "gross_profit": 843434,
            "gross_margin": 45.57,
            "gross_margin_4q_avg": 45.11,
            "net_income": 413661,
            "net_income_4q": null,
            "revenue": 1850789,
            "revenue_4q": null,
            "common_shares": null,
            "book_valuer_per_share": 12.06,
            "book_valuer_per_share_4q_avg": 12.18,
            "equity": 8909433,
            "current_ratio": 256.2,
            "debt_ratio": 37.18,
            "inventory_turnover_ratio": 0.35,
            "account_receivable_turnover_ratio": 1.07,
            "reinvestment_rate": 4.31,
            "research_to_sale_ratio": 16.17,
            "price_fair": 138.34,
            "eps_avg_yearly": 3.95,
            "eps_latest_yearly": 3.8,
            "eps_growth_yearly": 32.4
        },
        "20153": {
            "year_quarter": 20153,
            "year": 2015,
            "quarter": 3,
            "eps": 0.84,
            "eps_growth_year": 18.99,
            "eps_4q": 3.64,
            "eps_4q_growth_year": -14.83,
            "roe": 4.01,
            "roe_4q": 17.59,
            "gross_profit": 791810,
            "gross_margin": 45.41,
            "gross_margin_4q_avg": 45.54,
            "net_income": 362871,
            "net_income_4q": null,
            "revenue": 1743671,
            "revenue_4q": null,
            "common_shares": null,
            "book_valuer_per_share": 12.63,
            "book_valuer_per_share_4q_avg": 12.19,
            "equity": 9167329,
            "current_ratio": 271,
            "debt_ratio": 35.9,
            "inventory_turnover_ratio": 0.33,
            "account_receivable_turnover_ratio": 0.98,
            "reinvestment_rate": 5.96,
            "research_to_sale_ratio": 17.19,
            "price_fair": 132.91,
            "eps_avg_yearly": 3.8,
            "eps_latest_yearly": 3.36,
            "eps_growth_yearly": 34.78
        },
        "20154": {
            "year_quarter": 20154,
            "year": 2015,
            "quarter": 4,
            "eps": 0.74,
            "eps_growth_year": -11.8,
            "eps_4q": 3.54,
            "eps_4q_growth_year": -0.47,
            "roe": 3.49,
            "roe_4q": 17.080000000000002,
            "gross_profit": 721472,
            "gross_margin": 46.01,
            "gross_margin_4q_avg": 46.05,
            "net_income": 319681,
            "net_income_4q": null,
            "revenue": 1568124,
            "revenue_4q": null,
            "common_shares": null,
            "book_valuer_per_share": 12.84,
            "book_valuer_per_share_4q_avg": 12.31,
            "equity": 9172331,
            "current_ratio": 248.06,
            "debt_ratio": 36.9,
            "inventory_turnover_ratio": 0.3,
            "account_receivable_turnover_ratio": 1.05,
            "reinvestment_rate": 4.54,
            "research_to_sale_ratio": 19.03,
            "price_fair": 129.24,
            "eps_avg_yearly": 3.69,
            "eps_latest_yearly": 2.96,
            "eps_growth_yearly": 36.94
        },
        "20161": {
            "year_quarter": 20161,
            "year": 2016,
            "quarter": 1,
            "eps": 0.53,
            "eps_growth_year": -47.65,
            "eps_4q": 3.06,
            "eps_4q_growth_year": -19.17,
            "roe": 2.42,
            "roe_4q": 14.61,
            "gross_profit": 647401,
            "gross_margin": 42.61,
            "gross_margin_4q_avg": 44.9,
            "net_income": 225639,
            "net_income_4q": null,
            "revenue": 1519301,
            "revenue_4q": null,
            "common_shares": null,
            "book_valuer_per_share": 13.47,
            "book_valuer_per_share_4q_avg": 12.75,
            "equity": 9462472,
            "current_ratio": 236.73,
            "debt_ratio": 36.83,
            "inventory_turnover_ratio": 0.29,
            "account_receivable_turnover_ratio": 1.13,
            "reinvestment_rate": 5.62,
            "research_to_sale_ratio": 20.6,
            "price_fair": 123.64,
            "eps_avg_yearly": 3.53,
            "eps_latest_yearly": 2.12,
            "eps_growth_yearly": 29.63
        },
        "20162": {
            "year_quarter": 20162,
            "year": 2016,
            "quarter": 2,
            "eps": 0.92,
            "eps_growth_year": -3.16,
            "eps_4q": 3.03,
            "eps_4q_growth_year": -13.53,
            "roe": 4.25,
            "roe_4q": 14.17,
            "gross_profit": 825356,
            "gross_margin": 42.62,
            "gross_margin_4q_avg": 44.16,
            "net_income": 393864,
            "net_income_4q": null,
            "revenue": 1936592,
            "revenue_4q": null,
            "common_shares": null,
            "book_valuer_per_share": 12.69,
            "book_valuer_per_share_4q_avg": 12.91,
            "equity": 9072015,
            "current_ratio": 203.77,
            "debt_ratio": 38.74,
            "inventory_turnover_ratio": 0.36,
            "account_receivable_turnover_ratio": 1.26,
            "reinvestment_rate": 7.74,
            "research_to_sale_ratio": 15.54,
            "price_fair": 121.36,
            "eps_avg_yearly": 3.47,
            "eps_latest_yearly": 3.68,
            "eps_growth_yearly": 47.81
        },
        "20163": {
            "year_quarter": 20163,
            "year": 2016,
            "quarter": 3,
            "eps": 1.04,
            "eps_growth_year": 24.05,
            "eps_4q": 3.23,
            "eps_4q_growth_year": -11.16,
            "roe": 4.77,
            "roe_4q": 14.93,
            "gross_profit": 934445,
            "gross_margin": 45.98,
            "gross_margin_4q_avg": 44.31,
            "net_income": 443368,
            "net_income_4q": null,
            "revenue": 2032171,
            "revenue_4q": null,
            "common_shares": null,
            "book_valuer_per_share": 13.8,
            "book_valuer_per_share_4q_avg": 13.2,
            "equity": 9533933,
            "current_ratio": 281.64,
            "debt_ratio": 42.49,
            "inventory_turnover_ratio": 0.36,
            "account_receivable_turnover_ratio": 1.17,
            "reinvestment_rate": 6.92,
            "research_to_sale_ratio": 15.07,
            "price_fair": 121.01,
            "eps_avg_yearly": 3.46,
            "eps_latest_yearly": 4.16,
            "eps_growth_yearly": 53.19
        },
        "20164": {
            "year_quarter": 20164,
            "year": 2016,
            "quarter": 4,
            "eps": 1.29,
            "eps_growth_year": 73.3,
            "eps_4q": 3.78,
            "eps_4q_growth_year": 6.74,
            "roe": 5.57,
            "roe_4q": 17.009999999999998,
            "gross_profit": 952390,
            "gross_margin": 47.22,
            "gross_margin_4q_avg": 44.61,
            "net_income": 554351,
            "net_income_4q": null,
            "revenue": 2017082,
            "revenue_4q": null,
            "common_shares": null,
            "book_valuer_per_share": 8.91,
            "book_valuer_per_share_4q_avg": 12.22,
            "equity": 10385453,
            "current_ratio": 260.85,
            "debt_ratio": 42.92,
            "inventory_turnover_ratio": 0.36,
            "account_receivable_turnover_ratio": 1.31,
            "reinvestment_rate": 7.88,
            "research_to_sale_ratio": 15.07,
            "price_fair": 122.76,
            "eps_avg_yearly": 3.51,
            "eps_latest_yearly": 5.16,
            "eps_growth_yearly": 58.97
        },
        "20171": {
            "year_quarter": 20171,
            "year": 2017,
            "quarter": 1,
            "eps": 1.12,
            "eps_growth_year": 112.17,
            "eps_4q": 4.37,
            "eps_4q_growth_year": 42.68,
            "roe": 4.53,
            "roe_4q": 19.12,
            "gross_profit": 986382,
            "gross_margin": 47.57,
            "gross_margin_4q_avg": 45.85,
            "net_income": 482309,
            "net_income_4q": null,
            "revenue": 2073471,
            "revenue_4q": null,
            "common_shares": null,
            "book_valuer_per_share": 10.37,
            "book_valuer_per_share_4q_avg": 11.44,
            "equity": 10927437,
            "current_ratio": 304.99,
            "debt_ratio": 40.88,
            "inventory_turnover_ratio": 0.35,
            "account_receivable_turnover_ratio": 1.56,
            "reinvestment_rate": 3.79,
            "research_to_sale_ratio": 16.21,
            "price_fair": 129.15,
            "eps_avg_yearly": 3.69,
            "eps_latest_yearly": 4.48,
            "eps_growth_yearly": 71.73
        },
        "20172": {
            "year_quarter": 20172,
            "year": 2017,
            "quarter": 2,
            "eps": 1.23,
            "eps_growth_year": 32.8,
            "eps_4q": 4.67,
            "eps_4q_growth_year": 54.08,
            "roe": 4.75,
            "roe_4q": 19.62,
            "gross_profit": 1076407,
            "gross_margin": 45.04,
            "gross_margin_4q_avg": 46.45,
            "net_income": 530300,
            "net_income_4q": null,
            "revenue": 2389817,
            "revenue_4q": null,
            "common_shares": null,
            "book_valuer_per_share": 10.98,
            "book_valuer_per_share_4q_avg": 11.02,
            "equity": 11409574,
            "current_ratio": 257.33,
            "debt_ratio": 41.91,
            "inventory_turnover_ratio": 0.39,
            "account_receivable_turnover_ratio": 1.43,
            "reinvestment_rate": 19.87,
            "research_to_sale_ratio": 14.88,
            "price_fair": 134.05,
            "eps_avg_yearly": 3.83,
            "eps_latest_yearly": 4.92,
            "eps_growth_yearly": 56.24
        },
        "20173": {
            "year_quarter": 20173,
            "year": 2017,
            "quarter": 3,
            "eps": 1.51,
            "eps_growth_year": 44.96,
            "eps_4q": 5.14,
            "eps_4q_growth_year": 58.94,
            "roe": 5.54,
            "roe_4q": 20.39,
            "gross_profit": 1228419,
            "gross_margin": 42.88,
            "gross_margin_4q_avg": 45.68,
            "net_income": 652074,
            "net_income_4q": null,
            "revenue": 2864633,
            "revenue_4q": null,
            "common_shares": null,
            "book_valuer_per_share": 12.71,
            "book_valuer_per_share_4q_avg": 10.74,
            "equity": 12110722,
            "current_ratio": 278.86,
            "debt_ratio": 40.86,
            "inventory_turnover_ratio": 0.46,
            "account_receivable_turnover_ratio": 1.4,
            "reinvestment_rate": 18.7,
            "research_to_sale_ratio": 12.85,
            "price_fair": 142.54,
            "eps_avg_yearly": 4.07,
            "eps_latest_yearly": 6.04,
            "eps_growth_yearly": 66.78
        },
        "20174": {
            "year_quarter": 20174,
            "year": 2017,
            "quarter": 4,
            "eps": 1.65,
            "eps_growth_year": 28.05,
            "eps_4q": 5.5,
            "eps_4q_growth_year": 45.57,
            "roe": 5.83,
            "roe_4q": 20.650000000000002,
            "gross_profit": 1321422,
            "gross_margin": 44.51,
            "gross_margin_4q_avg": 45,
            "net_income": 730532,
            "net_income_4q": null,
            "revenue": 2968634,
            "revenue_4q": null,
            "common_shares": null,
            "book_valuer_per_share": 14.25,
            "book_valuer_per_share_4q_avg": 12.08,
            "equity": 12950323,
            "current_ratio": 280.31,
            "debt_ratio": 40.75,
            "inventory_turnover_ratio": 0.47,
            "account_receivable_turnover_ratio": 1.25,
            "reinvestment_rate": 21.73,
            "research_to_sale_ratio": 12.85,
            "price_fair": 130.53,
            "eps_avg_yearly": 4.1,
            "eps_latest_yearly": 6.6,
            "eps_growth_yearly": 21.87
        },
        "20181": {
            "year_quarter": 20181,
            "year": 2018,
            "quarter": 1,
            "eps": 1.55,
            "eps_growth_year": 38.79,
            "eps_4q": 5.94,
            "eps_4q_growth_year": 35.83,
            "roe": 5.16,
            "roe_4q": 21.28,
            "gross_profit": 1370229,
            "gross_margin": 48.73,
            "gross_margin_4q_avg": 45.29,
            "net_income": 685791,
            "net_income_4q": null,
            "revenue": 2811830,
            "revenue_4q": null,
            "common_shares": null,
            "book_valuer_per_share": 15.47,
            "book_valuer_per_share_4q_avg": 13.35,
            "equity": 13612086,
            "current_ratio": 294.13,
            "debt_ratio": 40.67,
            "inventory_turnover_ratio": 0.38,
            "account_receivable_turnover_ratio": 1.08,
            "reinvestment_rate": 20.41,
            "research_to_sale_ratio": 15.63,
            "price_fair": 150.15,
            "eps_avg_yearly": 4.29,
            "eps_latest_yearly": 6.2,
            "eps_growth_yearly": 33.02
        },
        "20182": {
            "year_quarter": 20182,
            "year": 2018,
            "quarter": 2,
            "eps": 1.59,
            "eps_growth_year": 29.54,
            "eps_4q": 6.3,
            "eps_4q_growth_year": 34.77,
            "roe": 5.15,
            "roe_4q": 21.68,
            "gross_profit": 1380626,
            "gross_margin": 43.31,
            "gross_margin_4q_avg": 44.86,
            "net_income": 674319,
            "net_income_4q": null,
            "revenue": 3187688,
            "revenue_4q": null,
            "common_shares": null,
            "book_valuer_per_share": 14.02,
            "book_valuer_per_share_4q_avg": 14.11,
            "equity": 12588599,
            "current_ratio": 272.54,
            "debt_ratio": 42.25,
            "inventory_turnover_ratio": 0.47,
            "account_receivable_turnover_ratio": 1.19,
            "reinvestment_rate": 18.32,
            "research_to_sale_ratio": 13.87,
            "price_fair": 124.34,
            "eps_avg_yearly": 4.38,
            "eps_latest_yearly": 6.36,
            "eps_growth_yearly": 18.4
        },
        "20183": {
            "year_quarter": 20183,
            "year": 2018,
            "quarter": 3,
            "eps": 1.85,
            "eps_growth_year": 22.46,
            "eps_4q": 6.64,
            "eps_4q_growth_year": 29.1,
            "roe": 6.17,
            "roe_4q": 22.310000000000002,
            "gross_profit": 1545676,
            "gross_margin": 48.12,
            "gross_margin_4q_avg": 46.17,
            "net_income": 786896,
            "net_income_4q": null,
            "revenue": 3212031,
            "revenue_4q": null,
            "common_shares": null,
            "book_valuer_per_share": 14.9,
            "book_valuer_per_share_4q_avg": 14.66,
            "equity": 12905513,
            "current_ratio": 279.55,
            "debt_ratio": 42.68,
            "inventory_turnover_ratio": 0.43,
            "account_receivable_turnover_ratio": 1.06,
            "reinvestment_rate": 16.93,
            "research_to_sale_ratio": 14.28,
            "price_fair": 163.19,
            "eps_avg_yearly": 4.66,
            "eps_latest_yearly": 7.4,
            "eps_growth_yearly": 33.18
        },
        "20184": {
            "year_quarter": 20184,
            "year": 2018,
            "quarter": 4,
            "eps": 2.13,
            "eps_growth_year": 28.81,
            "eps_4q": 7.11,
            "eps_4q_growth_year": 29.25,
            "roe": 6.7,
            "roe_4q": 23.180000000000003,
            "gross_profit": 1593471,
            "gross_margin": 44.32,
            "gross_margin_4q_avg": 46.12,
            "net_income": 878931,
            "net_income_4q": null,
            "revenue": 3595004,
            "revenue_4q": null,
            "common_shares": null,
            "book_valuer_per_share": 16.29,
            "book_valuer_per_share_4q_avg": 15.17,
            "equity": 13317246,
            "current_ratio": 277.73,
            "debt_ratio": 42.19,
            "inventory_turnover_ratio": 0.51,
            "account_receivable_turnover_ratio": 1.2,
            "reinvestment_rate": 16.08,
            "research_to_sale_ratio": 14.08,
            "price_fair": 174.48,
            "eps_avg_yearly": 4.99,
            "eps_latest_yearly": 8.52,
            "eps_growth_yearly": 32.38
        },
        "20191": {
            "year_quarter": 20191,
            "year": 2019,
            "quarter": 1,
            "eps": 0.94,
            "eps_growth_year": -39.14,
            "eps_4q": 6.51,
            "eps_4q_growth_year": 9.62,
            "roe": 2.88,
            "roe_4q": 20.9,
            "gross_profit": 1039620,
            "gross_margin": 41.63,
            "gross_margin_4q_avg": 44.35,
            "net_income": 384704,
            "net_income_4q": null,
            "revenue": 2497216,
            "revenue_4q": null,
            "common_shares": null,
            "book_valuer_per_share": 16.9,
            "book_valuer_per_share_4q_avg": 15.53,
            "equity": 13404934,
            "current_ratio": 279.38,
            "debt_ratio": 41.23,
            "inventory_turnover_ratio": 0.36,
            "account_receivable_turnover_ratio": 0.9,
            "reinvestment_rate": 15.6,
            "research_to_sale_ratio": 21.21,
            "price_fair": 117.57,
            "eps_avg_yearly": 4.97,
            "eps_latest_yearly": 3.76,
            "eps_growth_yearly": 13.66
        },
        "20192": {
            "year_quarter": 20192,
            "year": 2019,
            "quarter": 2,
            "eps": 1.27,
            "eps_growth_year": -19.87,
            "eps_4q": 6.19,
            "eps_4q_growth_year": -1.7,
            "roe": 4,
            "roe_4q": 19.75,
            "gross_profit": 1246666,
            "gross_margin": 43.04,
            "gross_margin_4q_avg": 44.28,
            "net_income": 528242,
            "net_income_4q": null,
            "revenue": 2896591,
            "revenue_4q": null,
            "common_shares": null,
            "book_valuer_per_share": 15.7,
            "book_valuer_per_share_4q_avg": 15.95,
            "equity": 13023098,
            "current_ratio": 267.98,
            "debt_ratio": 42.37,
            "inventory_turnover_ratio": 0.38,
            "account_receivable_turnover_ratio": 0.96,
            "reinvestment_rate": 17,
            "research_to_sale_ratio": 18.98,
            "price_fair": 170.1,
            "eps_avg_yearly": 5.05,
            "eps_latest_yearly": 5.08,
            "eps_growth_yearly": 23.68
        },
        "20193": {
            "year_quarter": 20193,
            "year": 2019,
            "quarter": 3,
            "eps": 1.62,
            "eps_growth_year": -12.45,
            "eps_4q": 5.96,
            "eps_4q_growth_year": -10.18,
            "roe": 5.12,
            "roe_4q": 18.7,
            "gross_profit": 1422395,
            "gross_margin": 43.74,
            "gross_margin_4q_avg": 43.18,
            "net_income": 669824,
            "net_income_4q": null,
            "revenue": 3251671,
            "revenue_4q": null,
            "common_shares": null,
            "book_valuer_per_share": 16.56,
            "book_valuer_per_share_4q_avg": 16.36,
            "equity": 13142893,
            "current_ratio": 271.89,
            "debt_ratio": 41.68,
            "inventory_turnover_ratio": 0.42,
            "account_receivable_turnover_ratio": 0.97,
            "reinvestment_rate": 17.84,
            "research_to_sale_ratio": 16.48,
            "price_fair": 183.58,
            "eps_avg_yearly": 5.25,
            "eps_latest_yearly": 6.48,
            "eps_growth_yearly": 33.47
        },
        "20194": {
            "year_quarter": 20194,
            "year": 2019,
            "quarter": 4,
            "eps": 3.02,
            "eps_growth_year": 41.82,
            "eps_4q": 6.85,
            "eps_4q_growth_year": -3.68,
            "roe": 9.43,
            "roe_4q": 21.43,
            "gross_profit": 2173358,
            "gross_margin": 48.07,
            "gross_margin_4q_avg": 44.12,
            "net_income": 1285128,
            "net_income_4q": null,
            "revenue": 4521696,
            "revenue_4q": null,
            "common_shares": null,
            "book_valuer_per_share": 18.54,
            "book_valuer_per_share_4q_avg": 16.93,
            "equity": 14106160,
            "current_ratio": 258.43,
            "debt_ratio": 44.36,
            "inventory_turnover_ratio": 0.55,
            "account_receivable_turnover_ratio": 1.35,
            "reinvestment_rate": 17.51,
            "research_to_sale_ratio": 12.78,
            "price_fair": 203.53,
            "eps_avg_yearly": 5.82,
            "eps_latest_yearly": 12.08,
            "eps_growth_yearly": 58.05
        },
        "20201": {
            "year_quarter": 20201,
            "year": 2020,
            "quarter": 1,
            "eps": 1.03,
            "eps_growth_year": 8.9,
            "eps_4q": 6.94,
            "eps_4q_growth_year": 6.58,
            "roe": 2.9,
            "roe_4q": 21.45,
            "gross_profit": 1214481,
            "gross_margin": 45.13,
            "gross_margin_4q_avg": 45,
            "net_income": 404459,
            "net_income_4q": null,
            "revenue": 2691176,
            "revenue_4q": null,
            "common_shares": null,
            "book_valuer_per_share": 18.13,
            "book_valuer_per_share_4q_avg": 17.23,
            "equity": 13811162,
            "current_ratio": 271.52,
            "debt_ratio": 46.19,
            "inventory_turnover_ratio": 0.33,
            "account_receivable_turnover_ratio": 0.79,
            "reinvestment_rate": 17.54,
            "research_to_sale_ratio": 22.29,
            "price_fair": 207.9,
            "eps_avg_yearly": 5.94,
            "eps_latest_yearly": 4.12,
            "eps_growth_yearly": 48.67
        },
        "20202": {
            "year_quarter": 20202,
            "year": 2020,
            "quarter": 2,
            "eps": 2.01,
            "eps_growth_year": 58.23,
            "eps_4q": 7.68,
            "eps_4q_growth_year": 23.98,
            "roe": 5.86,
            "roe_4q": 23.31,
            "gross_profit": 1801660,
            "gross_margin": 48.21,
            "gross_margin_4q_avg": 46.29,
            "net_income": 822165,
            "net_income_4q": null,
            "revenue": 3737388,
            "revenue_4q": null,
            "common_shares": null,
            "book_valuer_per_share": 19.01,
            "book_valuer_per_share_4q_avg": 18.06,
            "equity": 14271908,
            "current_ratio": 291.34,
            "debt_ratio": 47.75,
            "inventory_turnover_ratio": 0.38,
            "account_receivable_turnover_ratio": 0.99,
            "reinvestment_rate": 18.95,
            "research_to_sale_ratio": 17.05,
            "price_fair": 217.44,
            "eps_avg_yearly": 6.21,
            "eps_latest_yearly": 8.04,
            "eps_growth_yearly": 54.06
        },
        "20203": {
            "year_quarter": 20203,
            "year": 2020,
            "quarter": 3,
            "eps": 2.96,
            "eps_growth_year": 82.67,
            "eps_4q": 9.01,
            "eps_4q_growth_year": 51.21,
            "roe": 8.02,
            "roe_4q": 26.209999999999997,
            "gross_profit": 2196478,
            "gross_margin": 47.53,
            "gross_margin_4q_avg": 47.24,
            "net_income": 1215336,
            "net_income_4q": null,
            "revenue": 4620846,
            "revenue_4q": null,
            "common_shares": null,
            "book_valuer_per_share": 22.71,
            "book_valuer_per_share_4q_avg": 19.6,
            "equity": 16043956,
            "current_ratio": 291.55,
            "debt_ratio": 46.03,
            "inventory_turnover_ratio": 0.46,
            "account_receivable_turnover_ratio": 0.98,
            "reinvestment_rate": 19.51,
            "research_to_sale_ratio": 13.49,
            "price_fair": 234.24,
            "eps_avg_yearly": 6.69,
            "eps_latest_yearly": 11.84,
            "eps_growth_yearly": 62.61
        },
        "20204": {
            "year_quarter": 20204,
            "year": 2020,
            "quarter": 4,
            "eps": 3.98,
            "eps_growth_year": 31.82,
            "eps_4q": 9.97,
            "eps_4q_growth_year": 45.59,
            "roe": 9.85,
            "roe_4q": 26.629999999999995,
            "gross_profit": 2719754,
            "gross_margin": 51.98,
            "gross_margin_4q_avg": 48.21,
            "net_income": 1630475,
            "net_income_4q": null,
            "revenue": 5232623,
            "revenue_4q": null,
            "common_shares": null,
            "book_valuer_per_share": 24.18,
            "book_valuer_per_share_4q_avg": 21.01,
            "equity": 17054303,
            "current_ratio": 241.24,
            "debt_ratio": 49.15,
            "inventory_turnover_ratio": 0.46,
            "account_receivable_turnover_ratio": 1.1,
            "reinvestment_rate": 22.18,
            "research_to_sale_ratio": 13.07,
            "price_fair": 257.78,
            "eps_avg_yearly": 7.37,
            "eps_latest_yearly": 15.92,
            "eps_growth_yearly": 65.22
        },
        "20211": {
            "year_quarter": 20211,
            "year": 2021,
            "quarter": 1,
            "eps": 3.78,
            "eps_growth_year": 268.72,
            "eps_4q": 12.73,
            "eps_4q_growth_year": 83.59,
            "roe": 9.4,
            "roe_4q": 33.13,
            "gross_profit": 2779831,
            "gross_margin": 53.91,
            "gross_margin_4q_avg": 50.41,
            "net_income": 1557717,
            "net_income_4q": null,
            "revenue": 5156821,
            "revenue_4q": null,
            "common_shares": null,
            "book_valuer_per_share": 22.86,
            "book_valuer_per_share_4q_avg": 22.19,
            "equity": 16105271,
            "current_ratio": 230.64,
            "debt_ratio": 49.93,
            "inventory_turnover_ratio": 0.42,
            "account_receivable_turnover_ratio": 1,
            "reinvestment_rate": 10.87,
            "research_to_sale_ratio": 14.29,
            "price_fair": 281.05,
            "eps_avg_yearly": 8.03,
            "eps_latest_yearly": 15.12,
            "eps_growth_yearly": 67.26
        },
        "20212": {
            "year_quarter": 20212,
            "year": 2021,
            "quarter": 2,
            "eps": 2.99,
            "eps_growth_year": 48.42,
            "eps_4q": 13.71,
            "eps_4q_growth_year": 78.57,
            "roe": 7.99,
            "roe_4q": 35.260000000000005,
            "gross_profit": 2425713,
            "gross_margin": 50.86,
            "gross_margin_4q_avg": 51.07,
            "net_income": 1216060,
            "net_income_4q": null,
            "revenue": 4769565,
            "revenue_4q": null,
            "common_shares": null,
            "book_valuer_per_share": 18.66,
            "book_valuer_per_share_4q_avg": 22.1,
            "equity": 14347491,
            "current_ratio": 191.22,
            "debt_ratio": 56.52,
            "inventory_turnover_ratio": 0.4,
            "account_receivable_turnover_ratio": 0.76,
            "reinvestment_rate": 10.71,
            "research_to_sale_ratio": 15.77,
            "price_fair": 296.45,
            "eps_avg_yearly": 8.47,
            "eps_latest_yearly": 11.96,
            "eps_growth_yearly": 59.58
        },
        "20213": {
            "year_quarter": 20213,
            "year": 2021,
            "quarter": 3,
            "eps": 4.95,
            "eps_growth_year": 67.36,
            "eps_4q": 15.7,
            "eps_4q_growth_year": 74.16,
            "roe": 13.73,
            "roe_4q": 40.97,
            "gross_profit": 3149833,
            "gross_margin": 51.73,
            "gross_margin_4q_avg": 52.12,
            "net_income": 1902748,
            "net_income_4q": null,
            "revenue": 6088818,
            "revenue_4q": null,
            "common_shares": null,
            "book_valuer_per_share": 16.69,
            "book_valuer_per_share_4q_avg": 20.6,
            "equity": 13362338,
            "current_ratio": 171.11,
            "debt_ratio": 57.86,
            "inventory_turnover_ratio": 0.5,
            "account_receivable_turnover_ratio": 1,
            "reinvestment_rate": 8.05,
            "research_to_sale_ratio": 11.62,
            "price_fair": 326.55,
            "eps_avg_yearly": 9.33,
            "eps_latest_yearly": 19.8,
            "eps_growth_yearly": 70.27
        },
        "20214": {
            "year_quarter": 20214,
            "year": 2021,
            "quarter": 4,
            "eps": 4.45,
            "eps_growth_year": 11.99,
            "eps_4q": 16.18,
            "eps_4q_growth_year": 62.17,
            "roe": 15.52,
            "roe_4q": 46.64,
            "gross_profit": 3058438,
            "gross_margin": 54.17,
            "gross_margin_4q_avg": 52.67,
            "net_income": 1928653,
            "net_income_4q": null,
            "revenue": 5646207,
            "revenue_4q": null,
            "common_shares": null,
            "book_valuer_per_share": 13.03,
            "book_valuer_per_share_4q_avg": 17.81,
            "equity": 11484260,
            "current_ratio": 147.91,
            "debt_ratio": 66.46,
            "inventory_turnover_ratio": 0.45,
            "account_receivable_turnover_ratio": 1.03,
            "reinvestment_rate": 7.9,
            "research_to_sale_ratio": 13.65,
            "price_fair": 351.05,
            "eps_avg_yearly": 10.03,
            "eps_latest_yearly": 17.8,
            "eps_growth_yearly": 65.43
        },
        "20221": {
            "year_quarter": 20221,
            "year": 2022,
            "quarter": 1,
            "eps": 1.9,
            "eps_growth_year": -49.77,
            "eps_4q": 14.29,
            "eps_4q_growth_year": 12.26,
            "roe": 6.79,
            "roe_4q": 44.03,
            "gross_profit": 1899807,
            "gross_margin": 48.98,
            "gross_margin_4q_avg": 51.44,
            "net_income": 718437,
            "net_income_4q": null,
            "revenue": 3879075,
            "revenue_4q": null,
            "common_shares": null,
            "book_valuer_per_share": 9.08,
            "book_valuer_per_share_4q_avg": 14.37,
            "equity": 9669590,
            "current_ratio": 133.76,
            "debt_ratio": 70.86,
            "inventory_turnover_ratio": 0.32,
            "account_receivable_turnover_ratio": 0.67,
            "reinvestment_rate": 9.41,
            "research_to_sale_ratio": 20.9,
            "price_fair": 354.11,
            "eps_avg_yearly": 10.12,
            "eps_latest_yearly": 7.6,
            "eps_growth_yearly": 52.62
        },
        "20222": {
            "year_quarter": 20222,
            "year": 2022,
            "quarter": 2,
            "eps": 3.69,
            "eps_growth_year": 23.52,
            "eps_4q": 15,
            "eps_4q_growth_year": 9.4,
            "roe": 16.51,
            "roe_4q": 52.55,
            "gross_profit": 2779766,
            "gross_margin": 49.07,
            "gross_margin_4q_avg": 50.99,
            "net_income": 1456808,
            "net_income_4q": null,
            "revenue": 5665423,
            "revenue_4q": null,
            "common_shares": null,
            "book_valuer_per_share": 5.69,
            "book_valuer_per_share_4q_avg": 11.12,
            "equity": 7979478,
            "current_ratio": 135.51,
            "debt_ratio": 76.03,
            "inventory_turnover_ratio": 0.43,
            "account_receivable_turnover_ratio": 0.79,
            "reinvestment_rate": 9.16,
            "research_to_sale_ratio": 14.53,
            "price_fair": 372.49,
            "eps_avg_yearly": 10.64,
            "eps_latest_yearly": 14.76,
            "eps_growth_yearly": 75.53
        },
        "20223": {
            "year_quarter": 20223,
            "year": 2022,
            "quarter": 3,
            "eps": 4.22,
            "eps_growth_year": -14.73,
            "eps_4q": 14.27,
            "eps_4q_growth_year": -9.12,
            "roe": 20.8,
            "roe_4q": 59.620000000000005,
            "gross_profit": 2943795,
            "gross_margin": 51.81,
            "gross_margin_4q_avg": 51.01,
            "net_income": 1643538,
            "net_income_4q": null,
            "revenue": 5681976,
            "revenue_4q": null,
            "common_shares": null,
            "book_valuer_per_share": 6.18,
            "book_valuer_per_share_4q_avg": 8.5,
            "equity": 7822488,
            "current_ratio": 125.9,
            "debt_ratio": 75.75,
            "inventory_turnover_ratio": 0.41,
            "account_receivable_turnover_ratio": 0.73,
            "reinvestment_rate": 9.12,
            "research_to_sale_ratio": 14.18,
            "price_fair": 393.23,
            "eps_avg_yearly": 11.24,
            "eps_latest_yearly": 16.88,
            "eps_growth_yearly": 75.03
        },
        "20224": {
            "year_quarter": 20224,
            "year": 2022,
            "quarter": 4,
            "eps": 4.97,
            "eps_growth_year": 11.47,
            "eps_4q": 14.78,
            "eps_4q_growth_year": -8.64,
            "roe": 21.9,
            "roe_4q": 66.00000000000001,
            "gross_profit": 3550940,
            "gross_margin": 51.49,
            "gross_margin_4q_avg": 50.34,
            "net_income": 1891676,
            "net_income_4q": null,
            "revenue": 6896390,
            "revenue_4q": null,
            "common_shares": null,
            "book_valuer_per_share": 9.09,
            "book_valuer_per_share_4q_avg": 7.51,
            "equity": 9449583,
            "current_ratio": 128.26,
            "debt_ratio": 75.73,
            "inventory_turnover_ratio": 0.46,
            "account_receivable_turnover_ratio": 0.92,
            "reinvestment_rate": 12.46,
            "research_to_sale_ratio": 14.09,
            "price_fair": 418.08,
            "eps_avg_yearly": 11.95,
            "eps_latest_yearly": 19.88,
            "eps_growth_yearly": 75.69
        },
        "20231": {
            "year_quarter": 20231,
            "year": 2023,
            "quarter": 1,
            "eps": 5.4,
            "eps_growth_year": 184.28,
            "eps_4q": 18.28,
            "eps_4q_growth_year": 27.9,
            "roe": 20.75,
            "roe_4q": 79.96000000000001,
            "gross_profit": 3722675,
            "gross_margin": 50.59,
            "gross_margin_4q_avg": 50.74,
            "net_income": 2088197,
            "net_income_4q": null,
            "revenue": 7357878,
            "revenue_4q": null,
            "common_shares": null,
            "book_valuer_per_share": 12.21,
            "book_valuer_per_share_4q_avg": 8.29,
            "equity": 10673624,
            "current_ratio": 124.27,
            "debt_ratio": 72.16,
            "inventory_turnover_ratio": 0.46,
            "account_receivable_turnover_ratio": 1.12,
            "reinvestment_rate": 13.98,
            "research_to_sale_ratio": 14.05,
            "price_fair": 457.1,
            "eps_avg_yearly": 13.06,
            "eps_latest_yearly": 21.6,
            "eps_growth_yearly": 91.82
        }
    },
    "months": {
        "2001-01": {
            "month": "2001-01",
            "price": "39.08",
            "revenue": 0
        },
        "2001-02": {
            "month": "2001-02",
            "price": "35.21",
            "revenue": 0
        },
        "2001-03": {
            "month": "2001-03",
            "price": "33.24",
            "revenue": 0
        },
        "2001-04": {
            "month": "2001-04",
            "price": "35.02",
            "revenue": 0
        },
        "2001-05": {
            "month": "2001-05",
            "price": "37.54",
            "revenue": 0
        },
        "2001-06": {
            "month": "2001-06",
            "price": "33.59",
            "revenue": 0
        },
        "2001-07": {
            "month": "2001-07",
            "price": "29.77",
            "revenue": 0
        },
        "2001-08": {
            "month": "2001-08",
            "price": "28.83",
            "revenue": 0
        },
        "2001-09": {
            "month": "2001-09",
            "price": "18.81",
            "revenue": 0
        },
        "2001-10": {
            "month": "2001-10",
            "price": "20.00",
            "revenue": 0
        },
        "2001-11": {
            "month": "2001-11",
            "price": "25.51",
            "revenue": 0
        },
        "2001-12": {
            "month": "2001-12",
            "price": "26.22",
            "revenue": 0
        },
        "2002-01": {
            "month": "2002-01",
            "price": "27.82",
            "revenue": 0
        },
        "2002-02": {
            "month": "2002-02",
            "price": "28.13",
            "revenue": 0
        },
        "2002-03": {
            "month": "2002-03",
            "price": "34.79",
            "revenue": 0
        },
        "2002-04": {
            "month": "2002-04",
            "price": "34.17",
            "revenue": 0
        },
        "2002-05": {
            "month": "2002-05",
            "price": "29.94",
            "revenue": 0
        },
        "2002-06": {
            "month": "2002-06",
            "price": "23.01",
            "revenue": 0
        },
        "2002-07": {
            "month": "2002-07",
            "price": "19.94",
            "revenue": 0
        },
        "2002-08": {
            "month": "2002-08",
            "price": "16.13",
            "revenue": 0
        },
        "2002-09": {
            "month": "2002-09",
            "price": "11.02",
            "revenue": 0
        },
        "2002-10": {
            "month": "2002-10",
            "price": "10.48",
            "revenue": 0
        },
        "2002-11": {
            "month": "2002-11",
            "price": "14.25",
            "revenue": 0
        },
        "2002-12": {
            "month": "2002-12",
            "price": "13.31",
            "revenue": 0
        },
        "2003-01": {
            "month": "2003-01",
            "price": "12.51",
            "revenue": 0
        },
        "2003-02": {
            "month": "2003-02",
            "price": "10.84",
            "revenue": 0
        },
        "2003-03": {
            "month": "2003-03",
            "price": "10.35",
            "revenue": 0
        },
        "2003-04": {
            "month": "2003-04",
            "price": "11.04",
            "revenue": 0
        },
        "2003-05": {
            "month": "2003-05",
            "price": "13.18",
            "revenue": 0
        },
        "2003-06": {
            "month": "2003-06",
            "price": "14.65",
            "revenue": 0
        },
        "2003-07": {
            "month": "2003-07",
            "price": "17.35",
            "revenue": 0
        },
        "2003-08": {
            "month": "2003-08",
            "price": "20.16",
            "revenue": 0
        },
        "2003-09": {
            "month": "2003-09",
            "price": "21.71",
            "revenue": 0
        },
        "2003-10": {
            "month": "2003-10",
            "price": "22.74",
            "revenue": 0
        },
        "2003-11": {
            "month": "2003-11",
            "price": "26.50",
            "revenue": 0
        },
        "2003-12": {
            "month": "2003-12",
            "price": "28.03",
            "revenue": 0
        },
        "2004-01": {
            "month": "2004-01",
            "price": "30.64",
            "revenue": 0
        },
        "2004-02": {
            "month": "2004-02",
            "price": "28.53",
            "revenue": 0
        },
        "2004-03": {
            "month": "2004-03",
            "price": "26.23",
            "revenue": 0
        },
        "2004-04": {
            "month": "2004-04",
            "price": "25.78",
            "revenue": 0
        },
        "2004-05": {
            "month": "2004-05",
            "price": "23.34",
            "revenue": 0
        },
        "2004-06": {
            "month": "2004-06",
            "price": "24.22",
            "revenue": 0
        },
        "2004-07": {
            "month": "2004-07",
            "price": "22.12",
            "revenue": 0
        },
        "2004-08": {
            "month": "2004-08",
            "price": "19.55",
            "revenue": 0
        },
        "2004-09": {
            "month": "2004-09",
            "price": "19.61",
            "revenue": 0
        },
        "2004-10": {
            "month": "2004-10",
            "price": "19.72",
            "revenue": 0
        },
        "2004-11": {
            "month": "2004-11",
            "price": "22.27",
            "revenue": 0
        },
        "2004-12": {
            "month": "2004-12",
            "price": "23.17",
            "revenue": 0
        },
        "2005-01": {
            "month": "2005-01",
            "price": "22.16",
            "revenue": 0
        },
        "2005-02": {
            "month": "2005-02",
            "price": "25.41",
            "revenue": 0
        },
        "2005-03": {
            "month": "2005-03",
            "price": "25.27",
            "revenue": 0
        },
        "2005-04": {
            "month": "2005-04",
            "price": "22.71",
            "revenue": 0
        },
        "2005-05": {
            "month": "2005-05",
            "price": "22.83",
            "revenue": 0
        },
        "2005-06": {
            "month": "2005-06",
            "price": "23.85",
            "revenue": 0
        },
        "2005-07": {
            "month": "2005-07",
            "price": "24.85",
            "revenue": 0
        },
        "2005-08": {
            "month": "2005-08",
            "price": "25.26",
            "revenue": 0
        },
        "2005-09": {
            "month": "2005-09",
            "price": "24.53",
            "revenue": 0
        },
        "2005-10": {
            "month": "2005-10",
            "price": "24.65",
            "revenue": 0
        },
        "2005-11": {
            "month": "2005-11",
            "price": "27.17",
            "revenue": 0
        },
        "2005-12": {
            "month": "2005-12",
            "price": "29.06",
            "revenue": 0
        },
        "2006-01": {
            "month": "2006-01",
            "price": "31.84",
            "revenue": 0
        },
        "2006-02": {
            "month": "2006-02",
            "price": "32.09",
            "revenue": 0
        },
        "2006-03": {
            "month": "2006-03",
            "price": "29.59",
            "revenue": 0
        },
        "2006-04": {
            "month": "2006-04",
            "price": "30.54",
            "revenue": 0
        },
        "2006-05": {
            "month": "2006-05",
            "price": "29.95",
            "revenue": 0
        },
        "2006-06": {
            "month": "2006-06",
            "price": "29.06",
            "revenue": 0
        },
        "2006-07": {
            "month": "2006-07",
            "price": "28.20",
            "revenue": 0
        },
        "2006-08": {
            "month": "2006-08",
            "price": "30.06",
            "revenue": 0
        },
        "2006-09": {
            "month": "2006-09",
            "price": "33.11",
            "revenue": 0
        },
        "2006-10": {
            "month": "2006-10",
            "price": "33.92",
            "revenue": 0
        },
        "2006-11": {
            "month": "2006-11",
            "price": "35.39",
            "revenue": 0
        },
        "2006-12": {
            "month": "2006-12",
            "price": "36.22",
            "revenue": 0
        },
        "2007-01": {
            "month": "2007-01",
            "price": "36.53",
            "revenue": 0
        },
        "2007-02": {
            "month": "2007-02",
            "price": "37.08",
            "revenue": 0
        },
        "2007-03": {
            "month": "2007-03",
            "price": "34.78",
            "revenue": 0
        },
        "2007-04": {
            "month": "2007-04",
            "price": "38.64",
            "revenue": 0
        },
        "2007-05": {
            "month": "2007-05",
            "price": "37.87",
            "revenue": 0
        },
        "2007-06": {
            "month": "2007-06",
            "price": "38.64",
            "revenue": 0
        },
        "2007-07": {
            "month": "2007-07",
            "price": "42.58",
            "revenue": 0
        },
        "2007-08": {
            "month": "2007-08",
            "price": "41.66",
            "revenue": 0
        },
        "2007-09": {
            "month": "2007-09",
            "price": "45.66",
            "revenue": 0
        },
        "2007-10": {
            "month": "2007-10",
            "price": "43.64",
            "revenue": 0
        },
        "2007-11": {
            "month": "2007-11",
            "price": "43.75",
            "revenue": 0
        },
        "2007-12": {
            "month": "2007-12",
            "price": "43.16",
            "revenue": 0
        },
        "2008-01": {
            "month": "2008-01",
            "price": "35.69",
            "revenue": 0
        },
        "2008-02": {
            "month": "2008-02",
            "price": "32.76",
            "revenue": 0
        },
        "2008-03": {
            "month": "2008-03",
            "price": "30.66",
            "revenue": 0
        },
        "2008-04": {
            "month": "2008-04",
            "price": "34.82",
            "revenue": 0
        },
        "2008-05": {
            "month": "2008-05",
            "price": "38.37",
            "revenue": 0
        },
        "2008-06": {
            "month": "2008-06",
            "price": "34.76",
            "revenue": 0
        },
        "2008-07": {
            "month": "2008-07",
            "price": "30.10",
            "revenue": 0
        },
        "2008-08": {
            "month": "2008-08",
            "price": "31.08",
            "revenue": 0
        },
        "2008-09": {
            "month": "2008-09",
            "price": "26.30",
            "revenue": 0
        },
        "2008-10": {
            "month": "2008-10",
            "price": "20.70",
            "revenue": 0
        },
        "2008-11": {
            "month": "2008-11",
            "price": "20.07",
            "revenue": 0
        },
        "2008-12": {
            "month": "2008-12",
            "price": "21.07",
            "revenue": 0
        },
        "2009-01": {
            "month": "2009-01",
            "price": "21.94",
            "revenue": 0
        },
        "2009-02": {
            "month": "2009-02",
            "price": "21.50",
            "revenue": 0
        },
        "2009-03": {
            "month": "2009-03",
            "price": "21.37",
            "revenue": 0
        },
        "2009-04": {
            "month": "2009-04",
            "price": "25.23",
            "revenue": 0
        },
        "2009-05": {
            "month": "2009-05",
            "price": "26.13",
            "revenue": 0
        },
        "2009-06": {
            "month": "2009-06",
            "price": "27.22",
            "revenue": 0
        },
        "2009-07": {
            "month": "2009-07",
            "price": "30.22",
            "revenue": 0
        },
        "2009-08": {
            "month": "2009-08",
            "price": "34.10",
            "revenue": 0
        },
        "2009-09": {
            "month": "2009-09",
            "price": "37.64",
            "revenue": 0
        },
        "2009-10": {
            "month": "2009-10",
            "price": "38.23",
            "revenue": 0
        },
        "2009-11": {
            "month": "2009-11",
            "price": "38.91",
            "revenue": 0
        },
        "2009-12": {
            "month": "2009-12",
            "price": "43.31",
            "revenue": 0
        },
        "2010-01": {
            "month": "2010-01",
            "price": "43.01",
            "revenue": 0
        },
        "2010-02": {
            "month": "2010-02",
            "price": "40.94",
            "revenue": 0
        },
        "2010-03": {
            "month": "2010-03",
            "price": "44.47",
            "revenue": 0
        },
        "2010-04": {
            "month": "2010-04",
            "price": "45.57",
            "revenue": 0
        },
        "2010-05": {
            "month": "2010-05",
            "price": "38.73",
            "revenue": 0
        },
        "2010-06": {
            "month": "2010-06",
            "price": "38.03",
            "revenue": 0
        },
        "2010-07": {
            "month": "2010-07",
            "price": "40.06",
            "revenue": 0
        },
        "2010-08": {
            "month": "2010-08",
            "price": "37.71",
            "revenue": 0
        },
        "2010-09": {
            "month": "2010-09",
            "price": "36.46",
            "revenue": 0
        },
        "2010-10": {
            "month": "2010-10",
            "price": "41.09",
            "revenue": 0
        },
        "2010-11": {
            "month": "2010-11",
            "price": "43.38",
            "revenue": 0
        },
        "2010-12": {
            "month": "2010-12",
            "price": "48.13",
            "revenue": 0
        },
        "2011-01": {
            "month": "2011-01",
            "price": "50.52",
            "revenue": 0
        },
        "2011-02": {
            "month": "2011-02",
            "price": "56.70",
            "revenue": 0
        },
        "2011-03": {
            "month": "2011-03",
            "price": "55.53",
            "revenue": 0
        },
        "2011-04": {
            "month": "2011-04",
            "price": "54.15",
            "revenue": 0
        },
        "2011-05": {
            "month": "2011-05",
            "price": "51.73",
            "revenue": 0
        },
        "2011-06": {
            "month": "2011-06",
            "price": "47.66",
            "revenue": 0
        },
        "2011-07": {
            "month": "2011-07",
            "price": "47.24",
            "revenue": 0
        },
        "2011-08": {
            "month": "2011-08",
            "price": "44.38",
            "revenue": 0
        },
        "2011-09": {
            "month": "2011-09",
            "price": "45.90",
            "revenue": 0
        },
        "2011-10": {
            "month": "2011-10",
            "price": "50.67",
            "revenue": 0
        },
        "2011-11": {
            "month": "2011-11",
            "price": "51.42",
            "revenue": 0
        },
        "2011-12": {
            "month": "2011-12",
            "price": "52.89",
            "revenue": 0
        },
        "2012-01": {
            "month": "2012-01",
            "price": "54.97",
            "revenue": 0
        },
        "2012-02": {
            "month": "2012-02",
            "price": "59.32",
            "revenue": 0
        },
        "2012-03": {
            "month": "2012-03",
            "price": "61.64",
            "revenue": 0
        },
        "2012-04": {
            "month": "2012-04",
            "price": "63.91",
            "revenue": 0
        },
        "2012-05": {
            "month": "2012-05",
            "price": "61.60",
            "revenue": 0
        },
        "2012-06": {
            "month": "2012-06",
            "price": "63.01",
            "revenue": 0
        },
        "2012-07": {
            "month": "2012-07",
            "price": "69.58",
            "revenue": 0
        },
        "2012-08": {
            "month": "2012-08",
            "price": "74.52",
            "revenue": 0
        },
        "2012-09": {
            "month": "2012-09",
            "price": "71.77",
            "revenue": 0
        },
        "2012-10": {
            "month": "2012-10",
            "price": "69.67",
            "revenue": 0
        },
        "2012-11": {
            "month": "2012-11",
            "price": "71.86",
            "revenue": 0
        },
        "2012-12": {
            "month": "2012-12",
            "price": "63.33",
            "revenue": 0
        },
        "2013-01": {
            "month": "2013-01",
            "price": "68.17",
            "revenue": 0
        },
        "2013-02": {
            "month": "2013-02",
            "price": "73.75",
            "revenue": 0
        },
        "2013-03": {
            "month": "2013-03",
            "price": "69.80",
            "revenue": 0
        },
        "2013-04": {
            "month": "2013-04",
            "price": "69.82",
            "revenue": 0
        },
        "2013-05": {
            "month": "2013-05",
            "price": "78.94",
            "revenue": 0
        },
        "2013-06": {
            "month": "2013-06",
            "price": "78.78",
            "revenue": 0
        },
        "2013-07": {
            "month": "2013-07",
            "price": "86.20",
            "revenue": 0
        },
        "2013-08": {
            "month": "2013-08",
            "price": "90.71",
            "revenue": 0
        },
        "2013-09": {
            "month": "2013-09",
            "price": "93.55",
            "revenue": 0
        },
        "2013-10": {
            "month": "2013-10",
            "price": "96.19",
            "revenue": 0
        },
        "2013-11": {
            "month": "2013-11",
            "price": "90.04",
            "revenue": 0
        },
        "2013-12": {
            "month": "2013-12",
            "price": "91.47",
            "revenue": 0
        },
        "2014-01": {
            "month": "2014-01",
            "price": "88.54",
            "revenue": 0
        },
        "2014-02": {
            "month": "2014-02",
            "price": "87.40",
            "revenue": 0
        },
        "2014-03": {
            "month": "2014-03",
            "price": "90.95",
            "revenue": 0
        },
        "2014-04": {
            "month": "2014-04",
            "price": "86.26",
            "revenue": 0
        },
        "2014-05": {
            "month": "2014-05",
            "price": "82.07",
            "revenue": 0
        },
        "2014-06": {
            "month": "2014-06",
            "price": "90.54",
            "revenue": 0
        },
        "2014-07": {
            "month": "2014-07",
            "price": "90.23",
            "revenue": 0
        },
        "2014-08": {
            "month": "2014-08",
            "price": "92.94",
            "revenue": 0
        },
        "2014-09": {
            "month": "2014-09",
            "price": "99.22",
            "revenue": 0
        },
        "2014-10": {
            "month": "2014-10",
            "price": "94.68",
            "revenue": 0
        },
        "2014-11": {
            "month": "2014-11",
            "price": "102.63",
            "revenue": 0
        },
        "2014-12": {
            "month": "2014-12",
            "price": "107.42",
            "revenue": 0
        },
        "2015-01": {
            "month": "2015-01",
            "price": "104.27",
            "revenue": 0
        },
        "2015-02": {
            "month": "2015-02",
            "price": "104.31",
            "revenue": 0
        },
        "2015-03": {
            "month": "2015-03",
            "price": "106.55",
            "revenue": 0
        },
        "2015-04": {
            "month": "2015-04",
            "price": "101.88",
            "revenue": 0
        },
        "2015-05": {
            "month": "2015-05",
            "price": "109.65",
            "revenue": 0
        },
        "2015-06": {
            "month": "2015-06",
            "price": "109.08",
            "revenue": 0
        },
        "2015-07": {
            "month": "2015-07",
            "price": "101.09",
            "revenue": 0
        },
        "2015-08": {
            "month": "2015-08",
            "price": "93.14",
            "revenue": 0
        },
        "2015-09": {
            "month": "2015-09",
            "price": "89.49",
            "revenue": 0
        },
        "2015-10": {
            "month": "2015-10",
            "price": "90.16",
            "revenue": 0
        },
        "2015-11": {
            "month": "2015-11",
            "price": "93.13",
            "revenue": 0
        },
        "2015-12": {
            "month": "2015-12",
            "price": "90.12",
            "revenue": 0
        },
        "2016-01": {
            "month": "2016-01",
            "price": "85.32",
            "revenue": 0
        },
        "2016-02": {
            "month": "2016-02",
            "price": "87.51",
            "revenue": 0
        },
        "2016-03": {
            "month": "2016-03",
            "price": "96.87",
            "revenue": 0
        },
        "2016-04": {
            "month": "2016-04",
            "price": "99.05",
            "revenue": 0
        },
        "2016-05": {
            "month": "2016-05",
            "price": "95.13",
            "revenue": 0
        },
        "2016-06": {
            "month": "2016-06",
            "price": "97.69",
            "revenue": 0
        },
        "2016-07": {
            "month": "2016-07",
            "price": "102.97",
            "revenue": 0
        },
        "2016-08": {
            "month": "2016-08",
            "price": "108.26",
            "revenue": 0
        },
        "2016-09": {
            "month": "2016-09",
            "price": "106.05",
            "revenue": 0
        },
        "2016-10": {
            "month": "2016-10",
            "price": "104.80",
            "revenue": 0
        },
        "2016-11": {
            "month": "2016-11",
            "price": "103.06",
            "revenue": 0
        },
        "2016-12": {
            "month": "2016-12",
            "price": "106.36",
            "revenue": 0
        },
        "2017-01": {
            "month": "2017-01",
            "price": "117.39",
            "revenue": 0
        },
        "2017-02": {
            "month": "2017-02",
            "price": "124.34",
            "revenue": 0
        },
        "2017-03": {
            "month": "2017-03",
            "price": "126.73",
            "revenue": 0
        },
        "2017-04": {
            "month": "2017-04",
            "price": "130.95",
            "revenue": 0
        },
        "2017-05": {
            "month": "2017-05",
            "price": "134.33",
            "revenue": 0
        },
        "2017-06": {
            "month": "2017-06",
            "price": "131.72",
            "revenue": 0
        },
        "2017-07": {
            "month": "2017-07",
            "price": "143.45",
            "revenue": 0
        },
        "2017-08": {
            "month": "2017-08",
            "price": "152.98",
            "revenue": 0
        },
        "2017-09": {
            "month": "2017-09",
            "price": "163.14",
            "revenue": 0
        },
        "2017-10": {
            "month": "2017-10",
            "price": "174.53",
            "revenue": 0
        },
        "2017-11": {
            "month": "2017-11",
            "price": "181.35",
            "revenue": 0
        },
        "2017-12": {
            "month": "2017-12",
            "price": "173.35",
            "revenue": 0
        },
        "2018-01": {
            "month": "2018-01",
            "price": "192.83",
            "revenue": 0
        },
        "2018-02": {
            "month": "2018-02",
            "price": "192.17",
            "revenue": 0
        },
        "2018-03": {
            "month": "2018-03",
            "price": "205.25",
            "revenue": 0
        },
        "2018-04": {
            "month": "2018-04",
            "price": "198.68",
            "revenue": 0
        },
        "2018-05": {
            "month": "2018-05",
            "price": "198.07",
            "revenue": 0
        },
        "2018-06": {
            "month": "2018-06",
            "price": "205.77",
            "revenue": 0
        },
        "2018-07": {
            "month": "2018-07",
            "price": "206.67",
            "revenue": 0
        },
        "2018-08": {
            "month": "2018-08",
            "price": "205.91",
            "revenue": 0
        },
        "2018-09": {
            "month": "2018-09",
            "price": "187.19",
            "revenue": 0
        },
        "2018-10": {
            "month": "2018-10",
            "price": "176.75",
            "revenue": 0
        },
        "2018-11": {
            "month": "2018-11",
            "price": "171.04",
            "revenue": 0
        },
        "2018-12": {
            "month": "2018-12",
            "price": "159.35",
            "revenue": 0
        },
        "2019-01": {
            "month": "2019-01",
            "price": "163.01",
            "revenue": 0
        },
        "2019-02": {
            "month": "2019-02",
            "price": "182.84",
            "revenue": 0
        },
        "2019-03": {
            "month": "2019-03",
            "price": "185.70",
            "revenue": 0
        },
        "2019-04": {
            "month": "2019-04",
            "price": "202.24",
            "revenue": 0
        },
        "2019-05": {
            "month": "2019-05",
            "price": "196.92",
            "revenue": 0
        },
        "2019-06": {
            "month": "2019-06",
            "price": "197.28",
            "revenue": 0
        },
        "2019-07": {
            "month": "2019-07",
            "price": "218.52",
            "revenue": 0
        },
        "2019-08": {
            "month": "2019-08",
            "price": "215.66",
            "revenue": 0
        },
        "2019-09": {
            "month": "2019-09",
            "price": "243.45",
            "revenue": 0
        },
        "2019-10": {
            "month": "2019-10",
            "price": "255.49",
            "revenue": 0
        },
        "2019-11": {
            "month": "2019-11",
            "price": "270.00",
            "revenue": 0
        },
        "2019-12": {
            "month": "2019-12",
            "price": "286.30",
            "revenue": 0
        },
        "2020-01": {
            "month": "2020-01",
            "price": "296.68",
            "revenue": 0
        },
        "2020-02": {
            "month": "2020-02",
            "price": "302.43",
            "revenue": 0
        },
        "2020-03": {
            "month": "2020-03",
            "price": "257.44",
            "revenue": 0
        },
        "2020-04": {
            "month": "2020-04",
            "price": "280.81",
            "revenue": 0
        },
        "2020-05": {
            "month": "2020-05",
            "price": "304.99",
            "revenue": 0
        },
        "2020-06": {
            "month": "2020-06",
            "price": "353.56",
            "revenue": 0
        },
        "2020-07": {
            "month": "2020-07",
            "price": "380.88",
            "revenue": 0
        },
        "2020-08": {
            "month": "2020-08",
            "price": "373.22",
            "revenue": 0
        },
        "2020-09": {
            "month": "2020-09",
            "price": "366.92",
            "revenue": 0
        },
        "2020-10": {
            "month": "2020-10",
            "price": "380.08",
            "revenue": 0
        },
        "2020-11": {
            "month": "2020-11",
            "price": "412.74",
            "revenue": 0
        },
        "2020-12": {
            "month": "2020-12",
            "price": "468.89",
            "revenue": 0
        },
        "2021-01": {
            "month": "2021-01",
            "price": "530.29",
            "revenue": 0
        },
        "2021-02": {
            "month": "2021-02",
            "price": "573.10",
            "revenue": 0
        },
        "2021-03": {
            "month": "2021-03",
            "price": "559.45",
            "revenue": 0
        },
        "2021-04": {
            "month": "2021-04",
            "price": "644.02",
            "revenue": 0
        },
        "2021-05": {
            "month": "2021-05",
            "price": "644.14",
            "revenue": 0
        },
        "2021-06": {
            "month": "2021-06",
            "price": "688.43",
            "revenue": 0
        },
        "2021-07": {
            "month": "2021-07",
            "price": "713.77",
            "revenue": 0
        },
        "2021-08": {
            "month": "2021-08",
            "price": "795.80",
            "revenue": 0
        },
        "2021-09": {
            "month": "2021-09",
            "price": "848.06",
            "revenue": 0
        },
        "2021-10": {
            "month": "2021-10",
            "price": "767.07",
            "revenue": 0
        },
        "2021-11": {
            "month": "2021-11",
            "price": "832.71",
            "revenue": 0
        },
        "2021-12": {
            "month": "2021-12",
            "price": "783.89",
            "revenue": 0
        },
        "2022-01": {
            "month": "2022-01",
            "price": "713.80",
            "revenue": 0
        },
        "2022-02": {
            "month": "2022-02",
            "price": "654.99",
            "revenue": 0
        },
        "2022-03": {
            "month": "2022-03",
            "price": "643.46",
            "revenue": 0
        },
        "2022-04": {
            "month": "2022-04",
            "price": "610.89",
            "revenue": 0
        },
        "2022-05": {
            "month": "2022-05",
            "price": "549.06",
            "revenue": 0
        },
        "2022-06": {
            "month": "2022-06",
            "price": "517.10",
            "revenue": 0
        },
        "2022-07": {
            "month": "2022-07",
            "price": "488.82",
            "revenue": 0
        },
        "2022-08": {
            "month": "2022-08",
            "price": "548.73",
            "revenue": 0
        },
        "2022-09": {
            "month": "2022-09",
            "price": "460.39",
            "revenue": 0
        },
        "2022-10": {
            "month": "2022-10",
            "price": "440.98",
            "revenue": 0
        },
        "2022-11": {
            "month": "2022-11",
            "price": "548.61",
            "revenue": 0
        },
        "2022-12": {
            "month": "2022-12",
            "price": "581.82",
            "revenue": 0
        },
        "2023-01": {
            "month": "2023-01",
            "price": "638.64",
            "revenue": 0
        },
        "2023-02": {
            "month": "2023-02",
            "price": "656.32",
            "revenue": 0
        },
        "2023-03": {
            "month": "2023-03",
            "price": "633.42",
            "revenue": 0
        },
        "2023-04": {
            "month": "2023-04",
            "price": "644.93",
            "revenue": 0
        },
        "2023-05": {
            "month": "2023-05",
            "price": "670.59",
            "revenue": 0
        },
        "2023-06": {
            "month": "2023-06",
            "price": "721.20",
            "revenue": 0
        },
        "2023-07": {
            "month": "2023-07",
            "price": "714.29",
            "revenue": 0
        },
        "2023-08": {
            "month": "2023-08",
            "price": "667.94",
            "revenue": 0
        },
        "2023-09": {
            "month": "2023-09",
            "price": "609.66",
            "revenue": 0
        },
        "2023-10": {
            "month": "2023-10",
            "price": "592.74",
            "revenue": 0
        },
        "2023-11": {
            "month": "2023-11",
            "price": "664.57",
            "revenue": 0
        },
        "2023-12": {
            "month": "2023-12",
            "price": "730.18",
            "revenue": 0
        }
    }
}
