{
    "summary": {
        "stock_name": "Activision Blizzard Inc",
        "stock_id": "ATVI",
        "category": "Consumer Discretionary",
        "main_business": "Activision Blizzard, Inc.最初於1979年在美國加州註冊成立，於1992年12月在特拉華州重新註冊成立。2008年7月9日，該公司、其全資子公司Sego Merger Corporation、Vivendi和Vivendi Games, Inc.的全資子公司Vivendi S.A., VGAC LLC業務合併成一家公司，更名為動視暴雪公司。該公司是一家世界性的出版商，經營網路、個人電腦、控制檯、手持裝置和移動互動娛樂產品。通過出版公司（Activision Publishing, Inc.），該公司成為互動式軟體產品和內容的國際領先的出版商，重點放在根據內部開發的專營權和特許權協議，開發和釋出各種遊戲機、手持式平臺和個人電腦平臺上的影片遊戲。該公司目前在索尼電腦娛樂公司（Sony Computer Entertainment Inc.）的PlayStation 3，任天堂公司（Nintendo Co. Ltd.）的Wii，微軟公司（Microsoft Corporation）的Xbox 360主機系統，任天堂的雙螢幕掌上游戲機系統，PC機，蘋果iOS裝置和其他手持移動裝置提供遊戲。透過暴雪娛樂公司（Blizzard Entertainment, Inc.），該公司成為網上訂閱的大型多人線上角色扮演類遊戲的領先出版商。該公司內部也制定和釋出個人電腦上的遊戲，並在Battle.net網站上保持其專有的網遊相關服務。",
        "website_url": "https://www.activisionblizzard.com/",
        "ceo": "Robert A. Kotick",
        "pe_ratio": 33,
        "report_year_from": 1995,
        "report_year_to": 2023,
        "age": 28,
        "eps_negative_percentage": 4,
        "eps_growth_avg": {
            "last_all": 16.08,
            "last_2y": 6.08,
            "last_4y": 18.83,
            "last_8y": 13.03,
            "last_12y": 21.51,
            "last_16y": 12.53,
            "last_20y": 16.08,
            "at_2006_last_3y": 6.46,
            "at_2007_last_3y": -23.54,
            "at_2008_last_3y": -39.72,
            "at_2009_last_3y": -26.39,
            "at_2010_last_3y": 22.99,
            "at_2011_last_3y": 86.25,
            "at_2012_last_3y": 66.84,
            "at_2013_last_3y": 40.6,
            "at_2014_last_3y": 28.05,
            "at_2015_last_3y": 6.92,
            "at_2016_last_3y": 8.52,
            "at_2017_last_3y": 5.77,
            "at_2018_last_3y": 19.18,
            "at_2019_last_3y": 18.74,
            "at_2020_last_3y": 25.86,
            "at_2021_last_3y": 34.48,
            "at_2022_last_3y": 5.44,
            "at_2023_last_3y": 5.44,
            "at_2006_last_all": 6.46,
            "at_2007_last_all": -14.83,
            "at_2008_last_all": -14.83,
            "at_2009_last_all": 4.31,
            "at_2010_last_all": 13.54,
            "at_2011_last_all": 23.07,
            "at_2012_last_all": 21.47,
            "at_2013_last_all": 18.82,
            "at_2014_last_all": 18.82,
            "at_2015_last_all": 17.69,
            "at_2016_last_all": 17.48,
            "at_2017_last_all": 15.09,
            "at_2018_last_all": 18.92,
            "at_2019_last_all": 17.95,
            "at_2020_last_all": 19.45,
            "at_2021_last_all": 19.4,
            "at_2022_last_all": 16.08,
            "at_2023_last_all": 16.08
        },
        "latest_eps": 2.41,
        "latest_price": 78.66,
        "latest_roe": 9.73,
        "latest_gross_margin": 72.09,
        "latest_equity": 20115000,
        "latest_revenue": 2383000,
        "latest_gross_profit": 1718000,
        "latest_net_income": 740000,
        "latest_debt_ratio": 26.57,
        "latest_current_ratio": 515.41,
        "latest_account_receivable_turnover_ratio": 2.42,
        "latest_inventory_turnover_ratio": null,
        "latest_reinvestment_rate": -3.83,
        "latest_research_to_sale_ratio": 16.87
    },
    "eps_dividends": {
        "2001": {
            "cash": 0,
            "stock": 0,
            "eps": 0
        },
        "2002": {
            "cash": 0,
            "stock": 0,
            "eps": 0.1
        },
        "2003": {
            "cash": 0,
            "stock": 0,
            "eps": 0.12
        },
        "2004": {
            "cash": 0,
            "stock": 0,
            "eps": 0.15
        },
        "2005": {
            "cash": 0,
            "stock": 0,
            "eps": 0.24
        },
        "2006": {
            "cash": 0,
            "stock": 0,
            "eps": 0.05
        },
        "2007": {
            "cash": 0,
            "stock": 0,
            "eps": -0.03
        },
        "2008": {
            "cash": 0,
            "stock": 0,
            "eps": 0.03
        },
        "2009": {
            "cash": 0,
            "stock": 0,
            "eps": 0.29
        },
        "2010": {
            "cash": 0,
            "stock": 0,
            "eps": 0.49
        },
        "2011": {
            "cash": 0,
            "stock": 0,
            "eps": 0.93
        },
        "2012": {
            "cash": 0,
            "stock": 0,
            "eps": 1.01
        },
        "2013": {
            "cash": 0,
            "stock": 0,
            "eps": 0.96
        },
        "2014": {
            "cash": 0,
            "stock": 0,
            "eps": 1.14
        },
        "2015": {
            "cash": 0,
            "stock": 0,
            "eps": 1.2
        },
        "2016": {
            "cash": 0,
            "stock": 0,
            "eps": 1.38
        },
        "2017": {
            "cash": 0,
            "stock": 0,
            "eps": 1.16
        },
        "2018": {
            "cash": 0,
            "stock": 0,
            "eps": 2
        },
        "2019": {
            "cash": 0,
            "stock": 0,
            "eps": 2.07
        },
        "2020": {
            "cash": 0,
            "stock": 0,
            "eps": 2.97
        },
        "2021": {
            "cash": 0,
            "stock": 0,
            "eps": 3.52
        },
        "2022": {
            "cash": 0,
            "stock": 0,
            "eps": 1.98
        },
        "2023": {
            "cash": 0,
            "stock": 0,
            "eps": 0.96
        }
    },
    "dividends": {
        "2010-04-02": {
            "cash": 0.15,
            "stock": 0
        },
        "2011-05-11": {
            "cash": 0.17,
            "stock": 0
        },
        "2012-05-16": {
            "cash": 0.18,
            "stock": 0
        },
        "2013-05-15": {
            "cash": 0.19,
            "stock": 0
        },
        "2014-05-14": {
            "cash": 0.2,
            "stock": 0
        },
        "2015-05-13": {
            "cash": 0.23,
            "stock": 0
        },
        "2016-05-11": {
            "cash": 0.26,
            "stock": 0
        },
        "2017-05-10": {
            "cash": 0.3,
            "stock": 0
        },
        "2018-05-09": {
            "cash": 0.34,
            "stock": 0
        },
        "2019-05-09": {
            "cash": 0.37,
            "stock": 0
        },
        "2020-05-06": {
            "cash": 0.41,
            "stock": 0
        },
        "2021-05-06": {
            "cash": 0.47,
            "stock": 0
        },
        "2022-05-06": {
            "cash": 0.47,
            "stock": 0
        },
        "2023-05-05": {
            "cash": 0.47,
            "stock": 0
        }
    },
    "prices": {
        "200101": "1.46",
        "200102": "1.81",
        "200103": "1.97",
        "200104": "2.06",
        "200105": "2.47",
        "200106": "3.09",
        "200107": "3.08",
        "200108": "2.83",
        "200109": "2.45",
        "200110": "2.82",
        "200111": "3.03",
        "200112": "3.23",
        "200201": "3.19",
        "200202": "3.29",
        "200203": "3.73",
        "200204": "3.75",
        "200205": "4.08",
        "200206": "3.70",
        "200207": "3.35",
        "200208": "3.52",
        "200209": "3.31",
        "200210": "2.58",
        "200211": "2.57",
        "200212": "2.03",
        "200301": "1.82",
        "200302": "1.81",
        "200303": "1.84",
        "200304": "1.82",
        "200305": "2.08",
        "200306": "2.31",
        "200307": "2.33",
        "200308": "2.24",
        "200309": "2.37",
        "200310": "2.54",
        "200311": "2.88",
        "200312": "3.14",
        "200401": "3.46",
        "200402": "3.78",
        "200403": "4.00",
        "200404": "4.48",
        "200405": "4.25",
        "200406": "4.44",
        "200407": "4.22",
        "200408": "3.93",
        "200409": "3.79",
        "200410": "3.71",
        "200411": "4.42",
        "200412": "5.21",
        "200501": "5.84",
        "200502": "6.27",
        "200503": "6.31",
        "200504": "5.71",
        "200505": "5.76",
        "200506": "6.34",
        "200507": "6.75",
        "200508": "7.69",
        "200509": "8.00",
        "200510": "7.64",
        "200511": "7.98",
        "200512": "6.76",
        "200601": "7.21",
        "200602": "6.47",
        "200603": "6.64",
        "200604": "6.77",
        "200605": "6.63",
        "200606": "5.85",
        "200607": "5.78",
        "200608": "6.48",
        "200609": "7.06",
        "200610": "7.60",
        "200611": "8.15",
        "200612": "8.67",
        "200701": "8.77",
        "200702": "8.52",
        "200703": "8.75",
        "200704": "10.01",
        "200705": "9.80",
        "200706": "9.46",
        "200707": "9.20",
        "200708": "9.31",
        "200709": "10.19",
        "200710": "11.39",
        "200711": "10.57",
        "200712": "13.72",
        "200801": "13.53",
        "200802": "13.40",
        "200803": "13.49",
        "200804": "13.64",
        "200805": "15.62",
        "200806": "17.37",
        "200807": "17.22",
        "200808": "17.01",
        "200809": "16.43",
        "200810": "12.43",
        "200811": "11.21",
        "200812": "9.60",
        "200901": "9.15",
        "200902": "9.60",
        "200903": "10.13",
        "200904": "10.45",
        "200905": "11.38",
        "200906": "12.59",
        "200907": "11.67",
        "200908": "12.06",
        "200909": "11.96",
        "200910": "12.16",
        "200911": "11.34",
        "200912": "11.07",
        "201001": "10.72",
        "201002": "10.56",
        "201003": "11.54",
        "201004": "11.79",
        "201005": "10.67",
        "201006": "10.93",
        "201007": "11.33",
        "201008": "11.05",
        "201009": "11.02",
        "201010": "11.22",
        "201011": "11.64",
        "201012": "12.24",
        "201101": "11.76",
        "201102": "11.23",
        "201103": "10.92",
        "201104": "11.22",
        "201105": "11.49",
        "201106": "11.44",
        "201107": "11.92",
        "201108": "11.19",
        "201109": "11.82",
        "201110": "12.97",
        "201111": "12.63",
        "201112": "12.10",
        "201201": "12.22",
        "201202": "12.26",
        "201203": "12.31",
        "201204": "12.53",
        "201205": "12.34",
        "201206": "11.66",
        "201207": "12.04",
        "201208": "11.70",
        "201209": "11.87",
        "201210": "11.16",
        "201211": "11.13",
        "201212": "11.08",
        "201301": "11.28",
        "201302": "13.50",
        "201303": "14.55",
        "201304": "14.58",
        "201305": "15.06",
        "201306": "14.25",
        "201307": "15.53",
        "201308": "17.10",
        "201309": "17.02",
        "201310": "17.08",
        "201311": "17.12",
        "201312": "17.39",
        "201401": "17.44",
        "201402": "19.06",
        "201403": "20.49",
        "201404": "19.71",
        "201405": "20.44",
        "201406": "21.52",
        "201407": "22.75",
        "201408": "22.97",
        "201409": "22.47",
        "201410": "19.45",
        "201411": "20.68",
        "201412": "20.51",
        "201501": "19.85",
        "201502": "22.73",
        "201503": "23.03",
        "201504": "23.09",
        "201505": "24.80",
        "201506": "25.23",
        "201507": "25.61",
        "201508": "28.05",
        "201509": "30.06",
        "201510": "33.37",
        "201511": "36.03",
        "201512": "38.70",
        "201601": "35.53",
        "201602": "30.89",
        "201603": "32.16",
        "201604": "34.47",
        "201605": "37.49",
        "201606": "38.16",
        "201607": "41.30",
        "201608": "40.67",
        "201609": "43.79",
        "201610": "43.96",
        "201611": "39.34",
        "201612": "36.65",
        "201701": "38.76",
        "201702": "43.49",
        "201703": "48.81",
        "201704": "49.83",
        "201705": "55.84",
        "201706": "59.27",
        "201707": "60.07",
        "201708": "62.59",
        "201709": "64.47",
        "201710": "62.51",
        "201711": "63.86",
        "201712": "63.36",
        "201801": "69.23",
        "201802": "70.24",
        "201803": "72.28",
        "201804": "66.26",
        "201805": "70.62",
        "201806": "75.43",
        "201807": "78.12",
        "201808": "71.51",
        "201809": "78.63",
        "201810": "74.41",
        "201811": "55.56",
        "201812": "47.04",
        "201901": "47.53",
        "201902": "43.47",
        "201903": "44.42",
        "201904": "46.92",
        "201905": "45.30",
        "201906": "45.59",
        "201907": "47.17",
        "201908": "48.35",
        "201909": "54.49",
        "201910": "54.71",
        "201911": "53.96",
        "201912": "57.39",
        "202001": "59.79",
        "202002": "61.21",
        "202003": "57.34",
        "202004": "63.77",
        "202005": "71.75",
        "202006": "73.69",
        "202007": "79.97",
        "202008": "83.13",
        "202009": "80.34",
        "202010": "79.89",
        "202011": "77.02",
        "202012": "86.39",
        "202101": "91.22",
        "202102": "98.63",
        "202103": "92.49",
        "202104": "95.01",
        "202105": "94.14",
        "202106": "94.98",
        "202107": "90.60",
        "202108": "82.41",
        "202109": "77.75",
        "202110": "77.67",
        "202111": "66.09",
        "202112": "61.59",
        "202201": "72.73",
        "202202": "80.69",
        "202203": "80.10",
        "202204": "78.87",
        "202205": "77.86",
        "202206": "76.70",
        "202207": "78.42",
        "202208": "79.99",
        "202209": "76.33",
        "202210": "73.08",
        "202211": "73.63",
        "202212": "76.07",
        "202301": "76.00",
        "202302": "76.16",
        "202303": "80.36",
        "202304": "84.21",
        "202305": "77.16"
    },
    "quarters": {
        "20014": {
            "year_quarter": 20014,
            "year": 2001,
            "quarter": 4,
            "eps": 0,
            "eps_growth_year": null,
            "eps_4q": 0.06,
            "eps_4q_growth_year": null,
            "roe": 0.53,
            "roe_4q": 0.53,
            "gross_profit": 37422,
            "gross_margin": 29.52,
            "gross_margin_4q_avg": 29.52,
            "net_income": 875,
            "revenue": 126789,
            "common_shares": null,
            "book_valuer_per_share": 0.48,
            "book_valuer_per_share_4q_avg": 0.48,
            "equity": 181306,
            "current_ratio": 258.77,
            "debt_ratio": 49.63,
            "inventory_turnover_ratio": 1.91,
            "account_receivable_turnover_ratio": 1.05,
            "reinvestment_rate": 117.22,
            "research_to_sale_ratio": 8.74,
            "price_fair": 0,
            "eps_avg_yearly": 0,
            "eps_latest_yearly": 0,
            "eps_growth_yearly": 0
        },
        "20021": {
            "year_quarter": 20021,
            "year": 2002,
            "quarter": 1,
            "eps": 0,
            "eps_growth_year": null,
            "eps_4q": 0.08,
            "eps_4q_growth_year": null,
            "roe": 0.01,
            "roe_4q": 0.54,
            "gross_profit": 36457,
            "gross_margin": 32.97,
            "gross_margin_4q_avg": 31.25,
            "net_income": 29,
            "revenue": 110577,
            "common_shares": null,
            "book_valuer_per_share": 0.66,
            "book_valuer_per_share_4q_avg": 0.57,
            "equity": 287652,
            "current_ratio": 336.95,
            "debt_ratio": 23.58,
            "inventory_turnover_ratio": 1.68,
            "account_receivable_turnover_ratio": 1.52,
            "reinvestment_rate": 56.86,
            "research_to_sale_ratio": 8.31,
            "price_fair": 0,
            "eps_avg_yearly": 0,
            "eps_latest_yearly": 0,
            "eps_growth_yearly": 0
        },
        "20022": {
            "year_quarter": 20022,
            "year": 2002,
            "quarter": 2,
            "eps": 0,
            "eps_growth_year": -65.2,
            "eps_4q": 0.07,
            "eps_4q_growth_year": null,
            "roe": 0.76,
            "roe_4q": 1.3,
            "gross_profit": 38282,
            "gross_margin": 27.42,
            "gross_margin_4q_avg": 29.97,
            "net_income": 2215,
            "revenue": 139604,
            "common_shares": 0,
            "book_valuer_per_share": 0.65,
            "book_valuer_per_share_4q_avg": 0.6,
            "equity": 295020,
            "current_ratio": 289.68,
            "debt_ratio": 27.12,
            "inventory_turnover_ratio": 2.6,
            "account_receivable_turnover_ratio": 1.76,
            "reinvestment_rate": 48.56,
            "research_to_sale_ratio": 6.46,
            "price_fair": 0,
            "eps_avg_yearly": 0,
            "eps_latest_yearly": 0,
            "eps_growth_yearly": 0
        },
        "20023": {
            "year_quarter": 20023,
            "year": 2002,
            "quarter": 3,
            "eps": 0.08,
            "eps_growth_year": 40.34,
            "eps_4q": 0.09,
            "eps_4q_growth_year": null,
            "roe": 11.49,
            "roe_4q": 12.79,
            "gross_profit": 117697,
            "gross_margin": 31.7,
            "gross_margin_4q_avg": 30.4,
            "net_income": 39110,
            "revenue": 371341,
            "common_shares": null,
            "book_valuer_per_share": 0.8,
            "book_valuer_per_share_4q_avg": 0.65,
            "equity": 385609,
            "current_ratio": 241.11,
            "debt_ratio": 35.1,
            "inventory_turnover_ratio": 7.86,
            "account_receivable_turnover_ratio": 2.56,
            "reinvestment_rate": 13.21,
            "research_to_sale_ratio": 2.92,
            "price_fair": 0,
            "eps_avg_yearly": 0,
            "eps_latest_yearly": 0,
            "eps_growth_yearly": 0
        },
        "20024": {
            "year_quarter": 20024,
            "year": 2002,
            "quarter": 4,
            "eps": 0.02,
            "eps_growth_year": 820.76,
            "eps_4q": 0.11,
            "eps_4q_growth_year": 89.59,
            "roe": 2.67,
            "roe_4q": 14.93,
            "gross_profit": 59267,
            "gross_margin": 35.94,
            "gross_margin_4q_avg": 32.01,
            "net_income": 10884,
            "revenue": 164912,
            "common_shares": 0,
            "book_valuer_per_share": 0.84,
            "book_valuer_per_share_4q_avg": 0.74,
            "equity": 430091,
            "current_ratio": 369.42,
            "debt_ratio": 22.77,
            "inventory_turnover_ratio": 4.11,
            "account_receivable_turnover_ratio": 1.18,
            "reinvestment_rate": 14.06,
            "research_to_sale_ratio": 7.22,
            "price_fair": 0.24,
            "eps_avg_yearly": 0.08,
            "eps_latest_yearly": 0.08,
            "eps_growth_yearly": -300
        },
        "20031": {
            "year_quarter": 20031,
            "year": 2003,
            "quarter": 1,
            "eps": 0.04,
            "eps_growth_year": 55285.71,
            "eps_4q": 0.15,
            "eps_4q_growth_year": 96.82,
            "roe": 3.53,
            "roe_4q": 18.45,
            "gross_profit": 79433,
            "gross_margin": 41.53,
            "gross_margin_4q_avg": 34.15,
            "net_income": 20704,
            "revenue": 191258,
            "common_shares": 0,
            "book_valuer_per_share": 1.24,
            "book_valuer_per_share_4q_avg": 0.88,
            "equity": 741685,
            "current_ratio": 649.25,
            "debt_ratio": 13.23,
            "inventory_turnover_ratio": 4.84,
            "account_receivable_turnover_ratio": 2.7,
            "reinvestment_rate": 9.21,
            "research_to_sale_ratio": 6.14,
            "price_fair": 4.2,
            "eps_avg_yearly": 0.12,
            "eps_latest_yearly": 0.16,
            "eps_growth_yearly": 50
        },
        "20032": {
            "year_quarter": 20032,
            "year": 2003,
            "quarter": 2,
            "eps": 0.02,
            "eps_growth_year": 223.76,
            "eps_4q": 0.16,
            "eps_4q_growth_year": 140.26,
            "roe": 1.21,
            "roe_4q": 18.9,
            "gross_profit": 65195,
            "gross_margin": 38.54,
            "gross_margin_4q_avg": 36.93,
            "net_income": 9086,
            "revenue": 169172,
            "common_shares": null,
            "book_valuer_per_share": 1.22,
            "book_valuer_per_share_4q_avg": 1.03,
            "equity": 759343,
            "current_ratio": 606.29,
            "debt_ratio": 14.02,
            "inventory_turnover_ratio": 4.11,
            "account_receivable_turnover_ratio": 2.68,
            "reinvestment_rate": 9.13,
            "research_to_sale_ratio": 7.84,
            "price_fair": 0.32,
            "eps_avg_yearly": 0.11,
            "eps_latest_yearly": 0.08,
            "eps_growth_yearly": -33.33
        },
        "20033": {
            "year_quarter": 20033,
            "year": 2003,
            "quarter": 3,
            "eps": 0.08,
            "eps_growth_year": -5.06,
            "eps_4q": 0.15,
            "eps_4q_growth_year": 72.15,
            "roe": 5.81,
            "roe_4q": 13.219999999999999,
            "gross_profit": 125383,
            "gross_margin": 33.11,
            "gross_margin_4q_avg": 37.28,
            "net_income": 44347,
            "revenue": 378685,
            "common_shares": null,
            "book_valuer_per_share": 1.24,
            "book_valuer_per_share_4q_avg": 1.14,
            "equity": 767823,
            "current_ratio": 407.59,
            "debt_ratio": 20.93,
            "inventory_turnover_ratio": 8.12,
            "account_receivable_turnover_ratio": 3.45,
            "reinvestment_rate": 7.48,
            "research_to_sale_ratio": 3.63,
            "price_fair": 5.6,
            "eps_avg_yearly": 0.16,
            "eps_latest_yearly": 0.32,
            "eps_growth_yearly": 275
        },
        "20034": {
            "year_quarter": 20034,
            "year": 2003,
            "quarter": 4,
            "eps": -0.02,
            "eps_growth_year": -172.71,
            "eps_4q": 0.12,
            "eps_4q_growth_year": 7.18,
            "roe": -1.17,
            "roe_4q": 9.379999999999999,
            "gross_profit": 28932,
            "gross_margin": 23.15,
            "gross_margin_4q_avg": 34.08,
            "net_income": -7956,
            "revenue": 125001,
            "common_shares": null,
            "book_valuer_per_share": 0.95,
            "book_valuer_per_share_4q_avg": 1.16,
            "equity": 597740,
            "current_ratio": 504.67,
            "debt_ratio": 15.19,
            "inventory_turnover_ratio": 3.38,
            "account_receivable_turnover_ratio": 1.44,
            "reinvestment_rate": 11.17,
            "research_to_sale_ratio": 14.56,
            "price_fair": 5.6,
            "eps_avg_yearly": 0.16,
            "eps_latest_yearly": 0.32,
            "eps_growth_yearly": 275
        },
        "20041": {
            "year_quarter": 20041,
            "year": 2004,
            "quarter": 1,
            "eps": 0.01,
            "eps_growth_year": -78.54,
            "eps_4q": 0.09,
            "eps_4q_growth_year": -41.49,
            "roe": 0.68,
            "roe_4q": 6.529999999999999,
            "gross_profit": 56474,
            "gross_margin": 35.58,
            "gross_margin_4q_avg": 32.6,
            "net_income": 4163,
            "revenue": 158725,
            "common_shares": null,
            "book_valuer_per_share": 1.05,
            "book_valuer_per_share_4q_avg": 1.12,
            "equity": 631355,
            "current_ratio": 552.31,
            "debt_ratio": 13.6,
            "inventory_turnover_ratio": 4.58,
            "account_receivable_turnover_ratio": 6.46,
            "reinvestment_rate": 13.14,
            "research_to_sale_ratio": 8.56,
            "price_fair": 5.6,
            "eps_avg_yearly": 0.16,
            "eps_latest_yearly": 0.32,
            "eps_growth_yearly": 275
        },
        "20042": {
            "year_quarter": 20042,
            "year": 2004,
            "quarter": 2,
            "eps": -0.02,
            "eps_growth_year": -237.01,
            "eps_4q": 0.05,
            "eps_4q_growth_year": -68.9,
            "roe": -1.56,
            "roe_4q": 3.76,
            "gross_profit": 26334,
            "gross_margin": 22.41,
            "gross_margin_4q_avg": 28.56,
            "net_income": -10093,
            "revenue": 117523,
            "common_shares": null,
            "book_valuer_per_share": 1.16,
            "book_valuer_per_share_4q_avg": 1.1,
            "equity": 664094,
            "current_ratio": 604.19,
            "debt_ratio": 12.97,
            "inventory_turnover_ratio": 3.94,
            "account_receivable_turnover_ratio": 3.74,
            "reinvestment_rate": 15.75,
            "research_to_sale_ratio": 13.52,
            "price_fair": 5.6,
            "eps_avg_yearly": 0.16,
            "eps_latest_yearly": 0.32,
            "eps_growth_yearly": 275
        },
        "20043": {
            "year_quarter": 20043,
            "year": 2004,
            "quarter": 3,
            "eps": 0.15,
            "eps_growth_year": 89.41,
            "eps_4q": 0.12,
            "eps_4q_growth_year": -22.75,
            "roe": 10.54,
            "roe_4q": 8.489999999999998,
            "gross_profit": 240066,
            "gross_margin": 47.21,
            "gross_margin_4q_avg": 32.09,
            "net_income": 76981,
            "revenue": 508511,
            "common_shares": null,
            "book_valuer_per_share": 1.41,
            "book_valuer_per_share_4q_avg": 1.14,
            "equity": 796287,
            "current_ratio": 316.93,
            "debt_ratio": 27.7,
            "inventory_turnover_ratio": 9.47,
            "account_receivable_turnover_ratio": 3.75,
            "reinvestment_rate": 9.9,
            "research_to_sale_ratio": 9.9,
            "price_fair": 5.6,
            "eps_avg_yearly": 0.16,
            "eps_latest_yearly": 0.32,
            "eps_growth_yearly": 275
        },
        "20044": {
            "year_quarter": 20044,
            "year": 2004,
            "quarter": 4,
            "eps": 0.01,
            "eps_growth_year": null,
            "eps_4q": 0.15,
            "eps_4q_growth_year": 26.24,
            "roe": 0.82,
            "roe_4q": 10.479999999999999,
            "gross_profit": 57635,
            "gross_margin": 35.38,
            "gross_margin_4q_avg": 35.15,
            "net_income": 6664,
            "revenue": 162897,
            "common_shares": null,
            "book_valuer_per_share": 1.46,
            "book_valuer_per_share_4q_avg": 1.27,
            "equity": 832738,
            "current_ratio": 596.62,
            "debt_ratio": 14.05,
            "inventory_turnover_ratio": 3.4,
            "account_receivable_turnover_ratio": 1.07,
            "reinvestment_rate": 6.57,
            "research_to_sale_ratio": 11.07,
            "price_fair": 4.76,
            "eps_avg_yearly": 0.14,
            "eps_latest_yearly": 0.04,
            "eps_growth_yearly": 145.33
        },
        "20051": {
            "year_quarter": 20051,
            "year": 2005,
            "quarter": 1,
            "eps": 0.02,
            "eps_growth_year": 148.44,
            "eps_4q": 0.16,
            "eps_4q_growth_year": 84.98,
            "roe": 1.34,
            "roe_4q": 11.139999999999999,
            "gross_profit": 92257,
            "gross_margin": 43.67,
            "gross_margin_4q_avg": 37.17,
            "net_income": 11310,
            "revenue": 211276,
            "common_shares": null,
            "book_valuer_per_share": 1.5,
            "book_valuer_per_share_4q_avg": 1.38,
            "equity": 850695,
            "current_ratio": 633.93,
            "debt_ratio": 13.44,
            "inventory_turnover_ratio": 3.6,
            "account_receivable_turnover_ratio": 2.28,
            "reinvestment_rate": 5.76,
            "research_to_sale_ratio": 10.16,
            "price_fair": 4.43,
            "eps_avg_yearly": 0.13,
            "eps_latest_yearly": 0.08,
            "eps_growth_yearly": 187.78
        },
        "20052": {
            "year_quarter": 20052,
            "year": 2005,
            "quarter": 2,
            "eps": 0.05,
            "eps_growth_year": null,
            "eps_4q": 0.23,
            "eps_4q_growth_year": 361.73,
            "roe": 2.91,
            "roe_4q": 15.61,
            "gross_profit": 123535,
            "gross_margin": 39.77,
            "gross_margin_4q_avg": 41.51,
            "net_income": 25231,
            "revenue": 310626,
            "common_shares": null,
            "book_valuer_per_share": 1.55,
            "book_valuer_per_share_4q_avg": 1.48,
            "equity": 884473,
            "current_ratio": 441.37,
            "debt_ratio": 19.65,
            "inventory_turnover_ratio": 3.62,
            "account_receivable_turnover_ratio": 2.37,
            "reinvestment_rate": 3.8,
            "research_to_sale_ratio": 6.44,
            "price_fair": 4.8,
            "eps_avg_yearly": 0.14,
            "eps_latest_yearly": 0.2,
            "eps_growth_yearly": 246.67
        },
        "20053": {
            "year_quarter": 20053,
            "year": 2005,
            "quarter": 3,
            "eps": 0.17,
            "eps_growth_year": 17.6,
            "eps_4q": 0.25,
            "eps_4q_growth_year": 112.76,
            "roe": 10.13,
            "roe_4q": 15.200000000000001,
            "gross_profit": 282802,
            "gross_margin": 41.58,
            "gross_margin_4q_avg": 40.1,
            "net_income": 96340,
            "revenue": 680094,
            "common_shares": null,
            "book_valuer_per_share": 1.82,
            "book_valuer_per_share_4q_avg": 1.58,
            "equity": 1018094,
            "current_ratio": 389.27,
            "debt_ratio": 24.28,
            "inventory_turnover_ratio": 7.54,
            "account_receivable_turnover_ratio": 2.81,
            "reinvestment_rate": 3.5,
            "research_to_sale_ratio": 3.75,
            "price_fair": 7.18,
            "eps_avg_yearly": 0.21,
            "eps_latest_yearly": 0.68,
            "eps_growth_yearly": 335.83
        },
        "20054": {
            "year_quarter": 20054,
            "year": 2005,
            "quarter": 4,
            "eps": 0,
            "eps_growth_year": -69.55,
            "eps_4q": 0.25,
            "eps_4q_growth_year": 66.11,
            "roe": 0.21,
            "roe_4q": 14.590000000000002,
            "gross_profit": 62317,
            "gross_margin": 30.57,
            "gross_margin_4q_avg": 38.9,
            "net_income": 2176,
            "revenue": 203861,
            "common_shares": 0,
            "book_valuer_per_share": 1.81,
            "book_valuer_per_share_4q_avg": 1.67,
            "equity": 1097274,
            "current_ratio": 537.98,
            "debt_ratio": 15.98,
            "inventory_turnover_ratio": 3.16,
            "account_receivable_turnover_ratio": 0.9,
            "reinvestment_rate": 4.22,
            "research_to_sale_ratio": 10.22,
            "price_fair": 7.18,
            "eps_avg_yearly": 0.21,
            "eps_latest_yearly": 0.68,
            "eps_growth_yearly": 335.83
        },
        "20061": {
            "year_quarter": 20061,
            "year": 2006,
            "quarter": 1,
            "eps": -0.01,
            "eps_growth_year": -138.17,
            "eps_4q": 0.22,
            "eps_4q_growth_year": 35.43,
            "roe": -0.38,
            "roe_4q": 12.870000000000001,
            "gross_profit": 68823,
            "gross_margin": 28.55,
            "gross_margin_4q_avg": 35.12,
            "net_income": -4247,
            "revenue": 241093,
            "common_shares": null,
            "book_valuer_per_share": 1.81,
            "book_valuer_per_share_4q_avg": 1.75,
            "equity": 1110000,
            "current_ratio": 687.44,
            "debt_ratio": 12.3,
            "inventory_turnover_ratio": 3.7,
            "account_receivable_turnover_ratio": 2.36,
            "reinvestment_rate": 4.5,
            "research_to_sale_ratio": 7.5,
            "price_fair": 7.18,
            "eps_avg_yearly": 0.21,
            "eps_latest_yearly": 0.68,
            "eps_growth_yearly": 335.83
        },
        "20062": {
            "year_quarter": 20062,
            "year": 2006,
            "quarter": 2,
            "eps": -0.03,
            "eps_growth_year": -156.42,
            "eps_4q": 0.14,
            "eps_4q_growth_year": -36.73,
            "roe": -1.28,
            "roe_4q": 8.68,
            "gross_profit": 81082,
            "gross_margin": 36.43,
            "gross_margin_4q_avg": 34.28,
            "net_income": -14230,
            "revenue": 222540,
            "common_shares": null,
            "book_valuer_per_share": 1.8,
            "book_valuer_per_share_4q_avg": 1.81,
            "equity": 1114148,
            "current_ratio": 607.21,
            "debt_ratio": 13.83,
            "inventory_turnover_ratio": 2.91,
            "account_receivable_turnover_ratio": 2.1,
            "reinvestment_rate": 5.82,
            "research_to_sale_ratio": 12.75,
            "price_fair": 7.18,
            "eps_avg_yearly": 0.21,
            "eps_latest_yearly": 0.68,
            "eps_growth_yearly": 335.83
        },
        "20063": {
            "year_quarter": 20063,
            "year": 2006,
            "quarter": 3,
            "eps": 0.11,
            "eps_growth_year": -34.31,
            "eps_4q": 0.08,
            "eps_4q_growth_year": -66.79,
            "roe": 5.86,
            "roe_4q": 4.41,
            "gross_profit": 317917,
            "gross_margin": 38.95,
            "gross_margin_4q_avg": 33.63,
            "net_income": 67856,
            "revenue": 816242,
            "common_shares": null,
            "book_valuer_per_share": 1.83,
            "book_valuer_per_share_4q_avg": 1.81,
            "equity": 1201974,
            "current_ratio": 342.82,
            "debt_ratio": 24.41,
            "inventory_turnover_ratio": 7.28,
            "account_receivable_turnover_ratio": 3.07,
            "reinvestment_rate": 6.29,
            "research_to_sale_ratio": 6.52,
            "price_fair": 7.18,
            "eps_avg_yearly": 0.21,
            "eps_latest_yearly": 0.68,
            "eps_growth_yearly": 335.83
        },
        "20064": {
            "year_quarter": 20064,
            "year": 2006,
            "quarter": 4,
            "eps": -0.02,
            "eps_growth_year": -534.47,
            "eps_4q": 0.06,
            "eps_4q_growth_year": -73.9,
            "roe": -0.75,
            "roe_4q": 3.45,
            "gross_profit": 59816,
            "gross_margin": 31.8,
            "gross_margin_4q_avg": 33.93,
            "net_income": -9128,
            "revenue": 188125,
            "common_shares": 0,
            "book_valuer_per_share": 1.84,
            "book_valuer_per_share_4q_avg": 1.82,
            "equity": 1222623,
            "current_ratio": 575.71,
            "debt_ratio": 13.79,
            "inventory_turnover_ratio": 1.75,
            "account_receivable_turnover_ratio": 0.85,
            "reinvestment_rate": 8.37,
            "research_to_sale_ratio": 17.52,
            "price_fair": 7.8,
            "eps_avg_yearly": 0.22,
            "eps_latest_yearly": 0.68,
            "eps_growth_yearly": 426.67
        },
        "20071": {
            "year_quarter": 20071,
            "year": 2007,
            "quarter": 1,
            "eps": -0.03,
            "eps_growth_year": null,
            "eps_4q": 0.04,
            "eps_4q_growth_year": -82,
            "roe": -1.49,
            "roe_4q": 2.34,
            "gross_profit": 50269,
            "gross_margin": 26.73,
            "gross_margin_4q_avg": 33.48,
            "net_income": -18309,
            "revenue": 188069,
            "common_shares": 0,
            "book_valuer_per_share": 1.73,
            "book_valuer_per_share_4q_avg": 1.8,
            "equity": 1234730,
            "current_ratio": 662.99,
            "debt_ratio": 14.03,
            "inventory_turnover_ratio": 2.19,
            "account_receivable_turnover_ratio": 4,
            "reinvestment_rate": 8.79,
            "research_to_sale_ratio": 13.63,
            "price_fair": 8.17,
            "eps_avg_yearly": 0.23,
            "eps_latest_yearly": 0.68,
            "eps_growth_yearly": 431.11
        },
        "20072": {
            "year_quarter": 20072,
            "year": 2007,
            "quarter": 2,
            "eps": null,
            "eps_growth_year": null,
            "eps_4q": null,
            "eps_4q_growth_year": null,
            "roe": null,
            "roe_4q": 3.62,
            "gross_profit": null,
            "gross_margin": null,
            "gross_margin_4q_avg": 24.37,
            "net_income": null,
            "revenue": null,
            "common_shares": null,
            "book_valuer_per_share": null,
            "book_valuer_per_share_4q_avg": 1.35,
            "equity": null,
            "current_ratio": null,
            "debt_ratio": null,
            "inventory_turnover_ratio": null,
            "account_receivable_turnover_ratio": null,
            "reinvestment_rate": null,
            "research_to_sale_ratio": null,
            "price_fair": 9.24,
            "eps_avg_yearly": 0.26,
            "eps_latest_yearly": 0.68,
            "eps_growth_yearly": 557.33
        },
        "20073": {
            "year_quarter": 20073,
            "year": 2007,
            "quarter": 3,
            "eps": null,
            "eps_growth_year": null,
            "eps_4q": null,
            "eps_4q_growth_year": null,
            "roe": null,
            "roe_4q": -2.24,
            "gross_profit": null,
            "gross_margin": null,
            "gross_margin_4q_avg": 14.63,
            "net_income": null,
            "revenue": null,
            "common_shares": null,
            "book_valuer_per_share": null,
            "book_valuer_per_share_4q_avg": 0.89,
            "equity": null,
            "current_ratio": null,
            "debt_ratio": null,
            "inventory_turnover_ratio": null,
            "account_receivable_turnover_ratio": null,
            "reinvestment_rate": null,
            "research_to_sale_ratio": null,
            "price_fair": 8.75,
            "eps_avg_yearly": 0.25,
            "eps_latest_yearly": 0.68,
            "eps_growth_yearly": 396.67
        },
        "20074": {
            "year_quarter": 20074,
            "year": 2007,
            "quarter": 4,
            "eps": null,
            "eps_growth_year": null,
            "eps_4q": null,
            "eps_4q_growth_year": null,
            "roe": null,
            "roe_4q": -1.49,
            "gross_profit": null,
            "gross_margin": null,
            "gross_margin_4q_avg": 6.68,
            "net_income": null,
            "revenue": null,
            "common_shares": null,
            "book_valuer_per_share": null,
            "book_valuer_per_share_4q_avg": 0.43,
            "equity": null,
            "current_ratio": null,
            "debt_ratio": null,
            "inventory_turnover_ratio": null,
            "account_receivable_turnover_ratio": null,
            "reinvestment_rate": null,
            "research_to_sale_ratio": null,
            "price_fair": 8.75,
            "eps_avg_yearly": 0.25,
            "eps_latest_yearly": 0.68,
            "eps_growth_yearly": 396.67
        },
        "20081": {
            "year_quarter": 20081,
            "year": 2008,
            "quarter": 1,
            "eps": 0.07,
            "eps_growth_year": -68.7,
            "eps_4q": 0.09,
            "eps_4q_growth_year": -33.48,
            "roe": null,
            "roe_4q": 0,
            "gross_profit": 218000,
            "gross_margin": 67.08,
            "gross_margin_4q_avg": 16.77,
            "net_income": 43000,
            "revenue": 325000,
            "common_shares": null,
            "book_valuer_per_share": null,
            "book_valuer_per_share_4q_avg": 0,
            "equity": null,
            "current_ratio": null,
            "debt_ratio": null,
            "inventory_turnover_ratio": null,
            "account_receivable_turnover_ratio": null,
            "reinvestment_rate": 8.24,
            "research_to_sale_ratio": 32,
            "price_fair": 8.75,
            "eps_avg_yearly": 0.25,
            "eps_latest_yearly": 0.68,
            "eps_growth_yearly": 396.67
        },
        "20082": {
            "year_quarter": 20082,
            "year": 2008,
            "quarter": 2,
            "eps": 0.05,
            "eps_growth_year": null,
            "eps_4q": 0.17,
            "eps_4q_growth_year": 26.79,
            "roe": null,
            "roe_4q": 0,
            "gross_profit": 246000,
            "gross_margin": 69.89,
            "gross_margin_4q_avg": 34.24,
            "net_income": 28000,
            "revenue": 352000,
            "common_shares": null,
            "book_valuer_per_share": null,
            "book_valuer_per_share_4q_avg": 0,
            "equity": null,
            "current_ratio": null,
            "debt_ratio": null,
            "inventory_turnover_ratio": null,
            "account_receivable_turnover_ratio": null,
            "reinvestment_rate": 7.95,
            "research_to_sale_ratio": 28.12,
            "price_fair": 8.4,
            "eps_avg_yearly": 0.24,
            "eps_latest_yearly": 0.2,
            "eps_growth_yearly": 294.48
        },
        "20083": {
            "year_quarter": 20083,
            "year": 2008,
            "quarter": 3,
            "eps": -0.05,
            "eps_growth_year": -220.61,
            "eps_4q": 0.07,
            "eps_4q_growth_year": -67.61,
            "roe": null,
            "roe_4q": 0,
            "gross_profit": 303000,
            "gross_margin": 42.62,
            "gross_margin_4q_avg": 44.9,
            "net_income": -108000,
            "revenue": 711000,
            "common_shares": 0,
            "book_valuer_per_share": 1.96,
            "book_valuer_per_share_4q_avg": 0.49,
            "equity": 11775000,
            "current_ratio": 381.56,
            "debt_ratio": 14.31,
            "inventory_turnover_ratio": null,
            "account_receivable_turnover_ratio": null,
            "reinvestment_rate": 95.02,
            "research_to_sale_ratio": 28.13,
            "price_fair": 8.4,
            "eps_avg_yearly": 0.24,
            "eps_latest_yearly": 0.2,
            "eps_growth_yearly": 294.48
        },
        "20084": {
            "year_quarter": 20084,
            "year": 2008,
            "quarter": 4,
            "eps": -0.04,
            "eps_growth_year": -3578.38,
            "eps_4q": 0.03,
            "eps_4q_growth_year": -89.02,
            "roe": -0.62,
            "roe_4q": -0.62,
            "gross_profit": 428000,
            "gross_margin": 26.11,
            "gross_margin_4q_avg": 51.43,
            "net_income": -72000,
            "revenue": 1639000,
            "common_shares": 0,
            "book_valuer_per_share": 1.96,
            "book_valuer_per_share_4q_avg": 0.98,
            "equity": 11527000,
            "current_ratio": 252.35,
            "debt_ratio": 20.31,
            "inventory_turnover_ratio": 3.79,
            "account_receivable_turnover_ratio": 2.54,
            "reinvestment_rate": 138.95,
            "research_to_sale_ratio": 11.96,
            "price_fair": 10.15,
            "eps_avg_yearly": 0.29,
            "eps_latest_yearly": 0.2,
            "eps_growth_yearly": 461.43
        },
        "20091": {
            "year_quarter": 20091,
            "year": 2009,
            "quarter": 1,
            "eps": 0.15,
            "eps_growth_year": 106.31,
            "eps_4q": 0.11,
            "eps_4q_growth_year": 13.04,
            "roe": 1.65,
            "roe_4q": 1.0299999999999998,
            "gross_profit": 497000,
            "gross_margin": 50.66,
            "gross_margin_4q_avg": 47.32,
            "net_income": 189000,
            "revenue": 981000,
            "common_shares": 0,
            "book_valuer_per_share": 1.98,
            "book_valuer_per_share_4q_avg": 1.48,
            "equity": 11448000,
            "current_ratio": 343.23,
            "debt_ratio": 16.14,
            "inventory_turnover_ratio": 1.97,
            "account_receivable_turnover_ratio": 1.69,
            "reinvestment_rate": 78.78,
            "research_to_sale_ratio": 11.93,
            "price_fair": 12.6,
            "eps_avg_yearly": 0.36,
            "eps_latest_yearly": 0.2,
            "eps_growth_yearly": 481.9
        },
        "20092": {
            "year_quarter": 20092,
            "year": 2009,
            "quarter": 2,
            "eps": 0.15,
            "eps_growth_year": 227.08,
            "eps_4q": 0.21,
            "eps_4q_growth_year": 28.25,
            "roe": 1.7,
            "roe_4q": 2.7299999999999995,
            "gross_profit": 566000,
            "gross_margin": 54.53,
            "gross_margin_4q_avg": 43.48,
            "net_income": 195000,
            "revenue": 1038000,
            "common_shares": 0,
            "book_valuer_per_share": 2.1,
            "book_valuer_per_share_4q_avg": 2,
            "equity": 11531000,
            "current_ratio": 413.38,
            "debt_ratio": 14.71,
            "inventory_turnover_ratio": 2.21,
            "account_receivable_turnover_ratio": 4.45,
            "reinvestment_rate": 29.12,
            "research_to_sale_ratio": 11.85,
            "price_fair": 17.27,
            "eps_avg_yearly": 0.49,
            "eps_latest_yearly": 0.6,
            "eps_growth_yearly": 281.9
        },
        "20093": {
            "year_quarter": 20093,
            "year": 2009,
            "quarter": 3,
            "eps": 0.01,
            "eps_growth_year": null,
            "eps_4q": 0.28,
            "eps_4q_growth_year": 312.94,
            "roe": 0.13,
            "roe_4q": 2.86,
            "gross_profit": 364000,
            "gross_margin": 51.78,
            "gross_margin_4q_avg": 45.77,
            "net_income": 15000,
            "revenue": 703000,
            "common_shares": null,
            "book_valuer_per_share": 1.98,
            "book_valuer_per_share_4q_avg": 2.01,
            "equity": 11292000,
            "current_ratio": 350.82,
            "debt_ratio": 16.06,
            "inventory_turnover_ratio": 1.23,
            "account_receivable_turnover_ratio": 2.76,
            "reinvestment_rate": 26.59,
            "research_to_sale_ratio": 17.35,
            "price_fair": 0.84,
            "eps_avg_yearly": 0.28,
            "eps_latest_yearly": 0.04,
            "eps_growth_yearly": -162.54
        },
        "20094": {
            "year_quarter": 20094,
            "year": 2009,
            "quarter": 4,
            "eps": -0.02,
            "eps_growth_year": null,
            "eps_4q": 0.3,
            "eps_4q_growth_year": 974.63,
            "roe": -2.59,
            "roe_4q": 0.8899999999999999,
            "gross_profit": 545000,
            "gross_margin": 35,
            "gross_margin_4q_avg": 47.99,
            "net_income": -286000,
            "revenue": 1557000,
            "common_shares": 0,
            "book_valuer_per_share": 2.01,
            "book_valuer_per_share_4q_avg": 2.02,
            "equity": 10756000,
            "current_ratio": 212.56,
            "debt_ratio": 21.73,
            "inventory_turnover_ratio": 3.42,
            "account_receivable_turnover_ratio": 3.22,
            "reinvestment_rate": 68.81,
            "research_to_sale_ratio": 17.02,
            "price_fair": 0.84,
            "eps_avg_yearly": 0.28,
            "eps_latest_yearly": 0.04,
            "eps_growth_yearly": -162.54
        },
        "20101": {
            "year_quarter": 20101,
            "year": 2010,
            "quarter": 1,
            "eps": 0.3,
            "eps_growth_year": 99.85,
            "eps_4q": 0.45,
            "eps_4q_growth_year": 326.36,
            "roe": 3.52,
            "roe_4q": 2.76,
            "gross_profit": 773000,
            "gross_margin": 59.1,
            "gross_margin_4q_avg": 50.1,
            "net_income": 381000,
            "revenue": 1308000,
            "common_shares": 0,
            "book_valuer_per_share": 2.13,
            "book_valuer_per_share_4q_avg": 2.06,
            "equity": 10868000,
            "current_ratio": 290.92,
            "debt_ratio": 15.53,
            "inventory_turnover_ratio": 2.46,
            "account_receivable_turnover_ratio": 3,
            "reinvestment_rate": 22.16,
            "research_to_sale_ratio": 10.47,
            "price_fair": 0.84,
            "eps_avg_yearly": 0.28,
            "eps_latest_yearly": 0.04,
            "eps_growth_yearly": -162.54
        },
        "20102": {
            "year_quarter": 20102,
            "year": 2010,
            "quarter": 2,
            "eps": 0.17,
            "eps_growth_year": 12.2,
            "eps_4q": 0.47,
            "eps_4q_growth_year": 119.57,
            "roe": 2.02,
            "roe_4q": 3.08,
            "gross_profit": 599000,
            "gross_margin": 61.94,
            "gross_margin_4q_avg": 51.96,
            "net_income": 219000,
            "revenue": 967000,
            "common_shares": 0,
            "book_valuer_per_share": 2.15,
            "book_valuer_per_share_4q_avg": 2.07,
            "equity": 10858000,
            "current_ratio": 364.04,
            "debt_ratio": 12.39,
            "inventory_turnover_ratio": 2.1,
            "account_receivable_turnover_ratio": 5.97,
            "reinvestment_rate": 19.35,
            "research_to_sale_ratio": 10.34,
            "price_fair": 1.14,
            "eps_avg_yearly": 0.38,
            "eps_latest_yearly": 0.68,
            "eps_growth_yearly": -165.24
        },
        "20103": {
            "year_quarter": 20103,
            "year": 2010,
            "quarter": 3,
            "eps": 0.04,
            "eps_growth_year": 247.36,
            "eps_4q": 0.5,
            "eps_4q_growth_year": 78.4,
            "roe": 0.47,
            "roe_4q": 3.42,
            "gross_profit": 396000,
            "gross_margin": 53.15,
            "gross_margin_4q_avg": 52.3,
            "net_income": 51000,
            "revenue": 745000,
            "common_shares": 0,
            "book_valuer_per_share": 2.1,
            "book_valuer_per_share_4q_avg": 2.1,
            "equity": 10746000,
            "current_ratio": 297.77,
            "debt_ratio": 14.51,
            "inventory_turnover_ratio": 1.68,
            "account_receivable_turnover_ratio": 3.42,
            "reinvestment_rate": 18.64,
            "research_to_sale_ratio": 15.97,
            "price_fair": 1.01,
            "eps_avg_yearly": 0.34,
            "eps_latest_yearly": 0.16,
            "eps_growth_yearly": -193.37
        },
        "20104": {
            "year_quarter": 20104,
            "year": 2010,
            "quarter": 4,
            "eps": -0.02,
            "eps_growth_year": null,
            "eps_4q": 0.5,
            "eps_4q_growth_year": 67.6,
            "roe": -2.22,
            "roe_4q": 3.79,
            "gross_profit": 549000,
            "gross_margin": 38.47,
            "gross_margin_4q_avg": 53.17,
            "net_income": -233000,
            "revenue": 1427000,
            "common_shares": 0,
            "book_valuer_per_share": 2.02,
            "book_valuer_per_share_4q_avg": 2.1,
            "equity": 10203000,
            "current_ratio": 183.51,
            "debt_ratio": 24.12,
            "inventory_turnover_ratio": 4.75,
            "account_receivable_turnover_ratio": 3.11,
            "reinvestment_rate": 25.1,
            "research_to_sale_ratio": 19.27,
            "price_fair": 1.01,
            "eps_avg_yearly": 0.34,
            "eps_latest_yearly": 0.16,
            "eps_growth_yearly": -193.37
        },
        "20111": {
            "year_quarter": 20111,
            "year": 2011,
            "quarter": 1,
            "eps": 0.43,
            "eps_growth_year": 43.86,
            "eps_4q": 0.63,
            "eps_4q_growth_year": 40.9,
            "roe": 4.92,
            "roe_4q": 5.1899999999999995,
            "gross_profit": 996000,
            "gross_margin": 68.74,
            "gross_margin_4q_avg": 55.58,
            "net_income": 503000,
            "revenue": 1449000,
            "common_shares": 0,
            "book_valuer_per_share": 2.1,
            "book_valuer_per_share_4q_avg": 2.09,
            "equity": 10237000,
            "current_ratio": 229.98,
            "debt_ratio": 17.29,
            "inventory_turnover_ratio": 4.21,
            "account_receivable_turnover_ratio": 3.77,
            "reinvestment_rate": 15.28,
            "research_to_sale_ratio": 9.8,
            "price_fair": 1.01,
            "eps_avg_yearly": 0.34,
            "eps_latest_yearly": 0.16,
            "eps_growth_yearly": -193.37
        },
        "20112": {
            "year_quarter": 20112,
            "year": 2011,
            "quarter": 2,
            "eps": 0.29,
            "eps_growth_year": 66.1,
            "eps_4q": 0.75,
            "eps_4q_growth_year": 59.81,
            "roe": 3.24,
            "roe_4q": 6.409999999999999,
            "gross_profit": 803000,
            "gross_margin": 70.07,
            "gross_margin_4q_avg": 57.61,
            "net_income": 335000,
            "revenue": 1146000,
            "common_shares": 0,
            "book_valuer_per_share": 2.32,
            "book_valuer_per_share_4q_avg": 2.14,
            "equity": 10465000,
            "current_ratio": 317.34,
            "debt_ratio": 12.59,
            "inventory_turnover_ratio": 3.5,
            "account_receivable_turnover_ratio": 9.75,
            "reinvestment_rate": 10.81,
            "research_to_sale_ratio": 10.12,
            "price_fair": 1.42,
            "eps_avg_yearly": 0.47,
            "eps_latest_yearly": 1.16,
            "eps_growth_yearly": -182.84
        },
        "20113": {
            "year_quarter": 20113,
            "year": 2011,
            "quarter": 3,
            "eps": 0.13,
            "eps_growth_year": 207.14,
            "eps_4q": 0.83,
            "eps_4q_growth_year": 67.73,
            "roe": 1.41,
            "roe_4q": 7.35,
            "gross_profit": 517000,
            "gross_margin": 68.57,
            "gross_margin_4q_avg": 61.46,
            "net_income": 148000,
            "revenue": 754000,
            "common_shares": 0,
            "book_valuer_per_share": 2.4,
            "book_valuer_per_share_4q_avg": 2.21,
            "equity": 10571000,
            "current_ratio": 319.16,
            "debt_ratio": 12.73,
            "inventory_turnover_ratio": 1.58,
            "account_receivable_turnover_ratio": 5.41,
            "reinvestment_rate": 9.83,
            "research_to_sale_ratio": 17.64,
            "price_fair": 1.44,
            "eps_avg_yearly": 0.48,
            "eps_latest_yearly": 0.52,
            "eps_growth_yearly": -188.25
        },
        "20114": {
            "year_quarter": 20114,
            "year": 2011,
            "quarter": 4,
            "eps": 0.08,
            "eps_growth_year": null,
            "eps_4q": 0.93,
            "eps_4q_growth_year": 87.01,
            "roe": 0.94,
            "roe_4q": 10.51,
            "gross_profit": 666000,
            "gross_margin": 47.37,
            "gross_margin_4q_avg": 63.69,
            "net_income": 99000,
            "revenue": 1406000,
            "common_shares": 0,
            "book_valuer_per_share": 2.46,
            "book_valuer_per_share_4q_avg": 2.32,
            "equity": 10492000,
            "current_ratio": 210.49,
            "debt_ratio": 20.98,
            "inventory_turnover_ratio": 4.22,
            "account_receivable_turnover_ratio": 3.57,
            "reinvestment_rate": 8.33,
            "research_to_sale_ratio": 16.93,
            "price_fair": 1.38,
            "eps_avg_yearly": 0.46,
            "eps_latest_yearly": 0.32,
            "eps_growth_yearly": -183.95
        },
        "20121": {
            "year_quarter": 20121,
            "year": 2012,
            "quarter": 1,
            "eps": 0.34,
            "eps_growth_year": -22.18,
            "eps_4q": 0.84,
            "eps_4q_growth_year": 32.88,
            "roe": 3.66,
            "roe_4q": 9.25,
            "gross_profit": 808000,
            "gross_margin": 68.94,
            "gross_margin_4q_avg": 63.74,
            "net_income": 384000,
            "revenue": 1172000,
            "common_shares": 0,
            "book_valuer_per_share": 2.47,
            "book_valuer_per_share_4q_avg": 2.41,
            "equity": 10486000,
            "current_ratio": 257.38,
            "debt_ratio": 15.99,
            "inventory_turnover_ratio": 2.51,
            "account_receivable_turnover_ratio": 3.12,
            "reinvestment_rate": 6.36,
            "research_to_sale_ratio": 9.73,
            "price_fair": 1.68,
            "eps_avg_yearly": 0.56,
            "eps_latest_yearly": 1.36,
            "eps_growth_yearly": -19.07
        },
        "20122": {
            "year_quarter": 20122,
            "year": 2012,
            "quarter": 2,
            "eps": 0.16,
            "eps_growth_year": -43.8,
            "eps_4q": 0.71,
            "eps_4q_growth_year": -4.53,
            "roe": 1.76,
            "roe_4q": 7.77,
            "gross_profit": 698000,
            "gross_margin": 64.93,
            "gross_margin_4q_avg": 62.45,
            "net_income": 185000,
            "revenue": 1075000,
            "common_shares": 0,
            "book_valuer_per_share": 2.53,
            "book_valuer_per_share_4q_avg": 2.47,
            "equity": 10564000,
            "current_ratio": 291.91,
            "debt_ratio": 13.9,
            "inventory_turnover_ratio": 2.75,
            "account_receivable_turnover_ratio": 6.52,
            "reinvestment_rate": -4.39,
            "research_to_sale_ratio": 13.49,
            "price_fair": 1.83,
            "eps_avg_yearly": 0.61,
            "eps_latest_yearly": 0.64,
            "eps_growth_yearly": -29.9
        },
        "20123": {
            "year_quarter": 20123,
            "year": 2012,
            "quarter": 3,
            "eps": 0.2,
            "eps_growth_year": 53.17,
            "eps_4q": 0.78,
            "eps_4q_growth_year": -6.28,
            "roe": 2.11,
            "roe_4q": 8.47,
            "gross_profit": 604000,
            "gross_margin": 71.82,
            "gross_margin_4q_avg": 63.27,
            "net_income": 226000,
            "revenue": 841000,
            "common_shares": 0,
            "book_valuer_per_share": 2.79,
            "book_valuer_per_share_4q_avg": 2.56,
            "equity": 10883000,
            "current_ratio": 302.38,
            "debt_ratio": 14.04,
            "inventory_turnover_ratio": 1.13,
            "account_receivable_turnover_ratio": 3.94,
            "reinvestment_rate": -2.57,
            "research_to_sale_ratio": 14.86,
            "price_fair": 1.88,
            "eps_avg_yearly": 0.63,
            "eps_latest_yearly": 0.8,
            "eps_growth_yearly": -16.91
        },
        "20124": {
            "year_quarter": 20124,
            "year": 2012,
            "quarter": 4,
            "eps": 0.31,
            "eps_growth_year": 265.66,
            "eps_4q": 1.01,
            "eps_4q_growth_year": 7.69,
            "roe": 3.19,
            "roe_4q": 10.719999999999999,
            "gross_profit": 1061000,
            "gross_margin": 60.01,
            "gross_margin_4q_avg": 66.43,
            "net_income": 354000,
            "revenue": 1768000,
            "common_shares": 0,
            "book_valuer_per_share": 3.19,
            "book_valuer_per_share_4q_avg": 2.75,
            "equity": 11317000,
            "current_ratio": 236.58,
            "debt_ratio": 20.3,
            "inventory_turnover_ratio": 2.83,
            "account_receivable_turnover_ratio": 3.9,
            "reinvestment_rate": -2.46,
            "research_to_sale_ratio": 11.14,
            "price_fair": 10,
            "eps_avg_yearly": 0.68,
            "eps_latest_yearly": 1.24,
            "eps_growth_yearly": 4.63
        },
        "20131": {
            "year_quarter": 20131,
            "year": 2013,
            "quarter": 1,
            "eps": 0.41,
            "eps_growth_year": 23.31,
            "eps_4q": 1.08,
            "eps_4q_growth_year": 29.31,
            "roe": 3.99,
            "roe_4q": 11.049999999999999,
            "gross_profit": 908000,
            "gross_margin": 68.53,
            "gross_margin_4q_avg": 66.32,
            "net_income": 456000,
            "revenue": 1325000,
            "common_shares": 0,
            "book_valuer_per_share": 3.37,
            "book_valuer_per_share_4q_avg": 2.97,
            "equity": 11535000,
            "current_ratio": 305.58,
            "debt_ratio": 15.96,
            "inventory_turnover_ratio": 2.27,
            "account_receivable_turnover_ratio": 2.81,
            "reinvestment_rate": -0.49,
            "research_to_sale_ratio": 9.36,
            "price_fair": 19.08,
            "eps_avg_yearly": 0.76,
            "eps_latest_yearly": 1.64,
            "eps_growth_yearly": 15
        },
        "20132": {
            "year_quarter": 20132,
            "year": 2013,
            "quarter": 2,
            "eps": 0.28,
            "eps_growth_year": 73.82,
            "eps_4q": 1.2,
            "eps_4q_growth_year": 69.09,
            "roe": 2.76,
            "roe_4q": 12.049999999999999,
            "gross_profit": 765000,
            "gross_margin": 72.86,
            "gross_margin_4q_avg": 68.31,
            "net_income": 324000,
            "revenue": 1050000,
            "common_shares": 0,
            "book_valuer_per_share": 3.85,
            "book_valuer_per_share_4q_avg": 3.3,
            "equity": 11935000,
            "current_ratio": 471.84,
            "debt_ratio": 11.01,
            "inventory_turnover_ratio": 1.97,
            "account_receivable_turnover_ratio": 5.93,
            "reinvestment_rate": -0.44,
            "research_to_sale_ratio": 11.71,
            "price_fair": 11.64,
            "eps_avg_yearly": 0.81,
            "eps_latest_yearly": 1.12,
            "eps_growth_yearly": 4.43
        },
        "20133": {
            "year_quarter": 20133,
            "year": 2013,
            "quarter": 3,
            "eps": 0.05,
            "eps_growth_year": -75.55,
            "eps_4q": 1.05,
            "eps_4q_growth_year": 35,
            "roe": 0.47,
            "roe_4q": 10.41,
            "gross_profit": 516000,
            "gross_margin": 74.67,
            "gross_margin_4q_avg": 69.02,
            "net_income": 56000,
            "revenue": 691000,
            "common_shares": 0,
            "book_valuer_per_share": 4,
            "book_valuer_per_share_4q_avg": 3.6,
            "equity": 12139000,
            "current_ratio": 575.79,
            "debt_ratio": 24.41,
            "inventory_turnover_ratio": 0.79,
            "account_receivable_turnover_ratio": 4.29,
            "reinvestment_rate": -0.41,
            "research_to_sale_ratio": 20.26,
            "price_fair": 14.89,
            "eps_avg_yearly": 0.82,
            "eps_latest_yearly": 0.2,
            "eps_growth_yearly": 8.16
        },
        "20134": {
            "year_quarter": 20134,
            "year": 2013,
            "quarter": 4,
            "eps": 0.22,
            "eps_growth_year": -28.61,
            "eps_4q": 0.97,
            "eps_4q_growth_year": -4.02,
            "roe": 1.84,
            "roe_4q": 9.06,
            "gross_profit": 864000,
            "gross_margin": 56.92,
            "gross_margin_4q_avg": 68.25,
            "net_income": 173000,
            "revenue": 1518000,
            "common_shares": 0,
            "book_valuer_per_share": -1.37,
            "book_valuer_per_share_4q_avg": 2.46,
            "equity": 6622000,
            "current_ratio": 259.5,
            "debt_ratio": 52.74,
            "inventory_turnover_ratio": 2.7,
            "account_receivable_turnover_ratio": 4.25,
            "reinvestment_rate": -0.19,
            "research_to_sale_ratio": 12.98,
            "price_fair": 28.86,
            "eps_avg_yearly": 0.82,
            "eps_latest_yearly": 0.88,
            "eps_growth_yearly": 112.14
        },
        "20141": {
            "year_quarter": 20141,
            "year": 2014,
            "quarter": 1,
            "eps": 0.4,
            "eps_growth_year": -4.42,
            "eps_4q": 0.95,
            "eps_4q_growth_year": -12.63,
            "roe": 4.33,
            "roe_4q": 9.399999999999999,
            "gross_profit": 769000,
            "gross_margin": 69.22,
            "gross_margin_4q_avg": 68.42,
            "net_income": 293000,
            "revenue": 1111000,
            "common_shares": null,
            "book_valuer_per_share": -0.96,
            "book_valuer_per_share_4q_avg": 1.38,
            "equity": 6924000,
            "current_ratio": 300.79,
            "debt_ratio": 48.82,
            "inventory_turnover_ratio": 2.08,
            "account_receivable_turnover_ratio": 3.05,
            "reinvestment_rate": -0.62,
            "research_to_sale_ratio": 12.87,
            "price_fair": 30.8,
            "eps_avg_yearly": 0.88,
            "eps_latest_yearly": 1.6,
            "eps_growth_yearly": 127.51
        },
        "20142": {
            "year_quarter": 20142,
            "year": 2014,
            "quarter": 2,
            "eps": 0.28,
            "eps_growth_year": -2.24,
            "eps_4q": 0.94,
            "eps_4q_growth_year": -21.85,
            "roe": 2.89,
            "roe_4q": 9.530000000000001,
            "gross_profit": 670000,
            "gross_margin": 69.07,
            "gross_margin_4q_avg": 67.47,
            "net_income": 204000,
            "revenue": 970000,
            "common_shares": 0,
            "book_valuer_per_share": -0.64,
            "book_valuer_per_share_4q_avg": 0.26,
            "equity": 7171000,
            "current_ratio": 379.35,
            "debt_ratio": 46.32,
            "inventory_turnover_ratio": 1.94,
            "account_receivable_turnover_ratio": 5.95,
            "reinvestment_rate": -0.59,
            "research_to_sale_ratio": 11.55,
            "price_fair": 31.9,
            "eps_avg_yearly": 0.91,
            "eps_latest_yearly": 1.12,
            "eps_growth_yearly": 131.32
        },
        "20143": {
            "year_quarter": 20143,
            "year": 2014,
            "quarter": 3,
            "eps": -0.03,
            "eps_growth_year": -166.04,
            "eps_4q": 0.86,
            "eps_4q_growth_year": -18.38,
            "roe": -0.32,
            "roe_4q": 8.74,
            "gross_profit": 500000,
            "gross_margin": 66.4,
            "gross_margin_4q_avg": 65.4,
            "net_income": -23000,
            "revenue": 753000,
            "common_shares": 0,
            "book_valuer_per_share": -0.9,
            "book_valuer_per_share_4q_avg": -0.97,
            "equity": 6992000,
            "current_ratio": 282.05,
            "debt_ratio": 49.53,
            "inventory_turnover_ratio": 1.36,
            "account_receivable_turnover_ratio": 1.89,
            "reinvestment_rate": -0.6,
            "research_to_sale_ratio": 17.4,
            "price_fair": 33.92,
            "eps_avg_yearly": 0.97,
            "eps_latest_yearly": 1.12,
            "eps_growth_yearly": 164.95
        },
        "20144": {
            "year_quarter": 20144,
            "year": 2014,
            "quarter": 4,
            "eps": 0.49,
            "eps_growth_year": 120.01,
            "eps_4q": 1.13,
            "eps_4q_growth_year": 16.61,
            "roe": 5.08,
            "roe_4q": 11.98,
            "gross_profit": 944000,
            "gross_margin": 59.94,
            "gross_margin_4q_avg": 66.16,
            "net_income": 361000,
            "revenue": 1575000,
            "common_shares": 0,
            "book_valuer_per_share": -0.49,
            "book_valuer_per_share_4q_avg": -0.75,
            "equity": 7233000,
            "current_ratio": 241.01,
            "debt_ratio": 50.6,
            "inventory_turnover_ratio": 3.66,
            "account_receivable_turnover_ratio": 2.34,
            "reinvestment_rate": -0.59,
            "research_to_sale_ratio": 11.68,
            "price_fair": 33.92,
            "eps_avg_yearly": 0.97,
            "eps_latest_yearly": 1.12,
            "eps_growth_yearly": 164.95
        },
        "20151": {
            "year_quarter": 20151,
            "year": 2015,
            "quarter": 1,
            "eps": 0.53,
            "eps_growth_year": 33.75,
            "eps_4q": 1.26,
            "eps_4q_growth_year": 32.96,
            "roe": 5.45,
            "roe_4q": 13.100000000000001,
            "gross_profit": 865000,
            "gross_margin": 67.68,
            "gross_margin_4q_avg": 65.77,
            "net_income": 394000,
            "revenue": 1278000,
            "common_shares": 0,
            "book_valuer_per_share": -0.51,
            "book_valuer_per_share_4q_avg": -0.64,
            "equity": 7238000,
            "current_ratio": 308.74,
            "debt_ratio": 47.46,
            "inventory_turnover_ratio": 3.67,
            "account_receivable_turnover_ratio": 2.95,
            "reinvestment_rate": -0.53,
            "research_to_sale_ratio": 11.35,
            "price_fair": 36.8,
            "eps_avg_yearly": 1.05,
            "eps_latest_yearly": 2.12,
            "eps_growth_yearly": 155.5
        },
        "20152": {
            "year_quarter": 20152,
            "year": 2015,
            "quarter": 2,
            "eps": 0.29,
            "eps_growth_year": 3.57,
            "eps_4q": 1.27,
            "eps_4q_growth_year": 34.89,
            "roe": 2.82,
            "roe_4q": 13.03,
            "gross_profit": 747000,
            "gross_margin": 71.55,
            "gross_margin_4q_avg": 66.39,
            "net_income": 212000,
            "revenue": 1044000,
            "common_shares": 0,
            "book_valuer_per_share": 0.24,
            "book_valuer_per_share_4q_avg": -0.42,
            "equity": 7801000,
            "current_ratio": 391.65,
            "debt_ratio": 44.34,
            "inventory_turnover_ratio": 2.71,
            "account_receivable_turnover_ratio": 5.11,
            "reinvestment_rate": -0.1,
            "research_to_sale_ratio": 14.27,
            "price_fair": 36.8,
            "eps_avg_yearly": 1.05,
            "eps_latest_yearly": 1.16,
            "eps_growth_yearly": 151.87
        },
        "20153": {
            "year_quarter": 20153,
            "year": 2015,
            "quarter": 3,
            "eps": 0.17,
            "eps_growth_year": null,
            "eps_4q": 1.47,
            "eps_4q_growth_year": 70.97,
            "roe": 1.61,
            "roe_4q": 14.959999999999999,
            "gross_profit": 653000,
            "gross_margin": 65.96,
            "gross_margin_4q_avg": 66.28,
            "net_income": 127000,
            "revenue": 990000,
            "common_shares": 0,
            "book_valuer_per_share": 0.51,
            "book_valuer_per_share_4q_avg": -0.06,
            "equity": 7989000,
            "current_ratio": 391.86,
            "debt_ratio": 44.14,
            "inventory_turnover_ratio": 1.9,
            "account_receivable_turnover_ratio": 2.81,
            "reinvestment_rate": 0.78,
            "research_to_sale_ratio": 16.06,
            "price_fair": 37.2,
            "eps_avg_yearly": 1.06,
            "eps_latest_yearly": 0.68,
            "eps_growth_yearly": 155.81
        },
        "20154": {
            "year_quarter": 20154,
            "year": 2015,
            "quarter": 4,
            "eps": 0.21,
            "eps_growth_year": -56.59,
            "eps_4q": 1.2,
            "eps_4q_growth_year": 6.2,
            "roe": 1.98,
            "roe_4q": 11.86,
            "gross_profit": 814000,
            "gross_margin": 60.21,
            "gross_margin_4q_avg": 66.35,
            "net_income": 159000,
            "revenue": 1352000,
            "common_shares": 0,
            "book_valuer_per_share": 0.56,
            "book_valuer_per_share_4q_avg": 0.2,
            "equity": 8068000,
            "current_ratio": 129.72,
            "debt_ratio": 47.08,
            "inventory_turnover_ratio": 2.94,
            "account_receivable_turnover_ratio": 2.29,
            "reinvestment_rate": 0.46,
            "research_to_sale_ratio": 14.28,
            "price_fair": 38.5,
            "eps_avg_yearly": 1.1,
            "eps_latest_yearly": 0.84,
            "eps_growth_yearly": 173.52
        },
        "20161": {
            "year_quarter": 20161,
            "year": 2016,
            "quarter": 1,
            "eps": 0.48,
            "eps_growth_year": -9.21,
            "eps_4q": 1.15,
            "eps_4q_growth_year": -8.92,
            "roe": 4.42,
            "roe_4q": 10.83,
            "gross_profit": 964000,
            "gross_margin": 66.25,
            "gross_margin_4q_avg": 65.99,
            "net_income": 363000,
            "revenue": 1455000,
            "common_shares": 0,
            "book_valuer_per_share": -5.45,
            "book_valuer_per_share_4q_avg": -1.04,
            "equity": 8348000,
            "current_ratio": 172.61,
            "debt_ratio": 51.75,
            "inventory_turnover_ratio": 4.25,
            "account_receivable_turnover_ratio": 2.74,
            "reinvestment_rate": 2.07,
            "research_to_sale_ratio": 12.03,
            "price_fair": 39.9,
            "eps_avg_yearly": 1.14,
            "eps_latest_yearly": 1.92,
            "eps_growth_yearly": 117.4
        },
        "20162": {
            "year_quarter": 20162,
            "year": 2016,
            "quarter": 2,
            "eps": 0.2,
            "eps_growth_year": -30.28,
            "eps_4q": 1.06,
            "eps_4q_growth_year": -16.44,
            "roe": 1.79,
            "roe_4q": 9.799999999999999,
            "gross_profit": 972000,
            "gross_margin": 61.91,
            "gross_margin_4q_avg": 63.58,
            "net_income": 151000,
            "revenue": 1570000,
            "common_shares": 0,
            "book_valuer_per_share": -4.92,
            "book_valuer_per_share_4q_avg": -2.33,
            "equity": 8554000,
            "current_ratio": 156.09,
            "debt_ratio": 48.49,
            "inventory_turnover_ratio": 6.07,
            "account_receivable_turnover_ratio": 3.72,
            "reinvestment_rate": 2.43,
            "research_to_sale_ratio": 15.86,
            "price_fair": 40.3,
            "eps_avg_yearly": 1.15,
            "eps_latest_yearly": 0.8,
            "eps_growth_yearly": 115.86
        },
        "20163": {
            "year_quarter": 20163,
            "year": 2016,
            "quarter": 3,
            "eps": 0.26,
            "eps_growth_year": 54.06,
            "eps_4q": 1.15,
            "eps_4q_growth_year": -21.67,
            "roe": 2.29,
            "roe_4q": 10.48,
            "gross_profit": 1039000,
            "gross_margin": 66.26,
            "gross_margin_4q_avg": 63.66,
            "net_income": 199000,
            "revenue": 1568000,
            "common_shares": null,
            "book_valuer_per_share": -4.18,
            "book_valuer_per_share_4q_avg": -3.5,
            "equity": 8818000,
            "current_ratio": 144.12,
            "debt_ratio": 52.02,
            "inventory_turnover_ratio": 4.7,
            "account_receivable_turnover_ratio": 3.45,
            "reinvestment_rate": 2.87,
            "research_to_sale_ratio": 15.88,
            "price_fair": 40.9,
            "eps_avg_yearly": 1.17,
            "eps_latest_yearly": 1.04,
            "eps_growth_yearly": 117.28
        },
        "20164": {
            "year_quarter": 20164,
            "year": 2016,
            "quarter": 4,
            "eps": 0.44,
            "eps_growth_year": 106.58,
            "eps_4q": 1.38,
            "eps_4q_growth_year": 15.2,
            "roe": 2.82,
            "roe_4q": 11.32,
            "gross_profit": 1238000,
            "gross_margin": 61.47,
            "gross_margin_4q_avg": 63.97,
            "net_income": 253000,
            "revenue": 2014000,
            "common_shares": 0,
            "book_valuer_per_share": -3.44,
            "book_valuer_per_share_4q_avg": -4.5,
            "equity": 9119000,
            "current_ratio": 181.85,
            "debt_ratio": 47.75,
            "inventory_turnover_ratio": 8.62,
            "account_receivable_turnover_ratio": 3.42,
            "reinvestment_rate": 3.13,
            "research_to_sale_ratio": 14.15,
            "price_fair": 42.2,
            "eps_avg_yearly": 1.21,
            "eps_latest_yearly": 1.76,
            "eps_growth_yearly": 121.35
        },
        "20171": {
            "year_quarter": 20171,
            "year": 2017,
            "quarter": 1,
            "eps": 0.56,
            "eps_growth_year": 16.47,
            "eps_4q": 1.46,
            "eps_4q_growth_year": 27,
            "roe": 4.59,
            "roe_4q": 11.489999999999998,
            "gross_profit": 1141000,
            "gross_margin": 66.11,
            "gross_margin_4q_avg": 63.94,
            "net_income": 426000,
            "revenue": 1726000,
            "common_shares": null,
            "book_valuer_per_share": -2.75,
            "book_valuer_per_share_4q_avg": -3.82,
            "equity": 9436000,
            "current_ratio": 194.55,
            "debt_ratio": 44.23,
            "inventory_turnover_ratio": 12.06,
            "account_receivable_turnover_ratio": 3.21,
            "reinvestment_rate": 2.83,
            "research_to_sale_ratio": 13.04,
            "price_fair": 43.7,
            "eps_avg_yearly": 1.25,
            "eps_latest_yearly": 2.24,
            "eps_growth_yearly": 119.93
        },
        "20172": {
            "year_quarter": 20172,
            "year": 2017,
            "quarter": 2,
            "eps": 0.32,
            "eps_growth_year": 59.67,
            "eps_4q": 1.58,
            "eps_4q_growth_year": 48.55,
            "roe": 2.54,
            "roe_4q": 12.239999999999998,
            "gross_profit": 1070000,
            "gross_margin": 65.6,
            "gross_margin_4q_avg": 64.86,
            "net_income": 243000,
            "revenue": 1631000,
            "common_shares": null,
            "book_valuer_per_share": -2.16,
            "book_valuer_per_share_4q_avg": -3.13,
            "equity": 9715000,
            "current_ratio": 246.57,
            "debt_ratio": 42.2,
            "inventory_turnover_ratio": 11.33,
            "account_receivable_turnover_ratio": 4.63,
            "reinvestment_rate": 2.73,
            "research_to_sale_ratio": 15.45,
            "price_fair": 44.1,
            "eps_avg_yearly": 1.26,
            "eps_latest_yearly": 1.28,
            "eps_growth_yearly": 116.74
        },
        "20173": {
            "year_quarter": 20173,
            "year": 2017,
            "quarter": 3,
            "eps": 0.25,
            "eps_growth_year": -6.29,
            "eps_4q": 1.56,
            "eps_4q_growth_year": 35.28,
            "roe": 1.91,
            "roe_4q": 11.86,
            "gross_profit": 1066000,
            "gross_margin": 65.88,
            "gross_margin_4q_avg": 64.77,
            "net_income": 188000,
            "revenue": 1618000,
            "common_shares": 0,
            "book_valuer_per_share": -1.59,
            "book_valuer_per_share_4q_avg": -2.49,
            "equity": 9967000,
            "current_ratio": 225.45,
            "debt_ratio": 43.75,
            "inventory_turnover_ratio": 7.61,
            "account_receivable_turnover_ratio": 2.59,
            "reinvestment_rate": 2.87,
            "research_to_sale_ratio": 16.87,
            "price_fair": 46.1,
            "eps_avg_yearly": 1.32,
            "eps_latest_yearly": 1,
            "eps_growth_yearly": 133.96
        },
        "20174": {
            "year_quarter": 20174,
            "year": 2017,
            "quarter": 4,
            "eps": 0.03,
            "eps_growth_year": -92.74,
            "eps_4q": 1.15,
            "eps_4q_growth_year": -16.21,
            "roe": 0.52,
            "roe_4q": 9.559999999999999,
            "gross_profit": 1240000,
            "gross_margin": 60.7,
            "gross_margin_4q_avg": 64.57,
            "net_income": 51000,
            "revenue": 2043000,
            "common_shares": 0,
            "book_valuer_per_share": -1.97,
            "book_valuer_per_share_4q_avg": -2.12,
            "equity": 9462000,
            "current_ratio": 178,
            "debt_ratio": 49.31,
            "inventory_turnover_ratio": 11.47,
            "account_receivable_turnover_ratio": 2.26,
            "reinvestment_rate": 3.69,
            "research_to_sale_ratio": 15.61,
            "price_fair": 27.37,
            "eps_avg_yearly": 1.26,
            "eps_latest_yearly": 0.12,
            "eps_growth_yearly": 11.67
        },
        "20181": {
            "year_quarter": 20181,
            "year": 2018,
            "quarter": 1,
            "eps": 0.65,
            "eps_growth_year": 16,
            "eps_4q": 1.24,
            "eps_4q_growth_year": -14.62,
            "roe": 5.19,
            "roe_4q": 10.16,
            "gross_profit": 1303000,
            "gross_margin": 66.31,
            "gross_margin_4q_avg": 64.62,
            "net_income": 500000,
            "revenue": 1965000,
            "common_shares": 0,
            "book_valuer_per_share": -1.35,
            "book_valuer_per_share_4q_avg": -1.77,
            "equity": 9819000,
            "current_ratio": 219,
            "debt_ratio": 46.63,
            "inventory_turnover_ratio": 15.05,
            "account_receivable_turnover_ratio": 2.91,
            "reinvestment_rate": 3.02,
            "research_to_sale_ratio": 13.18,
            "price_fair": 46.7,
            "eps_avg_yearly": 1.33,
            "eps_latest_yearly": 2.6,
            "eps_growth_yearly": 578.77
        },
        "20182": {
            "year_quarter": 20182,
            "year": 2018,
            "quarter": 2,
            "eps": 0.52,
            "eps_growth_year": 64.15,
            "eps_4q": 1.45,
            "eps_4q_growth_year": -8.11,
            "roe": 3.99,
            "roe_4q": 11.61,
            "gross_profit": 1131000,
            "gross_margin": 68.92,
            "gross_margin_4q_avg": 65.45,
            "net_income": 402000,
            "revenue": 1641000,
            "common_shares": 0,
            "book_valuer_per_share": -0.6,
            "book_valuer_per_share_4q_avg": -1.38,
            "equity": 10346000,
            "current_ratio": 297.77,
            "debt_ratio": 42.39,
            "inventory_turnover_ratio": 13.08,
            "account_receivable_turnover_ratio": 3.87,
            "reinvestment_rate": 2.75,
            "research_to_sale_ratio": 15.54,
            "price_fair": 49.1,
            "eps_avg_yearly": 1.4,
            "eps_latest_yearly": 2.08,
            "eps_growth_yearly": 581.63
        },
        "20183": {
            "year_quarter": 20183,
            "year": 2018,
            "quarter": 3,
            "eps": 0.37,
            "eps_growth_year": 51.14,
            "eps_4q": 1.57,
            "eps_4q_growth_year": 0.9,
            "roe": 2.48,
            "roe_4q": 12.18,
            "gross_profit": 999000,
            "gross_margin": 66.07,
            "gross_margin_4q_avg": 65.5,
            "net_income": 260000,
            "revenue": 1512000,
            "common_shares": 0,
            "book_valuer_per_share": -0.14,
            "book_valuer_per_share_4q_avg": -1.02,
            "equity": 10659000,
            "current_ratio": 208.73,
            "debt_ratio": 36.22,
            "inventory_turnover_ratio": 4.89,
            "account_receivable_turnover_ratio": 2.86,
            "reinvestment_rate": 2.68,
            "research_to_sale_ratio": 17.39,
            "price_fair": 49.28,
            "eps_avg_yearly": 1.41,
            "eps_latest_yearly": 1.48,
            "eps_growth_yearly": 535.16
        },
        "20184": {
            "year_quarter": 20184,
            "year": 2018,
            "quarter": 4,
            "eps": 0.46,
            "eps_growth_year": 1356.59,
            "eps_4q": 2,
            "eps_4q_growth_year": 73.52,
            "roe": 3.14,
            "roe_4q": 14.8,
            "gross_profit": 1549000,
            "gross_margin": 65.06,
            "gross_margin_4q_avg": 66.59,
            "net_income": 346000,
            "revenue": 2381000,
            "common_shares": 0,
            "book_valuer_per_share": 1.09,
            "book_valuer_per_share_4q_avg": -0.25,
            "equity": 11392000,
            "current_ratio": 231.11,
            "debt_ratio": 36.32,
            "inventory_turnover_ratio": 7.67,
            "account_receivable_turnover_ratio": 2.84,
            "reinvestment_rate": 2.69,
            "research_to_sale_ratio": 13.65,
            "price_fair": 50.23,
            "eps_avg_yearly": 1.44,
            "eps_latest_yearly": 1.84,
            "eps_growth_yearly": 507.8
        },
        "20191": {
            "year_quarter": 20191,
            "year": 2019,
            "quarter": 1,
            "eps": 0.64,
            "eps_growth_year": -1.61,
            "eps_4q": 1.99,
            "eps_4q_growth_year": 60.19,
            "roe": 3.89,
            "roe_4q": 13.5,
            "gross_profit": 1262000,
            "gross_margin": 69.15,
            "gross_margin_4q_avg": 67.3,
            "net_income": 447000,
            "revenue": 1825000,
            "common_shares": 1,
            "book_valuer_per_share": 1.4,
            "book_valuer_per_share_4q_avg": 0.44,
            "equity": 11596000,
            "current_ratio": 263.05,
            "debt_ratio": 35.39,
            "inventory_turnover_ratio": 12.8,
            "account_receivable_turnover_ratio": 2.24,
            "reinvestment_rate": 7.49,
            "research_to_sale_ratio": 13.64,
            "price_fair": 51.19,
            "eps_avg_yearly": 1.46,
            "eps_latest_yearly": 2.56,
            "eps_growth_yearly": 515.54
        },
        "20192": {
            "year_quarter": 20192,
            "year": 2019,
            "quarter": 2,
            "eps": 0.45,
            "eps_growth_year": -13.56,
            "eps_4q": 1.92,
            "eps_4q_growth_year": 32.74,
            "roe": 2.78,
            "roe_4q": 12.290000000000001,
            "gross_profit": 963000,
            "gross_margin": 68.98,
            "gross_margin_4q_avg": 67.32,
            "net_income": 328000,
            "revenue": 1396000,
            "common_shares": 1,
            "book_valuer_per_share": 1.94,
            "book_valuer_per_share_4q_avg": 1.07,
            "equity": 11977000,
            "current_ratio": 345.52,
            "debt_ratio": 31.54,
            "inventory_turnover_ratio": 9.52,
            "account_receivable_turnover_ratio": 2.66,
            "reinvestment_rate": 6.84,
            "research_to_sale_ratio": 17.48,
            "price_fair": 52.59,
            "eps_avg_yearly": 1.5,
            "eps_latest_yearly": 1.8,
            "eps_growth_yearly": 519.44
        },
        "20193": {
            "year_quarter": 20193,
            "year": 2019,
            "quarter": 3,
            "eps": 0.29,
            "eps_growth_year": -21.8,
            "eps_4q": 1.84,
            "eps_4q_growth_year": 17.02,
            "roe": 1.69,
            "roe_4q": 11.5,
            "gross_profit": 840000,
            "gross_margin": 65.52,
            "gross_margin_4q_avg": 67.18,
            "net_income": 204000,
            "revenue": 1282000,
            "common_shares": 1,
            "book_valuer_per_share": 2.32,
            "book_valuer_per_share_4q_avg": 1.69,
            "equity": 12235000,
            "current_ratio": 343.35,
            "debt_ratio": 31.28,
            "inventory_turnover_ratio": 5.97,
            "account_receivable_turnover_ratio": 3.05,
            "reinvestment_rate": 6.59,
            "research_to_sale_ratio": 16.38,
            "price_fair": 53.64,
            "eps_avg_yearly": 1.53,
            "eps_latest_yearly": 1.16,
            "eps_growth_yearly": 520.89
        },
        "20194": {
            "year_quarter": 20194,
            "year": 2019,
            "quarter": 4,
            "eps": 0.69,
            "eps_growth_year": 49.98,
            "eps_4q": 2.07,
            "eps_4q_growth_year": 3.43,
            "roe": 4.19,
            "roe_4q": 12.55,
            "gross_profit": 1329000,
            "gross_margin": 66.92,
            "gross_margin_4q_avg": 67.64,
            "net_income": 525000,
            "revenue": 1986000,
            "common_shares": 1,
            "book_valuer_per_share": 3.19,
            "book_valuer_per_share_4q_avg": 2.21,
            "equity": 12805000,
            "current_ratio": 250.15,
            "debt_ratio": 35.47,
            "inventory_turnover_ratio": 9.81,
            "account_receivable_turnover_ratio": 3.22,
            "reinvestment_rate": 4.89,
            "research_to_sale_ratio": 14.9,
            "price_fair": 57.84,
            "eps_avg_yearly": 1.65,
            "eps_latest_yearly": 2.76,
            "eps_growth_yearly": 549.49
        },
        "20201": {
            "year_quarter": 20201,
            "year": 2020,
            "quarter": 1,
            "eps": 0.68,
            "eps_growth_year": 6.01,
            "eps_4q": 2.11,
            "eps_4q_growth_year": 5.9,
            "roe": 3.91,
            "roe_4q": 12.57,
            "gross_profit": 1283000,
            "gross_margin": 71.76,
            "gross_margin_4q_avg": 68.3,
            "net_income": 505000,
            "revenue": 1788000,
            "common_shares": 1,
            "book_valuer_per_share": 3.47,
            "book_valuer_per_share_4q_avg": 2.73,
            "equity": 13021000,
            "current_ratio": 278.09,
            "debt_ratio": 33.58,
            "inventory_turnover_ratio": null,
            "account_receivable_turnover_ratio": 2.49,
            "reinvestment_rate": -0.48,
            "research_to_sale_ratio": 13.31,
            "price_fair": 59.59,
            "eps_avg_yearly": 1.7,
            "eps_latest_yearly": 2.72,
            "eps_growth_yearly": 516.99
        },
        "20202": {
            "year_quarter": 20202,
            "year": 2020,
            "quarter": 2,
            "eps": 0.75,
            "eps_growth_year": 66.98,
            "eps_4q": 2.41,
            "eps_4q_growth_year": 25.51,
            "roe": 4.34,
            "roe_4q": 14.13,
            "gross_profit": 1463000,
            "gross_margin": 75.72,
            "gross_margin_4q_avg": 69.98,
            "net_income": 580000,
            "revenue": 1932000,
            "common_shares": 1,
            "book_valuer_per_share": 4.28,
            "book_valuer_per_share_4q_avg": 3.32,
            "equity": 13682000,
            "current_ratio": 301.88,
            "debt_ratio": 32.33,
            "inventory_turnover_ratio": null,
            "account_receivable_turnover_ratio": 3.21,
            "reinvestment_rate": -0.66,
            "research_to_sale_ratio": 15.06,
            "price_fair": 64.4,
            "eps_avg_yearly": 1.84,
            "eps_latest_yearly": 3,
            "eps_growth_yearly": 534.14
        },
        "20203": {
            "year_quarter": 20203,
            "year": 2020,
            "quarter": 3,
            "eps": 0.82,
            "eps_growth_year": 182.09,
            "eps_4q": 2.94,
            "eps_4q_growth_year": 59.7,
            "roe": 4.3,
            "roe_4q": 16.740000000000002,
            "gross_profit": 1485000,
            "gross_margin": 76,
            "gross_margin_4q_avg": 72.6,
            "net_income": 604000,
            "revenue": 1954000,
            "common_shares": 1,
            "book_valuer_per_share": 5.18,
            "book_valuer_per_share_4q_avg": 4.03,
            "equity": 14382000,
            "current_ratio": 411.61,
            "debt_ratio": 33.35,
            "inventory_turnover_ratio": null,
            "account_receivable_turnover_ratio": 3.17,
            "reinvestment_rate": -0.8,
            "research_to_sale_ratio": 14.02,
            "price_fair": 69.3,
            "eps_avg_yearly": 1.98,
            "eps_latest_yearly": 3.28,
            "eps_growth_yearly": 528.98
        },
        "20204": {
            "year_quarter": 20204,
            "year": 2020,
            "quarter": 4,
            "eps": 0.72,
            "eps_growth_year": 3.31,
            "eps_4q": 2.96,
            "eps_4q_growth_year": 43.03,
            "roe": 3.46,
            "roe_4q": 16.009999999999998,
            "gross_profit": 1595000,
            "gross_margin": 66.13,
            "gross_margin_4q_avg": 72.4,
            "net_income": 509000,
            "revenue": 2412000,
            "common_shares": 1,
            "book_valuer_per_share": 6.02,
            "book_valuer_per_share_4q_avg": 4.74,
            "equity": 15037000,
            "current_ratio": 340.81,
            "debt_ratio": 34.93,
            "inventory_turnover_ratio": null,
            "account_receivable_turnover_ratio": 2.89,
            "reinvestment_rate": -0.59,
            "research_to_sale_ratio": 14.43,
            "price_fair": 71.75,
            "eps_avg_yearly": 2.05,
            "eps_latest_yearly": 2.88,
            "eps_growth_yearly": 508.62
        },
        "20211": {
            "year_quarter": 20211,
            "year": 2021,
            "quarter": 1,
            "eps": 0.82,
            "eps_growth_year": 21.3,
            "eps_4q": 3.11,
            "eps_4q_growth_year": 47.26,
            "roe": 4.08,
            "roe_4q": 16.18,
            "gross_profit": 1697000,
            "gross_margin": 74.59,
            "gross_margin_4q_avg": 73.11,
            "net_income": 619000,
            "revenue": 2275000,
            "common_shares": 1,
            "book_valuer_per_share": 6.32,
            "book_valuer_per_share_4q_avg": 5.45,
            "equity": 15331000,
            "current_ratio": 343.35,
            "debt_ratio": 34.55,
            "inventory_turnover_ratio": null,
            "account_receivable_turnover_ratio": 2.49,
            "reinvestment_rate": -0.86,
            "research_to_sale_ratio": 15.52,
            "price_fair": 74.03,
            "eps_avg_yearly": 2.12,
            "eps_latest_yearly": 3.28,
            "eps_growth_yearly": 505.28
        },
        "20212": {
            "year_quarter": 20212,
            "year": 2021,
            "quarter": 2,
            "eps": 1.13,
            "eps_growth_year": 50.39,
            "eps_4q": 3.49,
            "eps_4q_growth_year": 44.54,
            "roe": 5.54,
            "roe_4q": 17.380000000000003,
            "gross_profit": 1741000,
            "gross_margin": 75.83,
            "gross_margin_4q_avg": 73.14,
            "net_income": 876000,
            "revenue": 2296000,
            "common_shares": 1,
            "book_valuer_per_share": 7.46,
            "book_valuer_per_share_4q_avg": 6.25,
            "equity": 16286000,
            "current_ratio": 483.22,
            "debt_ratio": 30.91,
            "inventory_turnover_ratio": null,
            "account_receivable_turnover_ratio": 3.16,
            "reinvestment_rate": -1.15,
            "research_to_sale_ratio": 14.59,
            "price_fair": 81.11,
            "eps_avg_yearly": 2.32,
            "eps_latest_yearly": 4.52,
            "eps_growth_yearly": 525.44
        },
        "20213": {
            "year_quarter": 20213,
            "year": 2021,
            "quarter": 3,
            "eps": 0.82,
            "eps_growth_year": 0.12,
            "eps_4q": 3.49,
            "eps_4q_growth_year": 18.62,
            "roe": 3.85,
            "roe_4q": 16.93,
            "gross_profit": 1543000,
            "gross_margin": 74.54,
            "gross_margin_4q_avg": 72.77,
            "net_income": 639000,
            "revenue": 2070000,
            "common_shares": 1,
            "book_valuer_per_share": 8.2,
            "book_valuer_per_share_4q_avg": 7,
            "equity": 16950000,
            "current_ratio": 556.1,
            "debt_ratio": 29.31,
            "inventory_turnover_ratio": null,
            "account_receivable_turnover_ratio": 3.27,
            "reinvestment_rate": -1.66,
            "research_to_sale_ratio": 15.89,
            "price_fair": 86.1,
            "eps_avg_yearly": 2.46,
            "eps_latest_yearly": 3.28,
            "eps_growth_yearly": 524.05
        },
        "20214": {
            "year_quarter": 20214,
            "year": 2021,
            "quarter": 4,
            "eps": 0.75,
            "eps_growth_year": 5.44,
            "eps_4q": 3.53,
            "eps_4q_growth_year": 19.02,
            "roe": 3.26,
            "roe_4q": 16.729999999999997,
            "gross_profit": 1505000,
            "gross_margin": 69.58,
            "gross_margin_4q_avg": 73.64,
            "net_income": 564000,
            "revenue": 2163000,
            "common_shares": 1,
            "book_valuer_per_share": 9.17,
            "book_valuer_per_share_4q_avg": 7.79,
            "equity": 17599000,
            "current_ratio": 520.78,
            "debt_ratio": 29.76,
            "inventory_turnover_ratio": null,
            "account_receivable_turnover_ratio": 2.78,
            "reinvestment_rate": -1.48,
            "research_to_sale_ratio": 14.84,
            "price_fair": 92.4,
            "eps_avg_yearly": 2.64,
            "eps_latest_yearly": 3,
            "eps_growth_yearly": 543.92
        },
        "20221": {
            "year_quarter": 20221,
            "year": 2022,
            "quarter": 1,
            "eps": 0.53,
            "eps_growth_year": -34.88,
            "eps_4q": 3.24,
            "eps_4q_growth_year": 4.28,
            "roe": 2.23,
            "roe_4q": 14.879999999999999,
            "gross_profit": 1289000,
            "gross_margin": 72.91,
            "gross_margin_4q_avg": 73.22,
            "net_income": 395000,
            "revenue": 1768000,
            "common_shares": 1,
            "book_valuer_per_share": 9.34,
            "book_valuer_per_share_4q_avg": 8.54,
            "equity": 17831000,
            "current_ratio": 545,
            "debt_ratio": 28.71,
            "inventory_turnover_ratio": null,
            "account_receivable_turnover_ratio": 2.35,
            "reinvestment_rate": -1.37,
            "research_to_sale_ratio": 19.57,
            "price_fair": 78.08,
            "eps_avg_yearly": 2.61,
            "eps_latest_yearly": 2.12,
            "eps_growth_yearly": 19.92
        },
        "20222": {
            "year_quarter": 20222,
            "year": 2022,
            "quarter": 2,
            "eps": 0.37,
            "eps_growth_year": -67.38,
            "eps_4q": 2.48,
            "eps_4q_growth_year": -28.96,
            "roe": 1.55,
            "roe_4q": 10.89,
            "gross_profit": 1159000,
            "gross_margin": 70.5,
            "gross_margin_4q_avg": 71.88,
            "net_income": 280000,
            "revenue": 1644000,
            "common_shares": 1,
            "book_valuer_per_share": 9.89,
            "book_valuer_per_share_4q_avg": 9.15,
            "equity": 18248000,
            "current_ratio": 617.93,
            "debt_ratio": 26.99,
            "inventory_turnover_ratio": null,
            "account_receivable_turnover_ratio": 2.98,
            "reinvestment_rate": -1.38,
            "research_to_sale_ratio": 18.92,
            "price_fair": 70.41,
            "eps_avg_yearly": 2.57,
            "eps_latest_yearly": 1.48,
            "eps_growth_yearly": 17.37
        },
        "20223": {
            "year_quarter": 20223,
            "year": 2022,
            "quarter": 3,
            "eps": 0.56,
            "eps_growth_year": -31.09,
            "eps_4q": 2.22,
            "eps_4q_growth_year": -36.28,
            "roe": 2.35,
            "roe_4q": 9.39,
            "gross_profit": 1280000,
            "gross_margin": 71.83,
            "gross_margin_4q_avg": 71.21,
            "net_income": 435000,
            "revenue": 1782000,
            "common_shares": 1,
            "book_valuer_per_share": 10.58,
            "book_valuer_per_share_4q_avg": 9.75,
            "equity": 18808000,
            "current_ratio": 575.5,
            "debt_ratio": 26.59,
            "inventory_turnover_ratio": null,
            "account_receivable_turnover_ratio": 2.9,
            "reinvestment_rate": -1.41,
            "research_to_sale_ratio": 15.54,
            "price_fair": 91.7,
            "eps_avg_yearly": 2.62,
            "eps_latest_yearly": 2.24,
            "eps_growth_yearly": 37.42
        },
        "20224": {
            "year_quarter": 20224,
            "year": 2022,
            "quarter": 4,
            "eps": 0.52,
            "eps_growth_year": -31.07,
            "eps_4q": 1.99,
            "eps_4q_growth_year": -43.62,
            "roe": 2.12,
            "roe_4q": 8.25,
            "gross_profit": 1578000,
            "gross_margin": 67.61,
            "gross_margin_4q_avg": 70.71,
            "net_income": 403000,
            "revenue": 2334000,
            "common_shares": 1,
            "book_valuer_per_share": 10.5,
            "book_valuer_per_share_4q_avg": 10.08,
            "equity": 19243000,
            "current_ratio": 407,
            "debt_ratio": 29.73,
            "inventory_turnover_ratio": null,
            "account_receivable_turnover_ratio": 2.51,
            "reinvestment_rate": -4.03,
            "research_to_sale_ratio": 20.82,
            "price_fair": 92.23,
            "eps_avg_yearly": 2.64,
            "eps_latest_yearly": 2.08,
            "eps_growth_yearly": 29.55
        },
        "20231": {
            "year_quarter": 20231,
            "year": 2023,
            "quarter": 1,
            "eps": 0.96,
            "eps_growth_year": 79.53,
            "eps_4q": 2.41,
            "eps_4q_growth_year": -25.52,
            "roe": 3.76,
            "roe_4q": 9.780000000000001,
            "gross_profit": 1718000,
            "gross_margin": 72.09,
            "gross_margin_4q_avg": 70.51,
            "net_income": 740000,
            "revenue": 2383000,
            "common_shares": 1,
            "book_valuer_per_share": 11.61,
            "book_valuer_per_share_4q_avg": 10.65,
            "equity": 20115000,
            "current_ratio": 515.41,
            "debt_ratio": 26.57,
            "inventory_turnover_ratio": null,
            "account_receivable_turnover_ratio": 2.42,
            "reinvestment_rate": -3.83,
            "research_to_sale_ratio": 16.87,
            "price_fair": 95.03,
            "eps_avg_yearly": 2.72,
            "eps_latest_yearly": 3.84,
            "eps_growth_yearly": 40.92
        }
    },
    "months": {
        "2001-01": {
            "month": "2001-01",
            "price": "1.46",
            "revenue": 0
        },
        "2001-02": {
            "month": "2001-02",
            "price": "1.81",
            "revenue": 0
        },
        "2001-03": {
            "month": "2001-03",
            "price": "1.97",
            "revenue": 0
        },
        "2001-04": {
            "month": "2001-04",
            "price": "2.06",
            "revenue": 0
        },
        "2001-05": {
            "month": "2001-05",
            "price": "2.47",
            "revenue": 0
        },
        "2001-06": {
            "month": "2001-06",
            "price": "3.09",
            "revenue": 0
        },
        "2001-07": {
            "month": "2001-07",
            "price": "3.08",
            "revenue": 0
        },
        "2001-08": {
            "month": "2001-08",
            "price": "2.83",
            "revenue": 0
        },
        "2001-09": {
            "month": "2001-09",
            "price": "2.45",
            "revenue": 0
        },
        "2001-10": {
            "month": "2001-10",
            "price": "2.82",
            "revenue": 0
        },
        "2001-11": {
            "month": "2001-11",
            "price": "3.03",
            "revenue": 0
        },
        "2001-12": {
            "month": "2001-12",
            "price": "3.23",
            "revenue": 0
        },
        "2002-01": {
            "month": "2002-01",
            "price": "3.19",
            "revenue": 0
        },
        "2002-02": {
            "month": "2002-02",
            "price": "3.29",
            "revenue": 0
        },
        "2002-03": {
            "month": "2002-03",
            "price": "3.73",
            "revenue": 0
        },
        "2002-04": {
            "month": "2002-04",
            "price": "3.75",
            "revenue": 0
        },
        "2002-05": {
            "month": "2002-05",
            "price": "4.08",
            "revenue": 0
        },
        "2002-06": {
            "month": "2002-06",
            "price": "3.70",
            "revenue": 0
        },
        "2002-07": {
            "month": "2002-07",
            "price": "3.35",
            "revenue": 0
        },
        "2002-08": {
            "month": "2002-08",
            "price": "3.52",
            "revenue": 0
        },
        "2002-09": {
            "month": "2002-09",
            "price": "3.31",
            "revenue": 0
        },
        "2002-10": {
            "month": "2002-10",
            "price": "2.58",
            "revenue": 0
        },
        "2002-11": {
            "month": "2002-11",
            "price": "2.57",
            "revenue": 0
        },
        "2002-12": {
            "month": "2002-12",
            "price": "2.03",
            "revenue": 0
        },
        "2003-01": {
            "month": "2003-01",
            "price": "1.82",
            "revenue": 0
        },
        "2003-02": {
            "month": "2003-02",
            "price": "1.81",
            "revenue": 0
        },
        "2003-03": {
            "month": "2003-03",
            "price": "1.84",
            "revenue": 0
        },
        "2003-04": {
            "month": "2003-04",
            "price": "1.82",
            "revenue": 0
        },
        "2003-05": {
            "month": "2003-05",
            "price": "2.08",
            "revenue": 0
        },
        "2003-06": {
            "month": "2003-06",
            "price": "2.31",
            "revenue": 0
        },
        "2003-07": {
            "month": "2003-07",
            "price": "2.33",
            "revenue": 0
        },
        "2003-08": {
            "month": "2003-08",
            "price": "2.24",
            "revenue": 0
        },
        "2003-09": {
            "month": "2003-09",
            "price": "2.37",
            "revenue": 0
        },
        "2003-10": {
            "month": "2003-10",
            "price": "2.54",
            "revenue": 0
        },
        "2003-11": {
            "month": "2003-11",
            "price": "2.88",
            "revenue": 0
        },
        "2003-12": {
            "month": "2003-12",
            "price": "3.14",
            "revenue": 0
        },
        "2004-01": {
            "month": "2004-01",
            "price": "3.46",
            "revenue": 0
        },
        "2004-02": {
            "month": "2004-02",
            "price": "3.78",
            "revenue": 0
        },
        "2004-03": {
            "month": "2004-03",
            "price": "4.00",
            "revenue": 0
        },
        "2004-04": {
            "month": "2004-04",
            "price": "4.48",
            "revenue": 0
        },
        "2004-05": {
            "month": "2004-05",
            "price": "4.25",
            "revenue": 0
        },
        "2004-06": {
            "month": "2004-06",
            "price": "4.44",
            "revenue": 0
        },
        "2004-07": {
            "month": "2004-07",
            "price": "4.22",
            "revenue": 0
        },
        "2004-08": {
            "month": "2004-08",
            "price": "3.93",
            "revenue": 0
        },
        "2004-09": {
            "month": "2004-09",
            "price": "3.79",
            "revenue": 0
        },
        "2004-10": {
            "month": "2004-10",
            "price": "3.71",
            "revenue": 0
        },
        "2004-11": {
            "month": "2004-11",
            "price": "4.42",
            "revenue": 0
        },
        "2004-12": {
            "month": "2004-12",
            "price": "5.21",
            "revenue": 0
        },
        "2005-01": {
            "month": "2005-01",
            "price": "5.84",
            "revenue": 0
        },
        "2005-02": {
            "month": "2005-02",
            "price": "6.27",
            "revenue": 0
        },
        "2005-03": {
            "month": "2005-03",
            "price": "6.31",
            "revenue": 0
        },
        "2005-04": {
            "month": "2005-04",
            "price": "5.71",
            "revenue": 0
        },
        "2005-05": {
            "month": "2005-05",
            "price": "5.76",
            "revenue": 0
        },
        "2005-06": {
            "month": "2005-06",
            "price": "6.34",
            "revenue": 0
        },
        "2005-07": {
            "month": "2005-07",
            "price": "6.75",
            "revenue": 0
        },
        "2005-08": {
            "month": "2005-08",
            "price": "7.69",
            "revenue": 0
        },
        "2005-09": {
            "month": "2005-09",
            "price": "8.00",
            "revenue": 0
        },
        "2005-10": {
            "month": "2005-10",
            "price": "7.64",
            "revenue": 0
        },
        "2005-11": {
            "month": "2005-11",
            "price": "7.98",
            "revenue": 0
        },
        "2005-12": {
            "month": "2005-12",
            "price": "6.76",
            "revenue": 0
        },
        "2006-01": {
            "month": "2006-01",
            "price": "7.21",
            "revenue": 0
        },
        "2006-02": {
            "month": "2006-02",
            "price": "6.47",
            "revenue": 0
        },
        "2006-03": {
            "month": "2006-03",
            "price": "6.64",
            "revenue": 0
        },
        "2006-04": {
            "month": "2006-04",
            "price": "6.77",
            "revenue": 0
        },
        "2006-05": {
            "month": "2006-05",
            "price": "6.63",
            "revenue": 0
        },
        "2006-06": {
            "month": "2006-06",
            "price": "5.85",
            "revenue": 0
        },
        "2006-07": {
            "month": "2006-07",
            "price": "5.78",
            "revenue": 0
        },
        "2006-08": {
            "month": "2006-08",
            "price": "6.48",
            "revenue": 0
        },
        "2006-09": {
            "month": "2006-09",
            "price": "7.06",
            "revenue": 0
        },
        "2006-10": {
            "month": "2006-10",
            "price": "7.60",
            "revenue": 0
        },
        "2006-11": {
            "month": "2006-11",
            "price": "8.15",
            "revenue": 0
        },
        "2006-12": {
            "month": "2006-12",
            "price": "8.67",
            "revenue": 0
        },
        "2007-01": {
            "month": "2007-01",
            "price": "8.77",
            "revenue": 0
        },
        "2007-02": {
            "month": "2007-02",
            "price": "8.52",
            "revenue": 0
        },
        "2007-03": {
            "month": "2007-03",
            "price": "8.75",
            "revenue": 0
        },
        "2007-04": {
            "month": "2007-04",
            "price": "10.01",
            "revenue": 0
        },
        "2007-05": {
            "month": "2007-05",
            "price": "9.80",
            "revenue": 0
        },
        "2007-06": {
            "month": "2007-06",
            "price": "9.46",
            "revenue": 0
        },
        "2007-07": {
            "month": "2007-07",
            "price": "9.20",
            "revenue": 0
        },
        "2007-08": {
            "month": "2007-08",
            "price": "9.31",
            "revenue": 0
        },
        "2007-09": {
            "month": "2007-09",
            "price": "10.19",
            "revenue": 0
        },
        "2007-10": {
            "month": "2007-10",
            "price": "11.39",
            "revenue": 0
        },
        "2007-11": {
            "month": "2007-11",
            "price": "10.57",
            "revenue": 0
        },
        "2007-12": {
            "month": "2007-12",
            "price": "13.72",
            "revenue": 0
        },
        "2008-01": {
            "month": "2008-01",
            "price": "13.53",
            "revenue": 0
        },
        "2008-02": {
            "month": "2008-02",
            "price": "13.40",
            "revenue": 0
        },
        "2008-03": {
            "month": "2008-03",
            "price": "13.49",
            "revenue": 0
        },
        "2008-04": {
            "month": "2008-04",
            "price": "13.64",
            "revenue": 0
        },
        "2008-05": {
            "month": "2008-05",
            "price": "15.62",
            "revenue": 0
        },
        "2008-06": {
            "month": "2008-06",
            "price": "17.37",
            "revenue": 0
        },
        "2008-07": {
            "month": "2008-07",
            "price": "17.22",
            "revenue": 0
        },
        "2008-08": {
            "month": "2008-08",
            "price": "17.01",
            "revenue": 0
        },
        "2008-09": {
            "month": "2008-09",
            "price": "16.43",
            "revenue": 0
        },
        "2008-10": {
            "month": "2008-10",
            "price": "12.43",
            "revenue": 0
        },
        "2008-11": {
            "month": "2008-11",
            "price": "11.21",
            "revenue": 0
        },
        "2008-12": {
            "month": "2008-12",
            "price": "9.60",
            "revenue": 0
        },
        "2009-01": {
            "month": "2009-01",
            "price": "9.15",
            "revenue": 0
        },
        "2009-02": {
            "month": "2009-02",
            "price": "9.60",
            "revenue": 0
        },
        "2009-03": {
            "month": "2009-03",
            "price": "10.13",
            "revenue": 0
        },
        "2009-04": {
            "month": "2009-04",
            "price": "10.45",
            "revenue": 0
        },
        "2009-05": {
            "month": "2009-05",
            "price": "11.38",
            "revenue": 0
        },
        "2009-06": {
            "month": "2009-06",
            "price": "12.59",
            "revenue": 0
        },
        "2009-07": {
            "month": "2009-07",
            "price": "11.67",
            "revenue": 0
        },
        "2009-08": {
            "month": "2009-08",
            "price": "12.06",
            "revenue": 0
        },
        "2009-09": {
            "month": "2009-09",
            "price": "11.96",
            "revenue": 0
        },
        "2009-10": {
            "month": "2009-10",
            "price": "12.16",
            "revenue": 0
        },
        "2009-11": {
            "month": "2009-11",
            "price": "11.34",
            "revenue": 0
        },
        "2009-12": {
            "month": "2009-12",
            "price": "11.07",
            "revenue": 0
        },
        "2010-01": {
            "month": "2010-01",
            "price": "10.72",
            "revenue": 0
        },
        "2010-02": {
            "month": "2010-02",
            "price": "10.56",
            "revenue": 0
        },
        "2010-03": {
            "month": "2010-03",
            "price": "11.54",
            "revenue": 0
        },
        "2010-04": {
            "month": "2010-04",
            "price": "11.79",
            "revenue": 0
        },
        "2010-05": {
            "month": "2010-05",
            "price": "10.67",
            "revenue": 0
        },
        "2010-06": {
            "month": "2010-06",
            "price": "10.93",
            "revenue": 0
        },
        "2010-07": {
            "month": "2010-07",
            "price": "11.33",
            "revenue": 0
        },
        "2010-08": {
            "month": "2010-08",
            "price": "11.05",
            "revenue": 0
        },
        "2010-09": {
            "month": "2010-09",
            "price": "11.02",
            "revenue": 0
        },
        "2010-10": {
            "month": "2010-10",
            "price": "11.22",
            "revenue": 0
        },
        "2010-11": {
            "month": "2010-11",
            "price": "11.64",
            "revenue": 0
        },
        "2010-12": {
            "month": "2010-12",
            "price": "12.24",
            "revenue": 0
        },
        "2011-01": {
            "month": "2011-01",
            "price": "11.76",
            "revenue": 0
        },
        "2011-02": {
            "month": "2011-02",
            "price": "11.23",
            "revenue": 0
        },
        "2011-03": {
            "month": "2011-03",
            "price": "10.92",
            "revenue": 0
        },
        "2011-04": {
            "month": "2011-04",
            "price": "11.22",
            "revenue": 0
        },
        "2011-05": {
            "month": "2011-05",
            "price": "11.49",
            "revenue": 0
        },
        "2011-06": {
            "month": "2011-06",
            "price": "11.44",
            "revenue": 0
        },
        "2011-07": {
            "month": "2011-07",
            "price": "11.92",
            "revenue": 0
        },
        "2011-08": {
            "month": "2011-08",
            "price": "11.19",
            "revenue": 0
        },
        "2011-09": {
            "month": "2011-09",
            "price": "11.82",
            "revenue": 0
        },
        "2011-10": {
            "month": "2011-10",
            "price": "12.97",
            "revenue": 0
        },
        "2011-11": {
            "month": "2011-11",
            "price": "12.63",
            "revenue": 0
        },
        "2011-12": {
            "month": "2011-12",
            "price": "12.10",
            "revenue": 0
        },
        "2012-01": {
            "month": "2012-01",
            "price": "12.22",
            "revenue": 0
        },
        "2012-02": {
            "month": "2012-02",
            "price": "12.26",
            "revenue": 0
        },
        "2012-03": {
            "month": "2012-03",
            "price": "12.31",
            "revenue": 0
        },
        "2012-04": {
            "month": "2012-04",
            "price": "12.53",
            "revenue": 0
        },
        "2012-05": {
            "month": "2012-05",
            "price": "12.34",
            "revenue": 0
        },
        "2012-06": {
            "month": "2012-06",
            "price": "11.66",
            "revenue": 0
        },
        "2012-07": {
            "month": "2012-07",
            "price": "12.04",
            "revenue": 0
        },
        "2012-08": {
            "month": "2012-08",
            "price": "11.70",
            "revenue": 0
        },
        "2012-09": {
            "month": "2012-09",
            "price": "11.87",
            "revenue": 0
        },
        "2012-10": {
            "month": "2012-10",
            "price": "11.16",
            "revenue": 0
        },
        "2012-11": {
            "month": "2012-11",
            "price": "11.13",
            "revenue": 0
        },
        "2012-12": {
            "month": "2012-12",
            "price": "11.08",
            "revenue": 0
        },
        "2013-01": {
            "month": "2013-01",
            "price": "11.28",
            "revenue": 0
        },
        "2013-02": {
            "month": "2013-02",
            "price": "13.50",
            "revenue": 0
        },
        "2013-03": {
            "month": "2013-03",
            "price": "14.55",
            "revenue": 0
        },
        "2013-04": {
            "month": "2013-04",
            "price": "14.58",
            "revenue": 0
        },
        "2013-05": {
            "month": "2013-05",
            "price": "15.06",
            "revenue": 0
        },
        "2013-06": {
            "month": "2013-06",
            "price": "14.25",
            "revenue": 0
        },
        "2013-07": {
            "month": "2013-07",
            "price": "15.53",
            "revenue": 0
        },
        "2013-08": {
            "month": "2013-08",
            "price": "17.10",
            "revenue": 0
        },
        "2013-09": {
            "month": "2013-09",
            "price": "17.02",
            "revenue": 0
        },
        "2013-10": {
            "month": "2013-10",
            "price": "17.08",
            "revenue": 0
        },
        "2013-11": {
            "month": "2013-11",
            "price": "17.12",
            "revenue": 0
        },
        "2013-12": {
            "month": "2013-12",
            "price": "17.39",
            "revenue": 0
        },
        "2014-01": {
            "month": "2014-01",
            "price": "17.44",
            "revenue": 0
        },
        "2014-02": {
            "month": "2014-02",
            "price": "19.06",
            "revenue": 0
        },
        "2014-03": {
            "month": "2014-03",
            "price": "20.49",
            "revenue": 0
        },
        "2014-04": {
            "month": "2014-04",
            "price": "19.71",
            "revenue": 0
        },
        "2014-05": {
            "month": "2014-05",
            "price": "20.44",
            "revenue": 0
        },
        "2014-06": {
            "month": "2014-06",
            "price": "21.52",
            "revenue": 0
        },
        "2014-07": {
            "month": "2014-07",
            "price": "22.75",
            "revenue": 0
        },
        "2014-08": {
            "month": "2014-08",
            "price": "22.97",
            "revenue": 0
        },
        "2014-09": {
            "month": "2014-09",
            "price": "22.47",
            "revenue": 0
        },
        "2014-10": {
            "month": "2014-10",
            "price": "19.45",
            "revenue": 0
        },
        "2014-11": {
            "month": "2014-11",
            "price": "20.68",
            "revenue": 0
        },
        "2014-12": {
            "month": "2014-12",
            "price": "20.51",
            "revenue": 0
        },
        "2015-01": {
            "month": "2015-01",
            "price": "19.85",
            "revenue": 0
        },
        "2015-02": {
            "month": "2015-02",
            "price": "22.73",
            "revenue": 0
        },
        "2015-03": {
            "month": "2015-03",
            "price": "23.03",
            "revenue": 0
        },
        "2015-04": {
            "month": "2015-04",
            "price": "23.09",
            "revenue": 0
        },
        "2015-05": {
            "month": "2015-05",
            "price": "24.80",
            "revenue": 0
        },
        "2015-06": {
            "month": "2015-06",
            "price": "25.23",
            "revenue": 0
        },
        "2015-07": {
            "month": "2015-07",
            "price": "25.61",
            "revenue": 0
        },
        "2015-08": {
            "month": "2015-08",
            "price": "28.05",
            "revenue": 0
        },
        "2015-09": {
            "month": "2015-09",
            "price": "30.06",
            "revenue": 0
        },
        "2015-10": {
            "month": "2015-10",
            "price": "33.37",
            "revenue": 0
        },
        "2015-11": {
            "month": "2015-11",
            "price": "36.03",
            "revenue": 0
        },
        "2015-12": {
            "month": "2015-12",
            "price": "38.70",
            "revenue": 0
        },
        "2016-01": {
            "month": "2016-01",
            "price": "35.53",
            "revenue": 0
        },
        "2016-02": {
            "month": "2016-02",
            "price": "30.89",
            "revenue": 0
        },
        "2016-03": {
            "month": "2016-03",
            "price": "32.16",
            "revenue": 0
        },
        "2016-04": {
            "month": "2016-04",
            "price": "34.47",
            "revenue": 0
        },
        "2016-05": {
            "month": "2016-05",
            "price": "37.49",
            "revenue": 0
        },
        "2016-06": {
            "month": "2016-06",
            "price": "38.16",
            "revenue": 0
        },
        "2016-07": {
            "month": "2016-07",
            "price": "41.30",
            "revenue": 0
        },
        "2016-08": {
            "month": "2016-08",
            "price": "40.67",
            "revenue": 0
        },
        "2016-09": {
            "month": "2016-09",
            "price": "43.79",
            "revenue": 0
        },
        "2016-10": {
            "month": "2016-10",
            "price": "43.96",
            "revenue": 0
        },
        "2016-11": {
            "month": "2016-11",
            "price": "39.34",
            "revenue": 0
        },
        "2016-12": {
            "month": "2016-12",
            "price": "36.65",
            "revenue": 0
        },
        "2017-01": {
            "month": "2017-01",
            "price": "38.76",
            "revenue": 0
        },
        "2017-02": {
            "month": "2017-02",
            "price": "43.49",
            "revenue": 0
        },
        "2017-03": {
            "month": "2017-03",
            "price": "48.81",
            "revenue": 0
        },
        "2017-04": {
            "month": "2017-04",
            "price": "49.83",
            "revenue": 0
        },
        "2017-05": {
            "month": "2017-05",
            "price": "55.84",
            "revenue": 0
        },
        "2017-06": {
            "month": "2017-06",
            "price": "59.27",
            "revenue": 0
        },
        "2017-07": {
            "month": "2017-07",
            "price": "60.07",
            "revenue": 0
        },
        "2017-08": {
            "month": "2017-08",
            "price": "62.59",
            "revenue": 0
        },
        "2017-09": {
            "month": "2017-09",
            "price": "64.47",
            "revenue": 0
        },
        "2017-10": {
            "month": "2017-10",
            "price": "62.51",
            "revenue": 0
        },
        "2017-11": {
            "month": "2017-11",
            "price": "63.86",
            "revenue": 0
        },
        "2017-12": {
            "month": "2017-12",
            "price": "63.36",
            "revenue": 0
        },
        "2018-01": {
            "month": "2018-01",
            "price": "69.23",
            "revenue": 0
        },
        "2018-02": {
            "month": "2018-02",
            "price": "70.24",
            "revenue": 0
        },
        "2018-03": {
            "month": "2018-03",
            "price": "72.28",
            "revenue": 0
        },
        "2018-04": {
            "month": "2018-04",
            "price": "66.26",
            "revenue": 0
        },
        "2018-05": {
            "month": "2018-05",
            "price": "70.62",
            "revenue": 0
        },
        "2018-06": {
            "month": "2018-06",
            "price": "75.43",
            "revenue": 0
        },
        "2018-07": {
            "month": "2018-07",
            "price": "78.12",
            "revenue": 0
        },
        "2018-08": {
            "month": "2018-08",
            "price": "71.51",
            "revenue": 0
        },
        "2018-09": {
            "month": "2018-09",
            "price": "78.63",
            "revenue": 0
        },
        "2018-10": {
            "month": "2018-10",
            "price": "74.41",
            "revenue": 0
        },
        "2018-11": {
            "month": "2018-11",
            "price": "55.56",
            "revenue": 0
        },
        "2018-12": {
            "month": "2018-12",
            "price": "47.04",
            "revenue": 0
        },
        "2019-01": {
            "month": "2019-01",
            "price": "47.53",
            "revenue": 0
        },
        "2019-02": {
            "month": "2019-02",
            "price": "43.47",
            "revenue": 0
        },
        "2019-03": {
            "month": "2019-03",
            "price": "44.42",
            "revenue": 0
        },
        "2019-04": {
            "month": "2019-04",
            "price": "46.92",
            "revenue": 0
        },
        "2019-05": {
            "month": "2019-05",
            "price": "45.30",
            "revenue": 0
        },
        "2019-06": {
            "month": "2019-06",
            "price": "45.59",
            "revenue": 0
        },
        "2019-07": {
            "month": "2019-07",
            "price": "47.17",
            "revenue": 0
        },
        "2019-08": {
            "month": "2019-08",
            "price": "48.35",
            "revenue": 0
        },
        "2019-09": {
            "month": "2019-09",
            "price": "54.49",
            "revenue": 0
        },
        "2019-10": {
            "month": "2019-10",
            "price": "54.71",
            "revenue": 0
        },
        "2019-11": {
            "month": "2019-11",
            "price": "53.96",
            "revenue": 0
        },
        "2019-12": {
            "month": "2019-12",
            "price": "57.39",
            "revenue": 0
        },
        "2020-01": {
            "month": "2020-01",
            "price": "59.79",
            "revenue": 0
        },
        "2020-02": {
            "month": "2020-02",
            "price": "61.21",
            "revenue": 0
        },
        "2020-03": {
            "month": "2020-03",
            "price": "57.34",
            "revenue": 0
        },
        "2020-04": {
            "month": "2020-04",
            "price": "63.77",
            "revenue": 0
        },
        "2020-05": {
            "month": "2020-05",
            "price": "71.75",
            "revenue": 0
        },
        "2020-06": {
            "month": "2020-06",
            "price": "73.69",
            "revenue": 0
        },
        "2020-07": {
            "month": "2020-07",
            "price": "79.97",
            "revenue": 0
        },
        "2020-08": {
            "month": "2020-08",
            "price": "83.13",
            "revenue": 0
        },
        "2020-09": {
            "month": "2020-09",
            "price": "80.34",
            "revenue": 0
        },
        "2020-10": {
            "month": "2020-10",
            "price": "79.89",
            "revenue": 0
        },
        "2020-11": {
            "month": "2020-11",
            "price": "77.02",
            "revenue": 0
        },
        "2020-12": {
            "month": "2020-12",
            "price": "86.39",
            "revenue": 0
        },
        "2021-01": {
            "month": "2021-01",
            "price": "91.22",
            "revenue": 0
        },
        "2021-02": {
            "month": "2021-02",
            "price": "98.63",
            "revenue": 0
        },
        "2021-03": {
            "month": "2021-03",
            "price": "92.49",
            "revenue": 0
        },
        "2021-04": {
            "month": "2021-04",
            "price": "95.01",
            "revenue": 0
        },
        "2021-05": {
            "month": "2021-05",
            "price": "94.14",
            "revenue": 0
        },
        "2021-06": {
            "month": "2021-06",
            "price": "94.98",
            "revenue": 0
        },
        "2021-07": {
            "month": "2021-07",
            "price": "90.60",
            "revenue": 0
        },
        "2021-08": {
            "month": "2021-08",
            "price": "82.41",
            "revenue": 0
        },
        "2021-09": {
            "month": "2021-09",
            "price": "77.75",
            "revenue": 0
        },
        "2021-10": {
            "month": "2021-10",
            "price": "77.67",
            "revenue": 0
        },
        "2021-11": {
            "month": "2021-11",
            "price": "66.09",
            "revenue": 0
        },
        "2021-12": {
            "month": "2021-12",
            "price": "61.59",
            "revenue": 0
        },
        "2022-01": {
            "month": "2022-01",
            "price": "72.73",
            "revenue": 0
        },
        "2022-02": {
            "month": "2022-02",
            "price": "80.69",
            "revenue": 0
        },
        "2022-03": {
            "month": "2022-03",
            "price": "80.10",
            "revenue": 0
        },
        "2022-04": {
            "month": "2022-04",
            "price": "78.87",
            "revenue": 0
        },
        "2022-05": {
            "month": "2022-05",
            "price": "77.86",
            "revenue": 0
        },
        "2022-06": {
            "month": "2022-06",
            "price": "76.70",
            "revenue": 0
        },
        "2022-07": {
            "month": "2022-07",
            "price": "78.42",
            "revenue": 0
        },
        "2022-08": {
            "month": "2022-08",
            "price": "79.99",
            "revenue": 0
        },
        "2022-09": {
            "month": "2022-09",
            "price": "76.33",
            "revenue": 0
        },
        "2022-10": {
            "month": "2022-10",
            "price": "73.08",
            "revenue": 0
        },
        "2022-11": {
            "month": "2022-11",
            "price": "73.63",
            "revenue": 0
        },
        "2022-12": {
            "month": "2022-12",
            "price": "76.07",
            "revenue": 0
        },
        "2023-01": {
            "month": "2023-01",
            "price": "76.00",
            "revenue": 0
        },
        "2023-02": {
            "month": "2023-02",
            "price": "76.16",
            "revenue": 0
        },
        "2023-03": {
            "month": "2023-03",
            "price": "80.36",
            "revenue": 0
        },
        "2023-04": {
            "month": "2023-04",
            "price": "84.21",
            "revenue": 0
        },
        "2023-05": {
            "month": "2023-05",
            "price": "77.16",
            "revenue": 0
        }
    }
}
