{
    "summary": {
        "stock_name": "Broadcom Inc",
        "stock_id": "AVGO",
        "category": "Computer and Technology",
        "main_business": "Broadcom Inc.前身為Broadcom Limited，是一家新加坡公司，公司於2018年4月4日在美國進行重組（“Redomicialization Transaction”）。公司是一家設計、開發和提供各種半導體和基礎設施軟體解決方案的全球技術領導者。公司開發半導體器件，專注於基於複雜數字和混合訊號互補金氧半導體（“CMOS”）的器件和基於模擬III-V的產品。公司在半導體行業有著創新的歷史，並提供數千種用於最終產品的產品，如企業和資料中心網路、家庭連線、機頂盒、寬頻接入、電信裝置、智慧手機和基站、資料中心伺服器和儲存系統，工廠自動化，發電和替代能源系統，以及電子顯示屏。",
        "website_url": "https://www.broadcom.com",
        "ceo": "Hock E. Tan",
        "pe_ratio": 44,
        "report_year_from": 2018,
        "report_year_to": 2023,
        "age": 6,
        "eps_negative_percentage": 17,
        "eps_growth_avg": {
            "last_all": 19.17,
            "last_2y": 66.41,
            "last_4y": 29.9,
            "last_8y": 31.19,
            "last_12y": 20.46,
            "last_16y": 19.17,
            "last_20y": null,
            "at_2006_last_3y": null,
            "at_2007_last_3y": null,
            "at_2008_last_3y": null,
            "at_2009_last_3y": null,
            "at_2010_last_3y": 11.43,
            "at_2011_last_3y": 16.74,
            "at_2012_last_3y": 12.45,
            "at_2013_last_3y": 30.85,
            "at_2014_last_3y": -1,
            "at_2015_last_3y": 17.16,
            "at_2016_last_3y": -7.73,
            "at_2017_last_3y": -9.13,
            "at_2018_last_3y": 33.33,
            "at_2019_last_3y": -12.08,
            "at_2020_last_3y": 16.76,
            "at_2021_last_3y": 37.57,
            "at_2022_last_3y": 30.99,
            "at_2023_last_3y": 46.44,
            "at_2024_last_3y": 46.44,
            "at_2006_last_all": null,
            "at_2007_last_all": null,
            "at_2008_last_all": null,
            "at_2009_last_all": -77.14,
            "at_2010_last_all": 11.43,
            "at_2011_last_all": 16.74,
            "at_2012_last_all": 12.45,
            "at_2013_last_all": 9.25,
            "at_2014_last_all": 3.15,
            "at_2015_last_all": 16.98,
            "at_2016_last_all": 2.36,
            "at_2017_last_all": 2.36,
            "at_2018_last_all": 13.21,
            "at_2019_last_all": 8.26,
            "at_2020_last_all": 6.29,
            "at_2021_last_all": 14.1,
            "at_2022_last_all": 18.68,
            "at_2023_last_all": 19.17,
            "at_2024_last_all": 19.17
        },
        "latest_eps": 29.41,
        "latest_price": 1308.72,
        "latest_roe": 33.48,
        "latest_gross_margin": 68.94,
        "latest_equity": 23988000,
        "latest_revenue": 9295000,
        "latest_gross_profit": 6408000,
        "latest_net_income": 3524000,
        "latest_debt_ratio": 67.08,
        "latest_current_ratio": 281.53,
        "latest_account_receivable_turnover_ratio": 3.06,
        "latest_inventory_turnover_ratio": 1.54,
        "latest_reinvestment_rate": -3.07,
        "latest_research_to_sale_ratio": 14.93
    },
    "eps_dividends": {
        "2001": {
            "cash": 0,
            "stock": 0,
            "eps": 0
        },
        "2002": {
            "cash": 0,
            "stock": 0,
            "eps": 0
        },
        "2003": {
            "cash": 0,
            "stock": 0,
            "eps": 0
        },
        "2004": {
            "cash": 0,
            "stock": 0,
            "eps": 0
        },
        "2005": {
            "cash": 0,
            "stock": 0,
            "eps": 0
        },
        "2006": {
            "cash": 0,
            "stock": 0,
            "eps": -0.95
        },
        "2007": {
            "cash": 0,
            "stock": 0,
            "eps": -0.25
        },
        "2008": {
            "cash": 0,
            "stock": 0,
            "eps": 0.35
        },
        "2009": {
            "cash": 0,
            "stock": 0,
            "eps": 0.08
        },
        "2010": {
            "cash": 0.07,
            "stock": 0,
            "eps": 1.79
        },
        "2011": {
            "cash": 0.39999999999999997,
            "stock": 0,
            "eps": 2.28
        },
        "2012": {
            "cash": 0.6100000000000001,
            "stock": 0,
            "eps": 2.27
        },
        "2013": {
            "cash": 0.88,
            "stock": 0,
            "eps": 2.19
        },
        "2014": {
            "cash": 1.23,
            "stock": 0,
            "eps": 1.59
        },
        "2015": {
            "cash": 1.64,
            "stock": 0,
            "eps": 5.44
        },
        "2016": {
            "cash": 2.52,
            "stock": 0,
            "eps": -1.78
        },
        "2017": {
            "cash": 4.8100000000000005,
            "stock": 0,
            "eps": 4.9
        },
        "2018": {
            "cash": 7.9,
            "stock": 0,
            "eps": 12.11
        },
        "2019": {
            "cash": 11.2,
            "stock": 0,
            "eps": 7.72
        },
        "2020": {
            "cash": 13.35,
            "stock": 0,
            "eps": 6.68
        },
        "2021": {
            "cash": 14.9,
            "stock": 0,
            "eps": 15.35
        },
        "2022": {
            "cash": 12.299999999999999,
            "stock": 0,
            "eps": 26.66
        },
        "2023": {
            "cash": 18.4,
            "stock": 0,
            "eps": 33.47
        },
        "2024": {
            "cash": 4.6,
            "stock": 0,
            "eps": 0
        }
    },
    "dividends": {
        "2010-12-30": {
            "cash": 0.07,
            "stock": 0
        },
        "2011-03-30": {
            "cash": 0.08,
            "stock": 0
        },
        "2011-06-30": {
            "cash": 0.09,
            "stock": 0
        },
        "2011-09-30": {
            "cash": 0.11,
            "stock": 0
        },
        "2011-12-30": {
            "cash": 0.12,
            "stock": 0
        },
        "2012-03-30": {
            "cash": 0.13,
            "stock": 0
        },
        "2012-06-29": {
            "cash": 0.15,
            "stock": 0
        },
        "2012-10-01": {
            "cash": 0.16,
            "stock": 0
        },
        "2012-12-28": {
            "cash": 0.17,
            "stock": 0
        },
        "2013-04-04": {
            "cash": 0.19,
            "stock": 0
        },
        "2013-06-28": {
            "cash": 0.21,
            "stock": 0
        },
        "2013-09-30": {
            "cash": 0.23,
            "stock": 0
        },
        "2013-12-31": {
            "cash": 0.25,
            "stock": 0
        },
        "2014-03-31": {
            "cash": 0.27,
            "stock": 0
        },
        "2014-06-30": {
            "cash": 0.29,
            "stock": 0
        },
        "2014-09-30": {
            "cash": 0.32,
            "stock": 0
        },
        "2014-12-31": {
            "cash": 0.35,
            "stock": 0
        },
        "2015-03-31": {
            "cash": 0.38,
            "stock": 0
        },
        "2015-06-30": {
            "cash": 0.4,
            "stock": 0
        },
        "2015-09-30": {
            "cash": 0.42,
            "stock": 0
        },
        "2015-12-30": {
            "cash": 0.44,
            "stock": 0
        },
        "2016-03-31": {
            "cash": 0.49,
            "stock": 0
        },
        "2016-06-30": {
            "cash": 0.5,
            "stock": 0
        },
        "2016-09-30": {
            "cash": 0.51,
            "stock": 0
        },
        "2016-12-30": {
            "cash": 1.02,
            "stock": 0
        },
        "2017-03-31": {
            "cash": 1.02,
            "stock": 0
        },
        "2017-06-30": {
            "cash": 1.02,
            "stock": 0
        },
        "2017-09-29": {
            "cash": 1.02,
            "stock": 0
        },
        "2017-12-29": {
            "cash": 1.75,
            "stock": 0
        },
        "2018-03-29": {
            "cash": 1.75,
            "stock": 0
        },
        "2018-06-29": {
            "cash": 1.75,
            "stock": 0
        },
        "2018-09-28": {
            "cash": 1.75,
            "stock": 0
        },
        "2018-12-28": {
            "cash": 2.65,
            "stock": 0
        },
        "2019-03-29": {
            "cash": 2.65,
            "stock": 0
        },
        "2019-07-02": {
            "cash": 2.65,
            "stock": 0
        },
        "2019-10-01": {
            "cash": 2.65,
            "stock": 0
        },
        "2019-12-31": {
            "cash": 3.25,
            "stock": 0
        },
        "2020-03-31": {
            "cash": 3.25,
            "stock": 0
        },
        "2020-06-30": {
            "cash": 3.25,
            "stock": 0
        },
        "2020-09-30": {
            "cash": 3.25,
            "stock": 0
        },
        "2020-12-31": {
            "cash": 3.6,
            "stock": 0
        },
        "2021-03-31": {
            "cash": 3.6,
            "stock": 0
        },
        "2021-06-30": {
            "cash": 3.6,
            "stock": 0
        },
        "2021-09-30": {
            "cash": 3.6,
            "stock": 0
        },
        "2021-12-31": {
            "cash": 4.1,
            "stock": 0
        },
        "2022-03-31": {
            "cash": 4.1,
            "stock": 0
        },
        "2022-06-30": {
            "cash": 4.1,
            "stock": 0
        },
        "2022-12-30": {
            "cash": 4.1,
            "stock": 0
        },
        "2023-03-31": {
            "cash": 4.6,
            "stock": 0
        },
        "2023-06-30": {
            "cash": 4.6,
            "stock": 0
        },
        "2023-09-29": {
            "cash": 4.6,
            "stock": 0
        },
        "2023-12-29": {
            "cash": 4.6,
            "stock": 0
        },
        "2024-03-29": {
            "cash": 4.6,
            "stock": 0
        }
    },
    "prices": {
        "200101": "無",
        "200102": "無",
        "200103": "無",
        "200104": "無",
        "200105": "無",
        "200106": "無",
        "200107": "無",
        "200108": "無",
        "200109": "無",
        "200110": "無",
        "200111": "無",
        "200112": "無",
        "200201": "無",
        "200202": "無",
        "200203": "無",
        "200204": "無",
        "200205": "無",
        "200206": "無",
        "200207": "無",
        "200208": "無",
        "200209": "無",
        "200210": "無",
        "200211": "無",
        "200212": "無",
        "200301": "無",
        "200302": "無",
        "200303": "無",
        "200304": "無",
        "200305": "無",
        "200306": "無",
        "200307": "無",
        "200308": "無",
        "200309": "無",
        "200310": "無",
        "200311": "無",
        "200312": "無",
        "200401": "無",
        "200402": "無",
        "200403": "無",
        "200404": "無",
        "200405": "無",
        "200406": "無",
        "200407": "無",
        "200408": "無",
        "200409": "無",
        "200410": "無",
        "200411": "無",
        "200412": "無",
        "200501": "無",
        "200502": "無",
        "200503": "無",
        "200504": "無",
        "200505": "無",
        "200506": "無",
        "200507": "無",
        "200508": "無",
        "200509": "無",
        "200510": "無",
        "200511": "無",
        "200512": "無",
        "200601": "無",
        "200602": "無",
        "200603": "無",
        "200604": "無",
        "200605": "無",
        "200606": "無",
        "200607": "無",
        "200608": "無",
        "200609": "無",
        "200610": "無",
        "200611": "無",
        "200612": "無",
        "200701": "無",
        "200702": "無",
        "200703": "無",
        "200704": "無",
        "200705": "無",
        "200706": "無",
        "200707": "無",
        "200708": "無",
        "200709": "無",
        "200710": "無",
        "200711": "無",
        "200712": "無",
        "200801": "無",
        "200802": "無",
        "200803": "無",
        "200804": "無",
        "200805": "無",
        "200806": "無",
        "200807": "無",
        "200808": "無",
        "200809": "無",
        "200810": "無",
        "200811": "無",
        "200812": "無",
        "200901": "無",
        "200902": "無",
        "200903": "無",
        "200904": "無",
        "200905": "無",
        "200906": "無",
        "200907": "無",
        "200908": "17.42",
        "200909": "17.16",
        "200910": "16.13",
        "200911": "15.46",
        "200912": "16.76",
        "201001": "18.31",
        "201002": "17.43",
        "201003": "19.64",
        "201004": "21.07",
        "201005": "20.16",
        "201006": "21.72",
        "201007": "22.07",
        "201008": "20.97",
        "201009": "20.64",
        "201010": "22.67",
        "201011": "25.33",
        "201012": "27.35",
        "201101": "28.28",
        "201102": "32.40",
        "201103": "31.23",
        "201104": "32.13",
        "201105": "34.15",
        "201106": "34.52",
        "201107": "36.40",
        "201108": "30.74",
        "201109": "34.09",
        "201110": "33.86",
        "201111": "31.77",
        "201112": "29.48",
        "201201": "31.99",
        "201202": "35.50",
        "201203": "37.46",
        "201204": "36.33",
        "201205": "32.04",
        "201206": "33.76",
        "201207": "34.53",
        "201208": "36.59",
        "201209": "34.99",
        "201210": "33.68",
        "201211": "33.73",
        "201212": "32.89",
        "201301": "33.90",
        "201302": "34.80",
        "201303": "35.33",
        "201304": "33.55",
        "201305": "34.04",
        "201306": "37.25",
        "201307": "37.80",
        "201308": "37.19",
        "201309": "40.37",
        "201310": "44.52",
        "201311": "44.21",
        "201312": "49.33",
        "201401": "54.50",
        "201402": "57.93",
        "201403": "63.34",
        "201404": "61.79",
        "201405": "68.11",
        "201406": "71.45",
        "201407": "73.05",
        "201408": "73.86",
        "201409": "87.61",
        "201410": "80.07",
        "201411": "88.71",
        "201412": "99.56",
        "201501": "103.25",
        "201502": "110.41",
        "201503": "128.65",
        "201504": "123.55",
        "201505": "128.06",
        "201506": "140.86",
        "201507": "130.82",
        "201508": "121.59",
        "201509": "126.36",
        "201510": "120.78",
        "201511": "124.36",
        "201512": "144.20",
        "201601": "127.42",
        "201602": "128.34",
        "201603": "148.12",
        "201604": "153.78",
        "201605": "145.65",
        "201606": "157.26",
        "201607": "158.89",
        "201608": "172.43",
        "201609": "169.53",
        "201610": "171.94",
        "201611": "171.75",
        "201612": "176.02",
        "201701": "187.36",
        "201702": "208.04",
        "201703": "220.31",
        "201704": "217.54",
        "201705": "233.27",
        "201706": "243.18",
        "201707": "246.79",
        "201708": "249.51",
        "201709": "245.07",
        "201710": "246.92",
        "201711": "271.56",
        "201712": "262.12",
        "201801": "261.41",
        "201802": "244.02",
        "201803": "249.09",
        "201804": "237.24",
        "201805": "239.99",
        "201806": "258.54",
        "201807": "224.79",
        "201808": "212.91",
        "201809": "237.33",
        "201810": "232.66",
        "201811": "231.31",
        "201812": "245.22",
        "201901": "253.98",
        "201902": "276.37",
        "201903": "283.46",
        "201904": "311.12",
        "201905": "287.17",
        "201906": "275.42",
        "201907": "290.01",
        "201908": "276.79",
        "201909": "286.34",
        "201910": "282.81",
        "201911": "312.95",
        "201912": "317.53",
        "202001": "311.21",
        "202002": "306.15",
        "202003": "232.46",
        "202004": "256.94",
        "202005": "272.37",
        "202006": "308.57",
        "202007": "313.79",
        "202008": "331.64",
        "202009": "360.42",
        "202010": "369.11",
        "202011": "378.28",
        "202012": "421.09",
        "202101": "449.51",
        "202102": "475.19",
        "202103": "462.53",
        "202104": "472.68",
        "202105": "447.57",
        "202106": "468.83",
        "202107": "476.46",
        "202108": "484.68",
        "202109": "497.87",
        "202110": "503.84",
        "202111": "556.12",
        "202112": "623.37",
        "202201": "591.80",
        "202202": "587.73",
        "202203": "601.00",
        "202204": "590.12",
        "202205": "568.55",
        "202206": "526.52",
        "202207": "501.11",
        "202208": "538.57",
        "202209": "489.83",
        "202210": "451.77",
        "202211": "503.20",
        "202212": "549.24",
        "202301": "577.20",
        "202302": "595.92",
        "202303": "627.57",
        "202304": "627.14",
        "202305": "669.66",
        "202306": "836.58",
        "202307": "888.33",
        "202308": "866.74",
        "202309": "845.41",
        "202310": "857.11",
        "202311": "937.58",
        "202312": "1055.38"
    },
    "quarters": {
        "20011": {
            "year_quarter": 20011,
            "year": 2001,
            "quarter": 1,
            "eps": null,
            "eps_growth_year": null,
            "eps_4q": null,
            "eps_4q_growth_year": null,
            "roe": null,
            "roe_4q": 0,
            "gross_profit": null,
            "gross_margin": null,
            "gross_margin_4q_avg": 0,
            "net_income": null,
            "net_income_4q": null,
            "revenue": null,
            "revenue_4q": null,
            "common_shares": null,
            "book_valuer_per_share": null,
            "book_valuer_per_share_4q_avg": 0,
            "equity": null,
            "current_ratio": null,
            "debt_ratio": null,
            "inventory_turnover_ratio": null,
            "account_receivable_turnover_ratio": null,
            "reinvestment_rate": null,
            "research_to_sale_ratio": null,
            "price_fair": 0,
            "eps_avg_yearly": 0,
            "eps_latest_yearly": 0,
            "eps_growth_yearly": 0
        },
        "20012": {
            "year_quarter": 20012,
            "year": 2001,
            "quarter": 2,
            "eps": null,
            "eps_growth_year": null,
            "eps_4q": null,
            "eps_4q_growth_year": null,
            "roe": null,
            "roe_4q": 0,
            "gross_profit": null,
            "gross_margin": null,
            "gross_margin_4q_avg": 0,
            "net_income": null,
            "net_income_4q": null,
            "revenue": null,
            "revenue_4q": null,
            "common_shares": null,
            "book_valuer_per_share": null,
            "book_valuer_per_share_4q_avg": 0,
            "equity": null,
            "current_ratio": null,
            "debt_ratio": null,
            "inventory_turnover_ratio": null,
            "account_receivable_turnover_ratio": null,
            "reinvestment_rate": null,
            "research_to_sale_ratio": null,
            "price_fair": 0,
            "eps_avg_yearly": 0,
            "eps_latest_yearly": 0,
            "eps_growth_yearly": 0
        },
        "20013": {
            "year_quarter": 20013,
            "year": 2001,
            "quarter": 3,
            "eps": null,
            "eps_growth_year": null,
            "eps_4q": null,
            "eps_4q_growth_year": null,
            "roe": null,
            "roe_4q": 0,
            "gross_profit": null,
            "gross_margin": null,
            "gross_margin_4q_avg": 0,
            "net_income": null,
            "net_income_4q": null,
            "revenue": null,
            "revenue_4q": null,
            "common_shares": null,
            "book_valuer_per_share": null,
            "book_valuer_per_share_4q_avg": 0,
            "equity": null,
            "current_ratio": null,
            "debt_ratio": null,
            "inventory_turnover_ratio": null,
            "account_receivable_turnover_ratio": null,
            "reinvestment_rate": null,
            "research_to_sale_ratio": null,
            "price_fair": 0,
            "eps_avg_yearly": 0,
            "eps_latest_yearly": 0,
            "eps_growth_yearly": 0
        },
        "20014": {
            "year_quarter": 20014,
            "year": 2001,
            "quarter": 4,
            "eps": null,
            "eps_growth_year": null,
            "eps_4q": null,
            "eps_4q_growth_year": null,
            "roe": null,
            "roe_4q": 0,
            "gross_profit": null,
            "gross_margin": null,
            "gross_margin_4q_avg": 0,
            "net_income": null,
            "net_income_4q": null,
            "revenue": null,
            "revenue_4q": null,
            "common_shares": null,
            "book_valuer_per_share": null,
            "book_valuer_per_share_4q_avg": 0,
            "equity": null,
            "current_ratio": null,
            "debt_ratio": null,
            "inventory_turnover_ratio": null,
            "account_receivable_turnover_ratio": null,
            "reinvestment_rate": null,
            "research_to_sale_ratio": null,
            "price_fair": 0,
            "eps_avg_yearly": 0,
            "eps_latest_yearly": 0,
            "eps_growth_yearly": 0
        },
        "20021": {
            "year_quarter": 20021,
            "year": 2002,
            "quarter": 1,
            "eps": null,
            "eps_growth_year": null,
            "eps_4q": null,
            "eps_4q_growth_year": null,
            "roe": null,
            "roe_4q": 0,
            "gross_profit": null,
            "gross_margin": null,
            "gross_margin_4q_avg": 0,
            "net_income": null,
            "net_income_4q": null,
            "revenue": null,
            "revenue_4q": null,
            "common_shares": null,
            "book_valuer_per_share": null,
            "book_valuer_per_share_4q_avg": 0,
            "equity": null,
            "current_ratio": null,
            "debt_ratio": null,
            "inventory_turnover_ratio": null,
            "account_receivable_turnover_ratio": null,
            "reinvestment_rate": null,
            "research_to_sale_ratio": null,
            "price_fair": 0,
            "eps_avg_yearly": 0,
            "eps_latest_yearly": 0,
            "eps_growth_yearly": 0
        },
        "20022": {
            "year_quarter": 20022,
            "year": 2002,
            "quarter": 2,
            "eps": null,
            "eps_growth_year": null,
            "eps_4q": null,
            "eps_4q_growth_year": null,
            "roe": null,
            "roe_4q": 0,
            "gross_profit": null,
            "gross_margin": null,
            "gross_margin_4q_avg": 0,
            "net_income": null,
            "net_income_4q": null,
            "revenue": null,
            "revenue_4q": null,
            "common_shares": null,
            "book_valuer_per_share": null,
            "book_valuer_per_share_4q_avg": 0,
            "equity": null,
            "current_ratio": null,
            "debt_ratio": null,
            "inventory_turnover_ratio": null,
            "account_receivable_turnover_ratio": null,
            "reinvestment_rate": null,
            "research_to_sale_ratio": null,
            "price_fair": 0,
            "eps_avg_yearly": 0,
            "eps_latest_yearly": 0,
            "eps_growth_yearly": 0
        },
        "20023": {
            "year_quarter": 20023,
            "year": 2002,
            "quarter": 3,
            "eps": null,
            "eps_growth_year": null,
            "eps_4q": null,
            "eps_4q_growth_year": null,
            "roe": null,
            "roe_4q": 0,
            "gross_profit": null,
            "gross_margin": null,
            "gross_margin_4q_avg": 0,
            "net_income": null,
            "net_income_4q": null,
            "revenue": null,
            "revenue_4q": null,
            "common_shares": null,
            "book_valuer_per_share": null,
            "book_valuer_per_share_4q_avg": 0,
            "equity": null,
            "current_ratio": null,
            "debt_ratio": null,
            "inventory_turnover_ratio": null,
            "account_receivable_turnover_ratio": null,
            "reinvestment_rate": null,
            "research_to_sale_ratio": null,
            "price_fair": 0,
            "eps_avg_yearly": 0,
            "eps_latest_yearly": 0,
            "eps_growth_yearly": 0
        },
        "20024": {
            "year_quarter": 20024,
            "year": 2002,
            "quarter": 4,
            "eps": null,
            "eps_growth_year": null,
            "eps_4q": null,
            "eps_4q_growth_year": null,
            "roe": null,
            "roe_4q": 0,
            "gross_profit": null,
            "gross_margin": null,
            "gross_margin_4q_avg": 0,
            "net_income": null,
            "net_income_4q": null,
            "revenue": null,
            "revenue_4q": null,
            "common_shares": null,
            "book_valuer_per_share": null,
            "book_valuer_per_share_4q_avg": 0,
            "equity": null,
            "current_ratio": null,
            "debt_ratio": null,
            "inventory_turnover_ratio": null,
            "account_receivable_turnover_ratio": null,
            "reinvestment_rate": null,
            "research_to_sale_ratio": null,
            "price_fair": 0,
            "eps_avg_yearly": 0,
            "eps_latest_yearly": 0,
            "eps_growth_yearly": 0
        },
        "20031": {
            "year_quarter": 20031,
            "year": 2003,
            "quarter": 1,
            "eps": null,
            "eps_growth_year": null,
            "eps_4q": null,
            "eps_4q_growth_year": null,
            "roe": null,
            "roe_4q": 0,
            "gross_profit": null,
            "gross_margin": null,
            "gross_margin_4q_avg": 0,
            "net_income": null,
            "net_income_4q": null,
            "revenue": null,
            "revenue_4q": null,
            "common_shares": null,
            "book_valuer_per_share": null,
            "book_valuer_per_share_4q_avg": 0,
            "equity": null,
            "current_ratio": null,
            "debt_ratio": null,
            "inventory_turnover_ratio": null,
            "account_receivable_turnover_ratio": null,
            "reinvestment_rate": null,
            "research_to_sale_ratio": null,
            "price_fair": 0,
            "eps_avg_yearly": 0,
            "eps_latest_yearly": 0,
            "eps_growth_yearly": 0
        },
        "20032": {
            "year_quarter": 20032,
            "year": 2003,
            "quarter": 2,
            "eps": null,
            "eps_growth_year": null,
            "eps_4q": null,
            "eps_4q_growth_year": null,
            "roe": null,
            "roe_4q": 0,
            "gross_profit": null,
            "gross_margin": null,
            "gross_margin_4q_avg": 0,
            "net_income": null,
            "net_income_4q": null,
            "revenue": null,
            "revenue_4q": null,
            "common_shares": null,
            "book_valuer_per_share": null,
            "book_valuer_per_share_4q_avg": 0,
            "equity": null,
            "current_ratio": null,
            "debt_ratio": null,
            "inventory_turnover_ratio": null,
            "account_receivable_turnover_ratio": null,
            "reinvestment_rate": null,
            "research_to_sale_ratio": null,
            "price_fair": 0,
            "eps_avg_yearly": 0,
            "eps_latest_yearly": 0,
            "eps_growth_yearly": 0
        },
        "20033": {
            "year_quarter": 20033,
            "year": 2003,
            "quarter": 3,
            "eps": null,
            "eps_growth_year": null,
            "eps_4q": null,
            "eps_4q_growth_year": null,
            "roe": null,
            "roe_4q": 0,
            "gross_profit": null,
            "gross_margin": null,
            "gross_margin_4q_avg": 0,
            "net_income": null,
            "net_income_4q": null,
            "revenue": null,
            "revenue_4q": null,
            "common_shares": null,
            "book_valuer_per_share": null,
            "book_valuer_per_share_4q_avg": 0,
            "equity": null,
            "current_ratio": null,
            "debt_ratio": null,
            "inventory_turnover_ratio": null,
            "account_receivable_turnover_ratio": null,
            "reinvestment_rate": null,
            "research_to_sale_ratio": null,
            "price_fair": 0,
            "eps_avg_yearly": 0,
            "eps_latest_yearly": 0,
            "eps_growth_yearly": 0
        },
        "20034": {
            "year_quarter": 20034,
            "year": 2003,
            "quarter": 4,
            "eps": null,
            "eps_growth_year": null,
            "eps_4q": null,
            "eps_4q_growth_year": null,
            "roe": null,
            "roe_4q": 0,
            "gross_profit": null,
            "gross_margin": null,
            "gross_margin_4q_avg": 0,
            "net_income": null,
            "net_income_4q": null,
            "revenue": null,
            "revenue_4q": null,
            "common_shares": null,
            "book_valuer_per_share": null,
            "book_valuer_per_share_4q_avg": 0,
            "equity": null,
            "current_ratio": null,
            "debt_ratio": null,
            "inventory_turnover_ratio": null,
            "account_receivable_turnover_ratio": null,
            "reinvestment_rate": null,
            "research_to_sale_ratio": null,
            "price_fair": 0,
            "eps_avg_yearly": 0,
            "eps_latest_yearly": 0,
            "eps_growth_yearly": 0
        },
        "20041": {
            "year_quarter": 20041,
            "year": 2004,
            "quarter": 1,
            "eps": null,
            "eps_growth_year": null,
            "eps_4q": null,
            "eps_4q_growth_year": null,
            "roe": null,
            "roe_4q": 0,
            "gross_profit": null,
            "gross_margin": null,
            "gross_margin_4q_avg": 0,
            "net_income": null,
            "net_income_4q": null,
            "revenue": null,
            "revenue_4q": null,
            "common_shares": null,
            "book_valuer_per_share": null,
            "book_valuer_per_share_4q_avg": 0,
            "equity": null,
            "current_ratio": null,
            "debt_ratio": null,
            "inventory_turnover_ratio": null,
            "account_receivable_turnover_ratio": null,
            "reinvestment_rate": null,
            "research_to_sale_ratio": null,
            "price_fair": 0,
            "eps_avg_yearly": 0,
            "eps_latest_yearly": 0,
            "eps_growth_yearly": 0
        },
        "20042": {
            "year_quarter": 20042,
            "year": 2004,
            "quarter": 2,
            "eps": null,
            "eps_growth_year": null,
            "eps_4q": null,
            "eps_4q_growth_year": null,
            "roe": null,
            "roe_4q": 0,
            "gross_profit": null,
            "gross_margin": null,
            "gross_margin_4q_avg": 0,
            "net_income": null,
            "net_income_4q": null,
            "revenue": null,
            "revenue_4q": null,
            "common_shares": null,
            "book_valuer_per_share": null,
            "book_valuer_per_share_4q_avg": 0,
            "equity": null,
            "current_ratio": null,
            "debt_ratio": null,
            "inventory_turnover_ratio": null,
            "account_receivable_turnover_ratio": null,
            "reinvestment_rate": null,
            "research_to_sale_ratio": null,
            "price_fair": 0,
            "eps_avg_yearly": 0,
            "eps_latest_yearly": 0,
            "eps_growth_yearly": 0
        },
        "20043": {
            "year_quarter": 20043,
            "year": 2004,
            "quarter": 3,
            "eps": null,
            "eps_growth_year": null,
            "eps_4q": null,
            "eps_4q_growth_year": null,
            "roe": null,
            "roe_4q": 0,
            "gross_profit": null,
            "gross_margin": null,
            "gross_margin_4q_avg": 0,
            "net_income": null,
            "net_income_4q": null,
            "revenue": null,
            "revenue_4q": null,
            "common_shares": null,
            "book_valuer_per_share": null,
            "book_valuer_per_share_4q_avg": 0,
            "equity": null,
            "current_ratio": null,
            "debt_ratio": null,
            "inventory_turnover_ratio": null,
            "account_receivable_turnover_ratio": null,
            "reinvestment_rate": null,
            "research_to_sale_ratio": null,
            "price_fair": 0,
            "eps_avg_yearly": 0,
            "eps_latest_yearly": 0,
            "eps_growth_yearly": 0
        },
        "20044": {
            "year_quarter": 20044,
            "year": 2004,
            "quarter": 4,
            "eps": null,
            "eps_growth_year": null,
            "eps_4q": null,
            "eps_4q_growth_year": null,
            "roe": null,
            "roe_4q": 0,
            "gross_profit": null,
            "gross_margin": null,
            "gross_margin_4q_avg": 0,
            "net_income": null,
            "net_income_4q": null,
            "revenue": null,
            "revenue_4q": null,
            "common_shares": null,
            "book_valuer_per_share": null,
            "book_valuer_per_share_4q_avg": 0,
            "equity": null,
            "current_ratio": null,
            "debt_ratio": null,
            "inventory_turnover_ratio": null,
            "account_receivable_turnover_ratio": null,
            "reinvestment_rate": null,
            "research_to_sale_ratio": null,
            "price_fair": 0,
            "eps_avg_yearly": 0,
            "eps_latest_yearly": 0,
            "eps_growth_yearly": 0
        },
        "20051": {
            "year_quarter": 20051,
            "year": 2005,
            "quarter": 1,
            "eps": null,
            "eps_growth_year": null,
            "eps_4q": null,
            "eps_4q_growth_year": null,
            "roe": null,
            "roe_4q": 0,
            "gross_profit": null,
            "gross_margin": null,
            "gross_margin_4q_avg": 0,
            "net_income": null,
            "net_income_4q": null,
            "revenue": null,
            "revenue_4q": null,
            "common_shares": null,
            "book_valuer_per_share": null,
            "book_valuer_per_share_4q_avg": 0,
            "equity": null,
            "current_ratio": null,
            "debt_ratio": null,
            "inventory_turnover_ratio": null,
            "account_receivable_turnover_ratio": null,
            "reinvestment_rate": null,
            "research_to_sale_ratio": null,
            "price_fair": 0,
            "eps_avg_yearly": 0,
            "eps_latest_yearly": 0,
            "eps_growth_yearly": 0
        },
        "20052": {
            "year_quarter": 20052,
            "year": 2005,
            "quarter": 2,
            "eps": null,
            "eps_growth_year": null,
            "eps_4q": null,
            "eps_4q_growth_year": null,
            "roe": null,
            "roe_4q": 0,
            "gross_profit": null,
            "gross_margin": null,
            "gross_margin_4q_avg": 0,
            "net_income": null,
            "net_income_4q": null,
            "revenue": null,
            "revenue_4q": null,
            "common_shares": null,
            "book_valuer_per_share": null,
            "book_valuer_per_share_4q_avg": 0,
            "equity": null,
            "current_ratio": null,
            "debt_ratio": null,
            "inventory_turnover_ratio": null,
            "account_receivable_turnover_ratio": null,
            "reinvestment_rate": null,
            "research_to_sale_ratio": null,
            "price_fair": 0,
            "eps_avg_yearly": 0,
            "eps_latest_yearly": 0,
            "eps_growth_yearly": 0
        },
        "20053": {
            "year_quarter": 20053,
            "year": 2005,
            "quarter": 3,
            "eps": null,
            "eps_growth_year": null,
            "eps_4q": null,
            "eps_4q_growth_year": null,
            "roe": null,
            "roe_4q": 0,
            "gross_profit": null,
            "gross_margin": null,
            "gross_margin_4q_avg": 0,
            "net_income": null,
            "net_income_4q": null,
            "revenue": null,
            "revenue_4q": null,
            "common_shares": null,
            "book_valuer_per_share": null,
            "book_valuer_per_share_4q_avg": 0,
            "equity": null,
            "current_ratio": null,
            "debt_ratio": null,
            "inventory_turnover_ratio": null,
            "account_receivable_turnover_ratio": null,
            "reinvestment_rate": null,
            "research_to_sale_ratio": null,
            "price_fair": 0,
            "eps_avg_yearly": 0,
            "eps_latest_yearly": 0,
            "eps_growth_yearly": 0
        },
        "20054": {
            "year_quarter": 20054,
            "year": 2005,
            "quarter": 4,
            "eps": null,
            "eps_growth_year": null,
            "eps_4q": null,
            "eps_4q_growth_year": null,
            "roe": null,
            "roe_4q": 0,
            "gross_profit": null,
            "gross_margin": null,
            "gross_margin_4q_avg": 0,
            "net_income": null,
            "net_income_4q": null,
            "revenue": null,
            "revenue_4q": null,
            "common_shares": null,
            "book_valuer_per_share": null,
            "book_valuer_per_share_4q_avg": 0,
            "equity": null,
            "current_ratio": null,
            "debt_ratio": null,
            "inventory_turnover_ratio": null,
            "account_receivable_turnover_ratio": null,
            "reinvestment_rate": null,
            "research_to_sale_ratio": null,
            "price_fair": 0,
            "eps_avg_yearly": 0,
            "eps_latest_yearly": 0,
            "eps_growth_yearly": 0
        },
        "20061": {
            "year_quarter": 20061,
            "year": 2006,
            "quarter": 1,
            "eps": null,
            "eps_growth_year": null,
            "eps_4q": null,
            "eps_4q_growth_year": null,
            "roe": null,
            "roe_4q": 0,
            "gross_profit": null,
            "gross_margin": null,
            "gross_margin_4q_avg": 0,
            "net_income": null,
            "net_income_4q": null,
            "revenue": null,
            "revenue_4q": null,
            "common_shares": null,
            "book_valuer_per_share": null,
            "book_valuer_per_share_4q_avg": 0,
            "equity": null,
            "current_ratio": null,
            "debt_ratio": null,
            "inventory_turnover_ratio": null,
            "account_receivable_turnover_ratio": null,
            "reinvestment_rate": null,
            "research_to_sale_ratio": null,
            "price_fair": 0,
            "eps_avg_yearly": 0,
            "eps_latest_yearly": 0,
            "eps_growth_yearly": 0
        },
        "20062": {
            "year_quarter": 20062,
            "year": 2006,
            "quarter": 2,
            "eps": -0.68,
            "eps_growth_year": null,
            "eps_4q": null,
            "eps_4q_growth_year": null,
            "roe": null,
            "roe_4q": 0,
            "gross_profit": 165000,
            "gross_margin": 27.59,
            "gross_margin_4q_avg": 6.9,
            "net_income": -145000,
            "net_income_4q": null,
            "revenue": 598000,
            "revenue_4q": null,
            "common_shares": null,
            "book_valuer_per_share": null,
            "book_valuer_per_share_4q_avg": 0,
            "equity": null,
            "current_ratio": null,
            "debt_ratio": null,
            "inventory_turnover_ratio": null,
            "account_receivable_turnover_ratio": null,
            "reinvestment_rate": null,
            "research_to_sale_ratio": 13.55,
            "price_fair": 0,
            "eps_avg_yearly": 0,
            "eps_latest_yearly": 0,
            "eps_growth_yearly": 0
        },
        "20063": {
            "year_quarter": 20063,
            "year": 2006,
            "quarter": 3,
            "eps": -0.08,
            "eps_growth_year": null,
            "eps_4q": null,
            "eps_4q_growth_year": null,
            "roe": null,
            "roe_4q": 0,
            "gross_profit": 145000,
            "gross_margin": 35.54,
            "gross_margin_4q_avg": 15.78,
            "net_income": -19000,
            "net_income_4q": null,
            "revenue": 408000,
            "revenue_4q": null,
            "common_shares": null,
            "book_valuer_per_share": null,
            "book_valuer_per_share_4q_avg": 0,
            "equity": null,
            "current_ratio": null,
            "debt_ratio": null,
            "inventory_turnover_ratio": null,
            "account_receivable_turnover_ratio": null,
            "reinvestment_rate": null,
            "research_to_sale_ratio": 13.97,
            "price_fair": 0,
            "eps_avg_yearly": 0,
            "eps_latest_yearly": 0,
            "eps_growth_yearly": 0
        },
        "20064": {
            "year_quarter": 20064,
            "year": 2006,
            "quarter": 4,
            "eps": -0.19,
            "eps_growth_year": null,
            "eps_4q": null,
            "eps_4q_growth_year": null,
            "roe": null,
            "roe_4q": 0,
            "gross_profit": 108000,
            "gross_margin": 27.48,
            "gross_margin_4q_avg": 22.65,
            "net_income": -64000,
            "net_income_4q": null,
            "revenue": 393000,
            "revenue_4q": null,
            "common_shares": null,
            "book_valuer_per_share": null,
            "book_valuer_per_share_4q_avg": 0,
            "equity": null,
            "current_ratio": null,
            "debt_ratio": null,
            "inventory_turnover_ratio": null,
            "account_receivable_turnover_ratio": null,
            "reinvestment_rate": null,
            "research_to_sale_ratio": 12.47,
            "price_fair": 0,
            "eps_avg_yearly": 0,
            "eps_latest_yearly": 0,
            "eps_growth_yearly": 0
        },
        "20071": {
            "year_quarter": 20071,
            "year": 2007,
            "quarter": 1,
            "eps": -0.09,
            "eps_growth_year": null,
            "eps_4q": null,
            "eps_4q_growth_year": null,
            "roe": null,
            "roe_4q": 0,
            "gross_profit": 125000,
            "gross_margin": 33.33,
            "gross_margin_4q_avg": 30.99,
            "net_income": -42000,
            "net_income_4q": null,
            "revenue": 375000,
            "revenue_4q": null,
            "common_shares": null,
            "book_valuer_per_share": null,
            "book_valuer_per_share_4q_avg": 0,
            "equity": null,
            "current_ratio": null,
            "debt_ratio": null,
            "inventory_turnover_ratio": null,
            "account_receivable_turnover_ratio": null,
            "reinvestment_rate": null,
            "research_to_sale_ratio": 13.33,
            "price_fair": 0,
            "eps_avg_yearly": 0,
            "eps_latest_yearly": 0,
            "eps_growth_yearly": 0
        },
        "20072": {
            "year_quarter": 20072,
            "year": 2007,
            "quarter": 2,
            "eps": 0.04,
            "eps_growth_year": null,
            "eps_4q": -0.32,
            "eps_4q_growth_year": null,
            "roe": null,
            "roe_4q": 0,
            "gross_profit": 136000,
            "gross_margin": 35.79,
            "gross_margin_4q_avg": 33.04,
            "net_income": -6000,
            "net_income_4q": null,
            "revenue": 380000,
            "revenue_4q": null,
            "common_shares": null,
            "book_valuer_per_share": null,
            "book_valuer_per_share_4q_avg": 0,
            "equity": null,
            "current_ratio": null,
            "debt_ratio": null,
            "inventory_turnover_ratio": null,
            "account_receivable_turnover_ratio": null,
            "reinvestment_rate": null,
            "research_to_sale_ratio": 13.42,
            "price_fair": 0,
            "eps_avg_yearly": 0,
            "eps_latest_yearly": 0,
            "eps_growth_yearly": 0
        },
        "20073": {
            "year_quarter": 20073,
            "year": 2007,
            "quarter": 3,
            "eps": -0.24,
            "eps_growth_year": null,
            "eps_4q": -0.47,
            "eps_4q_growth_year": null,
            "roe": null,
            "roe_4q": 0,
            "gross_profit": -5000,
            "gross_margin": -1.31,
            "gross_margin_4q_avg": 23.82,
            "net_income": -167000,
            "net_income_4q": null,
            "revenue": 381000,
            "revenue_4q": null,
            "common_shares": null,
            "book_valuer_per_share": null,
            "book_valuer_per_share_4q_avg": 0,
            "equity": null,
            "current_ratio": null,
            "debt_ratio": null,
            "inventory_turnover_ratio": null,
            "account_receivable_turnover_ratio": null,
            "reinvestment_rate": null,
            "research_to_sale_ratio": 13.91,
            "price_fair": 0,
            "eps_avg_yearly": 0,
            "eps_latest_yearly": 0,
            "eps_growth_yearly": 0
        },
        "20074": {
            "year_quarter": 20074,
            "year": 2007,
            "quarter": 4,
            "eps": 0.04,
            "eps_growth_year": null,
            "eps_4q": -0.24,
            "eps_4q_growth_year": null,
            "roe": null,
            "roe_4q": 0,
            "gross_profit": 135000,
            "gross_margin": 34.53,
            "gross_margin_4q_avg": 25.59,
            "net_income": -5000,
            "net_income_4q": null,
            "revenue": 391000,
            "revenue_4q": null,
            "common_shares": null,
            "book_valuer_per_share": null,
            "book_valuer_per_share_4q_avg": 0,
            "equity": null,
            "current_ratio": null,
            "debt_ratio": null,
            "inventory_turnover_ratio": null,
            "account_receivable_turnover_ratio": null,
            "reinvestment_rate": null,
            "research_to_sale_ratio": 13.04,
            "price_fair": 0,
            "eps_avg_yearly": 0,
            "eps_latest_yearly": 0,
            "eps_growth_yearly": 0
        },
        "20081": {
            "year_quarter": 20081,
            "year": 2008,
            "quarter": 1,
            "eps": 0.02,
            "eps_growth_year": null,
            "eps_4q": -0.13,
            "eps_4q_growth_year": null,
            "roe": null,
            "roe_4q": 0,
            "gross_profit": 158000,
            "gross_margin": 39.3,
            "gross_margin_4q_avg": 27.08,
            "net_income": -5000,
            "net_income_4q": null,
            "revenue": 402000,
            "revenue_4q": null,
            "common_shares": null,
            "book_valuer_per_share": null,
            "book_valuer_per_share_4q_avg": 0,
            "equity": null,
            "current_ratio": null,
            "debt_ratio": null,
            "inventory_turnover_ratio": null,
            "account_receivable_turnover_ratio": null,
            "reinvestment_rate": null,
            "research_to_sale_ratio": 16.42,
            "price_fair": 0.24,
            "eps_avg_yearly": 0.08,
            "eps_latest_yearly": 0.08,
            "eps_growth_yearly": -200
        },
        "20082": {
            "year_quarter": 20082,
            "year": 2008,
            "quarter": 2,
            "eps": 0.09,
            "eps_growth_year": 122.06,
            "eps_4q": -0.08,
            "eps_4q_growth_year": null,
            "roe": null,
            "roe_4q": 0,
            "gross_profit": 160000,
            "gross_margin": 38.93,
            "gross_margin_4q_avg": 27.86,
            "net_income": 18000,
            "net_income_4q": null,
            "revenue": 411000,
            "revenue_4q": null,
            "common_shares": 1079000,
            "book_valuer_per_share": -0.93,
            "book_valuer_per_share_4q_avg": -0.23,
            "equity": 709000,
            "current_ratio": 188.55,
            "debt_ratio": 59.28,
            "inventory_turnover_ratio": null,
            "account_receivable_turnover_ratio": null,
            "reinvestment_rate": null,
            "research_to_sale_ratio": 15.09,
            "price_fair": 7.7,
            "eps_avg_yearly": 0.22,
            "eps_latest_yearly": 0.36,
            "eps_growth_yearly": 600
        },
        "20083": {
            "year_quarter": 20083,
            "year": 2008,
            "quarter": 3,
            "eps": 0.12,
            "eps_growth_year": null,
            "eps_4q": 0.27,
            "eps_4q_growth_year": null,
            "roe": 2.59,
            "roe_4q": 2.59,
            "gross_profit": 174000,
            "gross_margin": 39.64,
            "gross_margin_4q_avg": 38.1,
            "net_income": 19000,
            "net_income_4q": null,
            "revenue": 439000,
            "revenue_4q": null,
            "common_shares": 1082000,
            "book_valuer_per_share": -0.61,
            "book_valuer_per_share_4q_avg": -0.39,
            "equity": 756000,
            "current_ratio": 207.86,
            "debt_ratio": 58.19,
            "inventory_turnover_ratio": 1.48,
            "account_receivable_turnover_ratio": 2.06,
            "reinvestment_rate": null,
            "research_to_sale_ratio": 15.49,
            "price_fair": 10.73,
            "eps_avg_yearly": 0.31,
            "eps_latest_yearly": 0.48,
            "eps_growth_yearly": 444.44
        },
        "20084": {
            "year_quarter": 20084,
            "year": 2008,
            "quarter": 4,
            "eps": 0.12,
            "eps_growth_year": 197.65,
            "eps_4q": 0.35,
            "eps_4q_growth_year": null,
            "roe": 3.26,
            "roe_4q": 5.85,
            "gross_profit": 169000,
            "gross_margin": 37.81,
            "gross_margin_4q_avg": 38.92,
            "net_income": 25000,
            "net_income_4q": null,
            "revenue": 447000,
            "revenue_4q": null,
            "common_shares": 1084000,
            "book_valuer_per_share": -0.52,
            "book_valuer_per_share_4q_avg": -0.52,
            "equity": 780000,
            "current_ratio": 188.72,
            "debt_ratio": 58.31,
            "inventory_turnover_ratio": 1.46,
            "account_receivable_turnover_ratio": 2.25,
            "reinvestment_rate": null,
            "research_to_sale_ratio": 15.44,
            "price_fair": 12.25,
            "eps_avg_yearly": 0.35,
            "eps_latest_yearly": 0.48,
            "eps_growth_yearly": 333.33
        },
        "20091": {
            "year_quarter": 20091,
            "year": 2009,
            "quarter": 1,
            "eps": 0.07,
            "eps_growth_year": 250.99,
            "eps_4q": 0.4,
            "eps_4q_growth_year": null,
            "roe": null,
            "roe_4q": 5.85,
            "gross_profit": 149000,
            "gross_margin": 40.49,
            "gross_margin_4q_avg": 39.22,
            "net_income": 6000,
            "net_income_4q": null,
            "revenue": 368000,
            "revenue_4q": null,
            "common_shares": null,
            "book_valuer_per_share": null,
            "book_valuer_per_share_4q_avg": -0.52,
            "equity": null,
            "current_ratio": null,
            "debt_ratio": null,
            "inventory_turnover_ratio": null,
            "account_receivable_turnover_ratio": null,
            "reinvestment_rate": null,
            "research_to_sale_ratio": 16.85,
            "price_fair": 11.76,
            "eps_avg_yearly": 0.34,
            "eps_latest_yearly": 0.28,
            "eps_growth_yearly": 233.33
        },
        "20092": {
            "year_quarter": 20092,
            "year": 2009,
            "quarter": 2,
            "eps": -0.13,
            "eps_growth_year": -235.59,
            "eps_4q": 0.18,
            "eps_4q_growth_year": null,
            "roe": null,
            "roe_4q": 5.85,
            "gross_profit": 101000,
            "gross_margin": 31.08,
            "gross_margin_4q_avg": 37.26,
            "net_income": -31000,
            "net_income_4q": null,
            "revenue": 325000,
            "revenue_4q": null,
            "common_shares": 1086000,
            "book_valuer_per_share": -0.46,
            "book_valuer_per_share_4q_avg": -0.4,
            "equity": 758000,
            "current_ratio": 218.09,
            "debt_ratio": 57.94,
            "inventory_turnover_ratio": null,
            "account_receivable_turnover_ratio": null,
            "reinvestment_rate": null,
            "research_to_sale_ratio": 18.15,
            "price_fair": 11.76,
            "eps_avg_yearly": 0.34,
            "eps_latest_yearly": 0.28,
            "eps_growth_yearly": 233.33
        },
        "20093": {
            "year_quarter": 20093,
            "year": 2009,
            "quarter": 3,
            "eps": 0.05,
            "eps_growth_year": -53.41,
            "eps_4q": 0.11,
            "eps_4q_growth_year": -57.26,
            "roe": 0.26,
            "roe_4q": 3.5199999999999996,
            "gross_profit": 143000,
            "gross_margin": 39.39,
            "gross_margin_4q_avg": 37.19,
            "net_income": 2000,
            "net_income_4q": null,
            "revenue": 363000,
            "revenue_4q": null,
            "common_shares": 1084000,
            "book_valuer_per_share": -0.37,
            "book_valuer_per_share_4q_avg": -0.34,
            "equity": 758000,
            "current_ratio": 245.42,
            "debt_ratio": 57.3,
            "inventory_turnover_ratio": 1.45,
            "account_receivable_turnover_ratio": 2,
            "reinvestment_rate": null,
            "research_to_sale_ratio": 16.25,
            "price_fair": 11.76,
            "eps_avg_yearly": 0.34,
            "eps_latest_yearly": 0.28,
            "eps_growth_yearly": 233.33
        },
        "20094": {
            "year_quarter": 20094,
            "year": 2009,
            "quarter": 4,
            "eps": 0.09,
            "eps_growth_year": -24.84,
            "eps_4q": 0.08,
            "eps_4q_growth_year": -75.63,
            "roe": -2.34,
            "roe_4q": -2.08,
            "gross_profit": 178000,
            "gross_margin": 41.59,
            "gross_margin_4q_avg": 38.14,
            "net_income": -21000,
            "net_income_4q": null,
            "revenue": 428000,
            "revenue_4q": null,
            "common_shares": 1393000,
            "book_valuer_per_share": 0.94,
            "book_valuer_per_share_4q_avg": 0.03,
            "equity": 1040000,
            "current_ratio": 136.49,
            "debt_ratio": 47.21,
            "inventory_turnover_ratio": 1.59,
            "account_receivable_turnover_ratio": 2.35,
            "reinvestment_rate": null,
            "research_to_sale_ratio": 15.19,
            "price_fair": 11.9,
            "eps_avg_yearly": 0.34,
            "eps_latest_yearly": 0.36,
            "eps_growth_yearly": 247.78
        },
        "20101": {
            "year_quarter": 20101,
            "year": 2010,
            "quarter": 1,
            "eps": 0.25,
            "eps_growth_year": 269.43,
            "eps_4q": 0.27,
            "eps_4q_growth_year": -32.9,
            "roe": 3.57,
            "roe_4q": 1.49,
            "gross_profit": 194000,
            "gross_margin": 42.54,
            "gross_margin_4q_avg": 38.65,
            "net_income": 38000,
            "net_income_4q": null,
            "revenue": 456000,
            "revenue_4q": null,
            "common_shares": 1402000,
            "book_valuer_per_share": 1.22,
            "book_valuer_per_share_4q_avg": 0.33,
            "equity": 1087000,
            "current_ratio": 224.6,
            "debt_ratio": 33.39,
            "inventory_turnover_ratio": 1.6,
            "account_receivable_turnover_ratio": 2.34,
            "reinvestment_rate": null,
            "research_to_sale_ratio": 14.04,
            "price_fair": 15.2,
            "eps_avg_yearly": 0.43,
            "eps_latest_yearly": 1,
            "eps_growth_yearly": 313.97
        },
        "20102": {
            "year_quarter": 20102,
            "year": 2010,
            "quarter": 2,
            "eps": 0.37,
            "eps_growth_year": null,
            "eps_4q": 0.76,
            "eps_4q_growth_year": 331.66,
            "roe": 7.87,
            "roe_4q": 9.36,
            "gross_profit": 233000,
            "gross_margin": 45.24,
            "gross_margin_4q_avg": 42.19,
            "net_income": 90000,
            "net_income_4q": null,
            "revenue": 515000,
            "revenue_4q": null,
            "common_shares": 1425000,
            "book_valuer_per_share": 1.77,
            "book_valuer_per_share_4q_avg": 0.89,
            "equity": 1200000,
            "current_ratio": 258.72,
            "debt_ratio": 32.66,
            "inventory_turnover_ratio": 1.64,
            "account_receivable_turnover_ratio": 2.28,
            "reinvestment_rate": null,
            "research_to_sale_ratio": 13.59,
            "price_fair": 19.78,
            "eps_avg_yearly": 0.57,
            "eps_latest_yearly": 1.48,
            "eps_growth_yearly": 298.72
        },
        "20103": {
            "year_quarter": 20103,
            "year": 2010,
            "quarter": 3,
            "eps": 0.51,
            "eps_growth_year": 838.44,
            "eps_4q": 1.21,
            "eps_4q_growth_year": 957.52,
            "roe": 9.71,
            "roe_4q": 18.810000000000002,
            "gross_profit": 264000,
            "gross_margin": 48,
            "gross_margin_4q_avg": 44.34,
            "net_income": 123000,
            "net_income_4q": null,
            "revenue": 550000,
            "revenue_4q": null,
            "common_shares": 1435000,
            "book_valuer_per_share": 2.38,
            "book_valuer_per_share_4q_avg": 1.58,
            "equity": 1333000,
            "current_ratio": 306.32,
            "debt_ratio": 30.57,
            "inventory_turnover_ratio": 1.58,
            "account_receivable_turnover_ratio": 2.08,
            "reinvestment_rate": null,
            "research_to_sale_ratio": 12.91,
            "price_fair": 25.51,
            "eps_avg_yearly": 0.73,
            "eps_latest_yearly": 2.04,
            "eps_growth_yearly": 282.35
        },
        "20104": {
            "year_quarter": 20104,
            "year": 2010,
            "quarter": 4,
            "eps": 0.66,
            "eps_growth_year": 631.27,
            "eps_4q": 1.79,
            "eps_4q_growth_year": 2001.6,
            "roe": 11.56,
            "roe_4q": 32.71,
            "gross_profit": 276000,
            "gross_margin": 48.25,
            "gross_margin_4q_avg": 46.01,
            "net_income": 164000,
            "net_income_4q": null,
            "revenue": 572000,
            "revenue_4q": null,
            "common_shares": 1450000,
            "book_valuer_per_share": 3.17,
            "book_valuer_per_share_4q_avg": 2.14,
            "equity": 1505000,
            "current_ratio": 192.39,
            "debt_ratio": 30.23,
            "inventory_turnover_ratio": 1.58,
            "account_receivable_turnover_ratio": 2.03,
            "reinvestment_rate": null,
            "research_to_sale_ratio": 13.11,
            "price_fair": 32.2,
            "eps_avg_yearly": 0.92,
            "eps_latest_yearly": 2.64,
            "eps_growth_yearly": 265.88
        },
        "20111": {
            "year_quarter": 20111,
            "year": 2011,
            "quarter": 1,
            "eps": 0.55,
            "eps_growth_year": 121.93,
            "eps_4q": 2.09,
            "eps_4q_growth_year": 684.59,
            "roe": 7.56,
            "roe_4q": 36.7,
            "gross_profit": 271000,
            "gross_margin": 49.27,
            "gross_margin_4q_avg": 47.69,
            "net_income": 119000,
            "net_income_4q": null,
            "revenue": 550000,
            "revenue_4q": null,
            "common_shares": 1487000,
            "book_valuer_per_share": 3.75,
            "book_valuer_per_share_4q_avg": 2.77,
            "equity": 1644000,
            "current_ratio": 383.97,
            "debt_ratio": 16.59,
            "inventory_turnover_ratio": 1.42,
            "account_receivable_turnover_ratio": 1.91,
            "reinvestment_rate": null,
            "research_to_sale_ratio": 13.27,
            "price_fair": 36.27,
            "eps_avg_yearly": 1.04,
            "eps_latest_yearly": 2.2,
            "eps_growth_yearly": 235.65
        },
        "20112": {
            "year_quarter": 20112,
            "year": 2011,
            "quarter": 2,
            "eps": 0.54,
            "eps_growth_year": 47.08,
            "eps_4q": 2.26,
            "eps_4q_growth_year": 196.73,
            "roe": 7.86,
            "roe_4q": 36.69,
            "gross_profit": 275000,
            "gross_margin": 49.11,
            "gross_margin_4q_avg": 48.66,
            "net_income": 135000,
            "net_income_4q": null,
            "revenue": 560000,
            "revenue_4q": null,
            "common_shares": 1518000,
            "book_valuer_per_share": 4.37,
            "book_valuer_per_share_4q_avg": 3.42,
            "equity": 1791000,
            "current_ratio": 381.08,
            "debt_ratio": 17.73,
            "inventory_turnover_ratio": 1.44,
            "account_receivable_turnover_ratio": 1.93,
            "reinvestment_rate": null,
            "research_to_sale_ratio": 13.57,
            "price_fair": 39.55,
            "eps_avg_yearly": 1.13,
            "eps_latest_yearly": 2.16,
            "eps_growth_yearly": 215.4
        },
        "20113": {
            "year_quarter": 20113,
            "year": 2011,
            "quarter": 3,
            "eps": 0.58,
            "eps_growth_year": 14.08,
            "eps_4q": 2.33,
            "eps_4q_growth_year": 92.15,
            "roe": 7.87,
            "roe_4q": 34.85,
            "gross_profit": 297000,
            "gross_margin": 49.25,
            "gross_margin_4q_avg": 48.97,
            "net_income": 144000,
            "net_income_4q": null,
            "revenue": 603000,
            "revenue_4q": null,
            "common_shares": 1472000,
            "book_valuer_per_share": 4.78,
            "book_valuer_per_share_4q_avg": 4.02,
            "equity": 1870000,
            "current_ratio": 395.18,
            "debt_ratio": 17.73,
            "inventory_turnover_ratio": 1.55,
            "account_receivable_turnover_ratio": 2.1,
            "reinvestment_rate": null,
            "research_to_sale_ratio": 14.1,
            "price_fair": 42.75,
            "eps_avg_yearly": 1.22,
            "eps_latest_yearly": 2.32,
            "eps_growth_yearly": 201.11
        },
        "20114": {
            "year_quarter": 20114,
            "year": 2011,
            "quarter": 4,
            "eps": 0.61,
            "eps_growth_year": -7.01,
            "eps_4q": 2.29,
            "eps_4q_growth_year": 28.11,
            "roe": 7.95,
            "roe_4q": 31.24,
            "gross_profit": 304000,
            "gross_margin": 48.8,
            "gross_margin_4q_avg": 49.11,
            "net_income": 154000,
            "net_income_4q": null,
            "revenue": 623000,
            "revenue_4q": null,
            "common_shares": 1479000,
            "book_valuer_per_share": 5.41,
            "book_valuer_per_share_4q_avg": 4.58,
            "equity": 2006000,
            "current_ratio": 398,
            "debt_ratio": 17.99,
            "inventory_turnover_ratio": 1.62,
            "account_receivable_turnover_ratio": 2.03,
            "reinvestment_rate": null,
            "research_to_sale_ratio": 13.32,
            "price_fair": 45.8,
            "eps_avg_yearly": 1.31,
            "eps_latest_yearly": 2.44,
            "eps_growth_yearly": 188.23
        },
        "20121": {
            "year_quarter": 20121,
            "year": 2012,
            "quarter": 1,
            "eps": 0.5,
            "eps_growth_year": -8.62,
            "eps_4q": 2.24,
            "eps_4q_growth_year": 7.25,
            "roe": 6.18,
            "roe_4q": 29.86,
            "gross_profit": 270000,
            "gross_margin": 47.96,
            "gross_margin_4q_avg": 48.78,
            "net_income": 125000,
            "net_income_4q": null,
            "revenue": 563000,
            "revenue_4q": null,
            "common_shares": 1416000,
            "book_valuer_per_share": 5.67,
            "book_valuer_per_share_4q_avg": 5.06,
            "equity": 2040000,
            "current_ratio": 436.94,
            "debt_ratio": 16.53,
            "inventory_turnover_ratio": 1.51,
            "account_receivable_turnover_ratio": 1.77,
            "reinvestment_rate": 5.86,
            "research_to_sale_ratio": 14.56,
            "price_fair": 50.6,
            "eps_avg_yearly": 1.45,
            "eps_latest_yearly": 2,
            "eps_growth_yearly": 197.36
        },
        "20122": {
            "year_quarter": 20122,
            "year": 2012,
            "quarter": 2,
            "eps": 0.54,
            "eps_growth_year": 0.02,
            "eps_4q": 2.24,
            "eps_4q_growth_year": -1,
            "roe": 6.37,
            "roe_4q": 28.37,
            "gross_profit": 279000,
            "gross_margin": 48.35,
            "gross_margin_4q_avg": 48.59,
            "net_income": 134000,
            "net_income_4q": null,
            "revenue": 577000,
            "revenue_4q": null,
            "common_shares": 1442000,
            "book_valuer_per_share": 6.25,
            "book_valuer_per_share_4q_avg": 5.53,
            "equity": 2167000,
            "current_ratio": 423.6,
            "debt_ratio": 17,
            "inventory_turnover_ratio": 1.45,
            "account_receivable_turnover_ratio": 1.98,
            "reinvestment_rate": 9.3,
            "research_to_sale_ratio": 14.56,
            "price_fair": 55.1,
            "eps_avg_yearly": 1.57,
            "eps_latest_yearly": 2.16,
            "eps_growth_yearly": 99.64
        },
        "20123": {
            "year_quarter": 20123,
            "year": 2012,
            "quarter": 3,
            "eps": 0.59,
            "eps_growth_year": 1.86,
            "eps_4q": 2.25,
            "eps_4q_growth_year": -3.56,
            "roe": 6.51,
            "roe_4q": 27.009999999999998,
            "gross_profit": 295000,
            "gross_margin": 48.68,
            "gross_margin_4q_avg": 48.45,
            "net_income": 145000,
            "net_income_4q": null,
            "revenue": 606000,
            "revenue_4q": null,
            "common_shares": 1456000,
            "book_valuer_per_share": 6.81,
            "book_valuer_per_share_4q_avg": 6.04,
            "equity": 2289000,
            "current_ratio": 462.28,
            "debt_ratio": 15.69,
            "inventory_turnover_ratio": 1.43,
            "account_receivable_turnover_ratio": 2.01,
            "reinvestment_rate": 11.39,
            "research_to_sale_ratio": 14.69,
            "price_fair": 59.8,
            "eps_avg_yearly": 1.71,
            "eps_latest_yearly": 2.36,
            "eps_growth_yearly": 92.77
        },
        "20124": {
            "year_quarter": 20124,
            "year": 2012,
            "quarter": 4,
            "eps": 0.64,
            "eps_growth_year": 4.68,
            "eps_4q": 2.28,
            "eps_4q_growth_year": -0.35,
            "roe": 6.75,
            "roe_4q": 25.81,
            "gross_profit": 300000,
            "gross_margin": 48.54,
            "gross_margin_4q_avg": 48.38,
            "net_income": 159000,
            "net_income_4q": null,
            "revenue": 618000,
            "revenue_4q": null,
            "common_shares": 1479000,
            "book_valuer_per_share": 7.4,
            "book_valuer_per_share_4q_avg": 6.53,
            "equity": 2419000,
            "current_ratio": 488.73,
            "debt_ratio": 15.48,
            "inventory_turnover_ratio": 1.55,
            "account_receivable_turnover_ratio": 1.84,
            "reinvestment_rate": 13.73,
            "research_to_sale_ratio": 12.94,
            "price_fair": 65,
            "eps_avg_yearly": 1.86,
            "eps_latest_yearly": 2.56,
            "eps_growth_yearly": 95.19
        },
        "20131": {
            "year_quarter": 20131,
            "year": 2013,
            "quarter": 1,
            "eps": 0.5,
            "eps_growth_year": -0.38,
            "eps_4q": 2.28,
            "eps_4q_growth_year": 1.68,
            "roe": 5.06,
            "roe_4q": 24.69,
            "gross_profit": 276000,
            "gross_margin": 47.92,
            "gross_margin_4q_avg": 48.37,
            "net_income": 125000,
            "net_income_4q": null,
            "revenue": 576000,
            "revenue_4q": null,
            "common_shares": 1493000,
            "book_valuer_per_share": 7.86,
            "book_valuer_per_share_4q_avg": 7.08,
            "equity": 2518000,
            "current_ratio": 618.41,
            "debt_ratio": 12.93,
            "inventory_turnover_ratio": 1.49,
            "account_receivable_turnover_ratio": 1.9,
            "reinvestment_rate": 15.64,
            "research_to_sale_ratio": 16.15,
            "price_fair": 69.3,
            "eps_avg_yearly": 1.98,
            "eps_latest_yearly": 2,
            "eps_growth_yearly": 100.84
        },
        "20132": {
            "year_quarter": 20132,
            "year": 2013,
            "quarter": 2,
            "eps": 0.45,
            "eps_growth_year": -16.49,
            "eps_4q": 2.19,
            "eps_4q_growth_year": -2.33,
            "roe": 4.41,
            "roe_4q": 22.729999999999997,
            "gross_profit": 272000,
            "gross_margin": 48.4,
            "gross_margin_4q_avg": 48.39,
            "net_income": 113000,
            "net_income_4q": null,
            "revenue": 562000,
            "revenue_4q": null,
            "common_shares": 1518000,
            "book_valuer_per_share": 8.17,
            "book_valuer_per_share_4q_avg": 7.56,
            "equity": 2611000,
            "current_ratio": 550.91,
            "debt_ratio": 14.08,
            "inventory_turnover_ratio": 1.33,
            "account_receivable_turnover_ratio": 2.09,
            "reinvestment_rate": 16.47,
            "research_to_sale_ratio": 16.9,
            "price_fair": 68.88,
            "eps_avg_yearly": 1.97,
            "eps_latest_yearly": 1.8,
            "eps_growth_yearly": 91.45
        },
        "20133": {
            "year_quarter": 20133,
            "year": 2013,
            "quarter": 3,
            "eps": 0.57,
            "eps_growth_year": -3.46,
            "eps_4q": 2.17,
            "eps_4q_growth_year": -3.69,
            "roe": 5.32,
            "roe_4q": 21.54,
            "gross_profit": 305000,
            "gross_margin": 47.36,
            "gross_margin_4q_avg": 48.06,
            "net_income": 142000,
            "net_income_4q": null,
            "revenue": 644000,
            "revenue_4q": null,
            "common_shares": 1538000,
            "book_valuer_per_share": 7.34,
            "book_valuer_per_share_4q_avg": 7.69,
            "equity": 2726000,
            "current_ratio": 431.84,
            "debt_ratio": 14.92,
            "inventory_turnover_ratio": 1.32,
            "account_receivable_turnover_ratio": 2.03,
            "reinvestment_rate": 18.85,
            "research_to_sale_ratio": 15.68,
            "price_fair": 69.56,
            "eps_avg_yearly": 1.99,
            "eps_latest_yearly": 2.28,
            "eps_growth_yearly": 92.4
        },
        "20134": {
            "year_quarter": 20134,
            "year": 2013,
            "quarter": 4,
            "eps": 0.67,
            "eps_growth_year": 4.78,
            "eps_4q": 2.2,
            "eps_4q_growth_year": -3.56,
            "roe": 6.13,
            "roe_4q": 20.919999999999998,
            "gross_profit": 346000,
            "gross_margin": 46.88,
            "gross_margin_4q_avg": 47.64,
            "net_income": 172000,
            "net_income_4q": null,
            "revenue": 738000,
            "revenue_4q": null,
            "common_shares": 1587000,
            "book_valuer_per_share": 8.04,
            "book_valuer_per_share_4q_avg": 7.85,
            "equity": 2886000,
            "current_ratio": 429.79,
            "debt_ratio": 15.49,
            "inventory_turnover_ratio": 1.38,
            "account_receivable_turnover_ratio": 1.89,
            "reinvestment_rate": 19.55,
            "research_to_sale_ratio": 14.77,
            "price_fair": 74.64,
            "eps_avg_yearly": 2.13,
            "eps_latest_yearly": 2.68,
            "eps_growth_yearly": 76.79
        },
        "20141": {
            "year_quarter": 20141,
            "year": 2014,
            "quarter": 1,
            "eps": 0.59,
            "eps_growth_year": 17.49,
            "eps_4q": 2.29,
            "eps_4q_growth_year": 0.38,
            "roe": 4.56,
            "roe_4q": 20.419999999999998,
            "gross_profit": 344000,
            "gross_margin": 48.52,
            "gross_margin_4q_avg": 47.79,
            "net_income": 134000,
            "net_income_4q": null,
            "revenue": 709000,
            "revenue_4q": null,
            "common_shares": 1622000,
            "book_valuer_per_share": 8.54,
            "book_valuer_per_share_4q_avg": 8.02,
            "equity": 2992000,
            "current_ratio": 510.71,
            "debt_ratio": 13.82,
            "inventory_turnover_ratio": 1.28,
            "account_receivable_turnover_ratio": 1.91,
            "reinvestment_rate": 19.42,
            "research_to_sale_ratio": 15.09,
            "price_fair": 77.61,
            "eps_avg_yearly": 2.22,
            "eps_latest_yearly": 2.36,
            "eps_growth_yearly": 29.36
        },
        "20142": {
            "year_quarter": 20142,
            "year": 2014,
            "quarter": 2,
            "eps": 0.64,
            "eps_growth_year": 41.68,
            "eps_4q": 2.47,
            "eps_4q_growth_year": 13.14,
            "roe": 5.14,
            "roe_4q": 21.15,
            "gross_profit": 357000,
            "gross_margin": 50.93,
            "gross_margin_4q_avg": 48.42,
            "net_income": 158000,
            "net_income_4q": null,
            "revenue": 701000,
            "revenue_4q": null,
            "common_shares": 1694000,
            "book_valuer_per_share": 9.23,
            "book_valuer_per_share_4q_avg": 8.29,
            "equity": 3154000,
            "current_ratio": 488.94,
            "debt_ratio": 14.08,
            "inventory_turnover_ratio": 1.17,
            "account_receivable_turnover_ratio": 2.18,
            "reinvestment_rate": 20.7,
            "research_to_sale_ratio": 16.26,
            "price_fair": 67.36,
            "eps_avg_yearly": 2.29,
            "eps_latest_yearly": 2.56,
            "eps_growth_yearly": 19.48
        },
        "20143": {
            "year_quarter": 20143,
            "year": 2014,
            "quarter": 3,
            "eps": -0.22,
            "eps_growth_year": -139.37,
            "eps_4q": 1.68,
            "eps_4q_growth_year": -22.29,
            "roe": -3.84,
            "roe_4q": 11.989999999999998,
            "gross_profit": 404000,
            "gross_margin": 31.84,
            "gross_margin_4q_avg": 44.54,
            "net_income": -120000,
            "net_income_4q": null,
            "revenue": 1269000,
            "revenue_4q": null,
            "common_shares": 1875000,
            "book_valuer_per_share": -7.84,
            "book_valuer_per_share_4q_avg": 4.49,
            "equity": 3098000,
            "current_ratio": 408.51,
            "debt_ratio": 69.81,
            "inventory_turnover_ratio": 2.21,
            "account_receivable_turnover_ratio": 2.79,
            "reinvestment_rate": 36.69,
            "research_to_sale_ratio": 18.91,
            "price_fair": 47.61,
            "eps_avg_yearly": 2.3,
            "eps_latest_yearly": 2.56,
            "eps_growth_yearly": 10.69
        },
        "20144": {
            "year_quarter": 20144,
            "year": 2014,
            "quarter": 4,
            "eps": 0.58,
            "eps_growth_year": -14.57,
            "eps_4q": 1.59,
            "eps_4q_growth_year": -27.85,
            "roe": 4.32,
            "roe_4q": 10.18,
            "gross_profit": 794000,
            "gross_margin": 49.94,
            "gross_margin_4q_avg": 45.31,
            "net_income": 137000,
            "net_income_4q": null,
            "revenue": 1590000,
            "revenue_4q": null,
            "common_shares": 2009000,
            "book_valuer_per_share": -7.75,
            "book_valuer_per_share_4q_avg": 0.55,
            "equity": 3243000,
            "current_ratio": 377.46,
            "debt_ratio": 69.09,
            "inventory_turnover_ratio": 1.59,
            "account_receivable_turnover_ratio": 2.32,
            "reinvestment_rate": 44.38,
            "research_to_sale_ratio": 14.72,
            "price_fair": 29.71,
            "eps_avg_yearly": 2.28,
            "eps_latest_yearly": 2.56,
            "eps_growth_yearly": 3.05
        },
        "20151": {
            "year_quarter": 20151,
            "year": 2015,
            "quarter": 1,
            "eps": 1.27,
            "eps_growth_year": 115.55,
            "eps_4q": 2.27,
            "eps_4q_growth_year": -0.8,
            "roe": 9.84,
            "roe_4q": 15.46,
            "gross_profit": 828000,
            "gross_margin": 50.64,
            "gross_margin_4q_avg": 45.84,
            "net_income": 338000,
            "net_income_4q": null,
            "revenue": 1635000,
            "revenue_4q": null,
            "common_shares": 2131000,
            "book_valuer_per_share": -5.51,
            "book_valuer_per_share_4q_avg": -2.97,
            "equity": 3628000,
            "current_ratio": 484.97,
            "debt_ratio": 66.08,
            "inventory_turnover_ratio": 1.58,
            "account_receivable_turnover_ratio": 2.18,
            "reinvestment_rate": 44.83,
            "research_to_sale_ratio": 14.37,
            "price_fair": 86.9,
            "eps_avg_yearly": 2.48,
            "eps_latest_yearly": 5.08,
            "eps_growth_yearly": 41.8
        },
        "20152": {
            "year_quarter": 20152,
            "year": 2015,
            "quarter": 2,
            "eps": 1.23,
            "eps_growth_year": 91.18,
            "eps_4q": 2.85,
            "eps_4q_growth_year": 15.31,
            "roe": 8.82,
            "roe_4q": 19.14,
            "gross_profit": 847000,
            "gross_margin": 52.48,
            "gross_margin_4q_avg": 46.23,
            "net_income": 339000,
            "net_income_4q": null,
            "revenue": 1614000,
            "revenue_4q": null,
            "common_shares": 2319000,
            "book_valuer_per_share": -3.14,
            "book_valuer_per_share_4q_avg": -6.06,
            "equity": 4061000,
            "current_ratio": 449.89,
            "debt_ratio": 61.44,
            "inventory_turnover_ratio": 1.55,
            "account_receivable_turnover_ratio": 2.19,
            "reinvestment_rate": 43.68,
            "research_to_sale_ratio": 15.55,
            "price_fair": 93.8,
            "eps_avg_yearly": 2.68,
            "eps_latest_yearly": 4.92,
            "eps_growth_yearly": 41.42
        },
        "20153": {
            "year_quarter": 20153,
            "year": 2015,
            "quarter": 3,
            "eps": 1.17,
            "eps_growth_year": null,
            "eps_4q": 4.25,
            "eps_4q_growth_year": 152.12,
            "roe": 5.85,
            "roe_4q": 28.83,
            "gross_profit": 886000,
            "gross_margin": 51.07,
            "gross_margin_4q_avg": 51.03,
            "net_income": 244000,
            "net_income_4q": null,
            "revenue": 1735000,
            "revenue_4q": null,
            "common_shares": 2403000,
            "book_valuer_per_share": -3.34,
            "book_valuer_per_share_4q_avg": -4.94,
            "equity": 4281000,
            "current_ratio": 332.88,
            "debt_ratio": 57.14,
            "inventory_turnover_ratio": 1.7,
            "account_receivable_turnover_ratio": 2.21,
            "reinvestment_rate": 43.06,
            "research_to_sale_ratio": 15.91,
            "price_fair": 99.7,
            "eps_avg_yearly": 2.85,
            "eps_latest_yearly": 4.68,
            "eps_growth_yearly": 37.91
        },
        "20154": {
            "year_quarter": 20154,
            "year": 2015,
            "quarter": 4,
            "eps": 1.77,
            "eps_growth_year": 206.98,
            "eps_4q": 5.44,
            "eps_4q_growth_year": 242.95,
            "roe": 10.45,
            "roe_4q": 34.959999999999994,
            "gross_profit": 999000,
            "gross_margin": 54.29,
            "gross_margin_4q_avg": 52.12,
            "net_income": 470000,
            "net_income_4q": null,
            "revenue": 1840000,
            "revenue_4q": null,
            "common_shares": 2547000,
            "book_valuer_per_share": -0.86,
            "book_valuer_per_share_4q_avg": -3.21,
            "equity": 4714000,
            "current_ratio": 335.92,
            "debt_ratio": 55.17,
            "inventory_turnover_ratio": 1.63,
            "account_receivable_turnover_ratio": 2.01,
            "reinvestment_rate": 39.29,
            "research_to_sale_ratio": 15.6,
            "price_fair": 111.3,
            "eps_avg_yearly": 3.18,
            "eps_latest_yearly": 7.08,
            "eps_growth_yearly": 51.08
        },
        "20161": {
            "year_quarter": 20161,
            "year": 2016,
            "quarter": 1,
            "eps": 1.41,
            "eps_growth_year": 10.95,
            "eps_4q": 5.58,
            "eps_4q_growth_year": 146.01,
            "roe": 7.67,
            "roe_4q": 32.79,
            "gross_profit": 942000,
            "gross_margin": 53.19,
            "gross_margin_4q_avg": 52.76,
            "net_income": 377000,
            "net_income_4q": null,
            "revenue": 1771000,
            "revenue_4q": null,
            "common_shares": 2699000,
            "book_valuer_per_share": 1.25,
            "book_valuer_per_share_4q_avg": -1.52,
            "equity": 5121000,
            "current_ratio": 460.67,
            "debt_ratio": 52.48,
            "inventory_turnover_ratio": 1.64,
            "account_receivable_turnover_ratio": 1.7,
            "reinvestment_rate": 35.96,
            "research_to_sale_ratio": 15.08,
            "price_fair": 120.4,
            "eps_avg_yearly": 3.44,
            "eps_latest_yearly": 5.64,
            "eps_growth_yearly": 50.42
        },
        "20162": {
            "year_quarter": 20162,
            "year": 2016,
            "quarter": 2,
            "eps": -2.31,
            "eps_growth_year": -287.99,
            "eps_4q": 2.04,
            "eps_4q_growth_year": -28.65,
            "roe": -9.81,
            "roe_4q": 14.159999999999998,
            "gross_profit": 1078000,
            "gross_margin": 30.44,
            "gross_margin_4q_avg": 47.25,
            "net_income": -1217000,
            "net_income_4q": null,
            "revenue": 3541000,
            "revenue_4q": null,
            "common_shares": 18659000,
            "book_valuer_per_share": -55.77,
            "book_valuer_per_share_4q_avg": -14.68,
            "equity": 19702000,
            "current_ratio": 252.24,
            "debt_ratio": 61.67,
            "inventory_turnover_ratio": 2.52,
            "account_receivable_turnover_ratio": 2.43,
            "reinvestment_rate": 123.44,
            "research_to_sale_ratio": 22.23,
            "price_fair": 123.85,
            "eps_avg_yearly": 3.54,
            "eps_latest_yearly": 5.64,
            "eps_growth_yearly": 51.84
        },
        "20163": {
            "year_quarter": 20163,
            "year": 2016,
            "quarter": 3,
            "eps": -0.22,
            "eps_growth_year": -119.24,
            "eps_4q": 0.64,
            "eps_4q_growth_year": -84.86,
            "roe": -1.55,
            "roe_4q": 6.759999999999998,
            "gross_profit": 1790000,
            "gross_margin": 47.2,
            "gross_margin_4q_avg": 46.28,
            "net_income": -303000,
            "net_income_4q": null,
            "revenue": 3792000,
            "revenue_4q": null,
            "common_shares": 18926000,
            "book_valuer_per_share": -53.3,
            "book_valuer_per_share_4q_avg": -27.17,
            "equity": 19473000,
            "current_ratio": 221.7,
            "debt_ratio": 60.86,
            "inventory_turnover_ratio": 1.44,
            "account_receivable_turnover_ratio": 1.88,
            "reinvestment_rate": 175.13,
            "research_to_sale_ratio": 21.47,
            "price_fair": 127.28,
            "eps_avg_yearly": 3.64,
            "eps_latest_yearly": 5.64,
            "eps_growth_yearly": 53.08
        },
        "20164": {
            "year_quarter": 20164,
            "year": 2016,
            "quarter": 4,
            "eps": -0.66,
            "eps_growth_year": -137.57,
            "eps_4q": -1.79,
            "eps_4q_growth_year": -132.93,
            "roe": -3.16,
            "roe_4q": -6.85,
            "gross_profit": 2187000,
            "gross_margin": 52.88,
            "gross_margin_4q_avg": 45.93,
            "net_income": -606000,
            "net_income_4q": null,
            "revenue": 4136000,
            "revenue_4q": null,
            "common_shares": 19241000,
            "book_valuer_per_share": -52.5,
            "book_valuer_per_share_4q_avg": -40.08,
            "equity": 18892000,
            "current_ratio": 231.48,
            "debt_ratio": 62.19,
            "inventory_turnover_ratio": 1.44,
            "account_receivable_turnover_ratio": 1.9,
            "reinvestment_rate": 519.69,
            "research_to_sale_ratio": 19.49,
            "price_fair": 130.71,
            "eps_avg_yearly": 3.73,
            "eps_latest_yearly": 5.64,
            "eps_growth_yearly": 54.82
        },
        "20171": {
            "year_quarter": 20171,
            "year": 2017,
            "quarter": 1,
            "eps": 1.02,
            "eps_growth_year": -27.79,
            "eps_4q": -2.18,
            "eps_4q_growth_year": -139.13,
            "roe": 1.36,
            "roe_4q": -13.16,
            "gross_profit": 2007000,
            "gross_margin": 48.49,
            "gross_margin_4q_avg": 44.75,
            "net_income": 257000,
            "net_income_4q": null,
            "revenue": 4139000,
            "revenue_4q": null,
            "common_shares": 19504000,
            "book_valuer_per_share": -49.3,
            "book_valuer_per_share_4q_avg": -52.72,
            "equity": 19033000,
            "current_ratio": 346.37,
            "debt_ratio": 61.64,
            "inventory_turnover_ratio": 1.56,
            "account_receivable_turnover_ratio": 2.01,
            "reinvestment_rate": 396.39,
            "research_to_sale_ratio": 19.52,
            "price_fair": 136.78,
            "eps_avg_yearly": 3.91,
            "eps_latest_yearly": 5.64,
            "eps_growth_yearly": 69.05
        },
        "20172": {
            "year_quarter": 20172,
            "year": 2017,
            "quarter": 2,
            "eps": 1.06,
            "eps_growth_year": null,
            "eps_4q": 1.19,
            "eps_4q_growth_year": -41.66,
            "roe": 2.43,
            "roe_4q": -0.9200000000000002,
            "gross_profit": 1986000,
            "gross_margin": 47.4,
            "gross_margin_4q_avg": 48.99,
            "net_income": 468000,
            "net_income_4q": null,
            "revenue": 4190000,
            "revenue_4q": null,
            "common_shares": 19869000,
            "book_valuer_per_share": -45.07,
            "book_valuer_per_share_4q_avg": -50.04,
            "equity": 19425000,
            "current_ratio": 412.67,
            "debt_ratio": 61.03,
            "inventory_turnover_ratio": 1.67,
            "account_receivable_turnover_ratio": 2.08,
            "reinvestment_rate": 236.69,
            "research_to_sale_ratio": 19.79,
            "price_fair": 145.32,
            "eps_avg_yearly": 4.15,
            "eps_latest_yearly": 4.24,
            "eps_growth_yearly": 74.62
        },
        "20173": {
            "year_quarter": 20173,
            "year": 2017,
            "quarter": 3,
            "eps": 1.15,
            "eps_growth_year": null,
            "eps_4q": 2.57,
            "eps_4q_growth_year": 299.33,
            "roe": 2.6,
            "roe_4q": 3.2300000000000004,
            "gross_profit": 2149000,
            "gross_margin": 48.15,
            "gross_margin_4q_avg": 49.23,
            "net_income": 509000,
            "net_income_4q": null,
            "revenue": 4463000,
            "revenue_4q": null,
            "common_shares": 20180000,
            "book_valuer_per_share": -41.3,
            "book_valuer_per_share_4q_avg": -47.04,
            "equity": 19802000,
            "current_ratio": 448.29,
            "debt_ratio": 60.35,
            "inventory_turnover_ratio": 1.69,
            "account_receivable_turnover_ratio": 1.99,
            "reinvestment_rate": 173.19,
            "research_to_sale_ratio": 18.53,
            "price_fair": 153.44,
            "eps_avg_yearly": 4.38,
            "eps_latest_yearly": 4.6,
            "eps_growth_yearly": 67.35
        },
        "20174": {
            "year_quarter": 20174,
            "year": 2017,
            "quarter": 4,
            "eps": 1.67,
            "eps_growth_year": null,
            "eps_4q": 4.91,
            "eps_4q_growth_year": null,
            "roe": 2.77,
            "roe_4q": 9.16,
            "gross_profit": 2386000,
            "gross_margin": 49.26,
            "gross_margin_4q_avg": 48.33,
            "net_income": 556000,
            "net_income_4q": null,
            "revenue": 4844000,
            "revenue_4q": null,
            "common_shares": 20505000,
            "book_valuer_per_share": -37.32,
            "book_valuer_per_share_4q_avg": -43.25,
            "equity": 20285000,
            "current_ratio": 625.66,
            "debt_ratio": 62.72,
            "inventory_turnover_ratio": 1.71,
            "account_receivable_turnover_ratio": 1.99,
            "reinvestment_rate": 111.92,
            "research_to_sale_ratio": 17.3,
            "price_fair": 167.44,
            "eps_avg_yearly": 4.78,
            "eps_latest_yearly": 6.68,
            "eps_growth_yearly": 78.42
        },
        "20181": {
            "year_quarter": 20181,
            "year": 2018,
            "quarter": 1,
            "eps": 1.35,
            "eps_growth_year": 32.68,
            "eps_4q": 5.24,
            "eps_4q_growth_year": null,
            "roe": 3.34,
            "roe_4q": 11.139999999999999,
            "gross_profit": 2643000,
            "gross_margin": 49.62,
            "gross_margin_4q_avg": 48.61,
            "net_income": 771000,
            "net_income_4q": null,
            "revenue": 5327000,
            "revenue_4q": null,
            "common_shares": 20851000,
            "book_valuer_per_share": -34.56,
            "book_valuer_per_share_4q_avg": -39.56,
            "equity": 25901000,
            "current_ratio": 569.54,
            "debt_ratio": 52.51,
            "inventory_turnover_ratio": 1.96,
            "account_receivable_turnover_ratio": 2.17,
            "reinvestment_rate": 75.11,
            "research_to_sale_ratio": 17.36,
            "price_fair": 178.08,
            "eps_avg_yearly": 5.09,
            "eps_latest_yearly": 5.4,
            "eps_growth_yearly": 75.53
        },
        "20182": {
            "year_quarter": 20182,
            "year": 2018,
            "quarter": 2,
            "eps": 5.05,
            "eps_growth_year": 376.97,
            "eps_4q": 9.23,
            "eps_4q_growth_year": 677.01,
            "roe": 7.74,
            "roe_4q": 16.45,
            "gross_profit": 2553000,
            "gross_margin": 50.92,
            "gross_margin_4q_avg": 49.49,
            "net_income": 2242000,
            "net_income_4q": null,
            "revenue": 5014000,
            "revenue_4q": null,
            "common_shares": 436,
            "book_valuer_per_share": -16.48,
            "book_valuer_per_share_4q_avg": -32.42,
            "equity": 32067000,
            "current_ratio": 587.29,
            "debt_ratio": 41.63,
            "inventory_turnover_ratio": 1.95,
            "account_receivable_turnover_ratio": 1.89,
            "reinvestment_rate": 35.63,
            "research_to_sale_ratio": 18.67,
            "price_fair": 239.82,
            "eps_avg_yearly": 6.85,
            "eps_latest_yearly": 20.2,
            "eps_growth_yearly": 181.77
        },
        "20183": {
            "year_quarter": 20183,
            "year": 2018,
            "quarter": 3,
            "eps": 2.76,
            "eps_growth_year": 139.17,
            "eps_4q": 10.84,
            "eps_4q_growth_year": 322.15,
            "roe": 4.02,
            "roe_4q": 17.87,
            "gross_profit": 2621000,
            "gross_margin": 51.77,
            "gross_margin_4q_avg": 50.39,
            "net_income": 1197000,
            "net_income_4q": null,
            "revenue": 5063000,
            "revenue_4q": null,
            "common_shares": 413,
            "book_valuer_per_share": -26.79,
            "book_valuer_per_share_4q_avg": -28.79,
            "equity": 27452000,
            "current_ratio": 397.58,
            "debt_ratio": 45.5,
            "inventory_turnover_ratio": 1.99,
            "account_receivable_turnover_ratio": 1.71,
            "reinvestment_rate": 25.2,
            "research_to_sale_ratio": 18.94,
            "price_fair": 253.15,
            "eps_avg_yearly": 7.23,
            "eps_latest_yearly": 11.04,
            "eps_growth_yearly": 148.76
        },
        "20184": {
            "year_quarter": 20184,
            "year": 2018,
            "quarter": 4,
            "eps": 2.95,
            "eps_growth_year": 75.89,
            "eps_4q": 12.11,
            "eps_4q_growth_year": 146.79,
            "roe": 4.22,
            "roe_4q": 19.32,
            "gross_profit": 2936000,
            "gross_margin": 53.93,
            "gross_margin_4q_avg": 51.56,
            "net_income": 1141000,
            "net_income_4q": null,
            "revenue": 5444000,
            "revenue_4q": null,
            "common_shares": 23285000,
            "book_valuer_per_share": -27,
            "book_valuer_per_share_4q_avg": -26.21,
            "equity": 26657000,
            "current_ratio": 389.52,
            "debt_ratio": 46.82,
            "inventory_turnover_ratio": 2.14,
            "account_receivable_turnover_ratio": 1.68,
            "reinvestment_rate": 19.23,
            "research_to_sale_ratio": 17.41,
            "price_fair": 266.47,
            "eps_avg_yearly": 7.61,
            "eps_latest_yearly": 11.8,
            "eps_growth_yearly": 138.65
        },
        "20191": {
            "year_quarter": 20191,
            "year": 2019,
            "quarter": 1,
            "eps": 2.12,
            "eps_growth_year": 57.17,
            "eps_4q": 12.88,
            "eps_4q_growth_year": 145.86,
            "roe": 1.93,
            "roe_4q": 17.909999999999997,
            "gross_profit": 3264000,
            "gross_margin": 56.38,
            "gross_margin_4q_avg": 53.25,
            "net_income": 481000,
            "net_income_4q": null,
            "revenue": 5789000,
            "revenue_4q": null,
            "common_shares": 396,
            "book_valuer_per_share": -88.17,
            "book_valuer_per_share_4q_avg": -39.61,
            "equity": 23224000,
            "current_ratio": 127.01,
            "debt_ratio": 67.79,
            "inventory_turnover_ratio": 2.3,
            "account_receivable_turnover_ratio": 1.64,
            "reinvestment_rate": 18.49,
            "research_to_sale_ratio": 19.57,
            "price_fair": 276.38,
            "eps_avg_yearly": 7.9,
            "eps_latest_yearly": 8.48,
            "eps_growth_yearly": 89.62
        },
        "20192": {
            "year_quarter": 20192,
            "year": 2019,
            "quarter": 2,
            "eps": 1.77,
            "eps_growth_year": -64.86,
            "eps_4q": 9.6,
            "eps_4q_growth_year": 4.05,
            "roe": 3.05,
            "roe_4q": 13.219999999999999,
            "gross_profit": 3099000,
            "gross_margin": 56.17,
            "gross_margin_4q_avg": 54.56,
            "net_income": 693000,
            "net_income_4q": null,
            "revenue": 5517000,
            "revenue_4q": null,
            "common_shares": 399,
            "book_valuer_per_share": -86.91,
            "book_valuer_per_share_4q_avg": -57.22,
            "equity": 22172000,
            "current_ratio": 125.57,
            "debt_ratio": 68.73,
            "inventory_turnover_ratio": 2.29,
            "account_receivable_turnover_ratio": 1.54,
            "reinvestment_rate": 16.6,
            "research_to_sale_ratio": 20.86,
            "price_fair": 282.68,
            "eps_avg_yearly": 8.08,
            "eps_latest_yearly": 7.08,
            "eps_growth_yearly": 85.17
        },
        "20193": {
            "year_quarter": 20193,
            "year": 2019,
            "quarter": 3,
            "eps": 1.79,
            "eps_growth_year": -35.17,
            "eps_4q": 8.63,
            "eps_4q_growth_year": -20.33,
            "roe": 3.27,
            "roe_4q": 12.469999999999999,
            "gross_profit": 3036000,
            "gross_margin": 55.05,
            "gross_margin_4q_avg": 55.38,
            "net_income": 715000,
            "net_income_4q": null,
            "revenue": 5515000,
            "revenue_4q": null,
            "common_shares": 398,
            "book_valuer_per_share": -85.58,
            "book_valuer_per_share_4q_avg": -71.92,
            "equity": 21503000,
            "current_ratio": 131.59,
            "debt_ratio": 69.18,
            "inventory_turnover_ratio": 2.33,
            "account_receivable_turnover_ratio": 1.57,
            "reinvestment_rate": 14.26,
            "research_to_sale_ratio": 22.39,
            "price_fair": 289.92,
            "eps_avg_yearly": 8.28,
            "eps_latest_yearly": 7.16,
            "eps_growth_yearly": 87.17
        },
        "20194": {
            "year_quarter": 20194,
            "year": 2019,
            "quarter": 4,
            "eps": 2.04,
            "eps_growth_year": -30.74,
            "eps_4q": 7.73,
            "eps_4q_growth_year": -36.17,
            "roe": 3.65,
            "roe_4q": 11.899999999999999,
            "gross_profit": 3161000,
            "gross_margin": 54.73,
            "gross_margin_4q_avg": 55.58,
            "net_income": 847000,
            "net_income_4q": null,
            "revenue": 5776000,
            "revenue_4q": null,
            "common_shares": 398,
            "book_valuer_per_share": -73.69,
            "book_valuer_per_share_4q_avg": -83.59,
            "equity": 24941000,
            "current_ratio": 143.75,
            "debt_ratio": 63.05,
            "inventory_turnover_ratio": 2.66,
            "account_receivable_turnover_ratio": 1.7,
            "reinvestment_rate": 12.55,
            "research_to_sale_ratio": 20.38,
            "price_fair": 293.07,
            "eps_avg_yearly": 8.37,
            "eps_latest_yearly": 8.16,
            "eps_growth_yearly": 74.73
        },
        "20201": {
            "year_quarter": 20201,
            "year": 2020,
            "quarter": 1,
            "eps": 0.83,
            "eps_growth_year": -60.96,
            "eps_4q": 6.43,
            "eps_4q_growth_year": -50.05,
            "roe": 1.54,
            "roe_4q": 11.509999999999998,
            "gross_profit": 3272000,
            "gross_margin": 55.86,
            "gross_margin_4q_avg": 55.45,
            "net_income": 380000,
            "net_income_4q": null,
            "revenue": 5858000,
            "revenue_4q": null,
            "common_shares": 399,
            "book_valuer_per_share": -101.68,
            "book_valuer_per_share_4q_avg": -86.97,
            "equity": 24368000,
            "current_ratio": 156.47,
            "debt_ratio": 69.92,
            "inventory_turnover_ratio": 2.84,
            "account_receivable_turnover_ratio": 1.7,
            "reinvestment_rate": 8.87,
            "research_to_sale_ratio": 22,
            "price_fair": 286.3,
            "eps_avg_yearly": 8.18,
            "eps_latest_yearly": 3.32,
            "eps_growth_yearly": 61.74
        },
        "20202": {
            "year_quarter": 20202,
            "year": 2020,
            "quarter": 2,
            "eps": 1.28,
            "eps_growth_year": -28.02,
            "eps_4q": 5.94,
            "eps_4q_growth_year": -38.19,
            "roe": 2.35,
            "roe_4q": 10.81,
            "gross_profit": 3196000,
            "gross_margin": 55.66,
            "gross_margin_4q_avg": 55.33,
            "net_income": 568000,
            "net_income_4q": null,
            "revenue": 5742000,
            "revenue_4q": null,
            "common_shares": 402,
            "book_valuer_per_share": -98.07,
            "book_valuer_per_share_4q_avg": -89.76,
            "equity": 23942000,
            "current_ratio": 215.45,
            "debt_ratio": 70.64,
            "inventory_turnover_ratio": 2.68,
            "account_receivable_turnover_ratio": 1.67,
            "reinvestment_rate": 6.38,
            "research_to_sale_ratio": 22.1,
            "price_fair": 278.06,
            "eps_avg_yearly": 7.94,
            "eps_latest_yearly": 5.12,
            "eps_growth_yearly": 73.67
        },
        "20203": {
            "year_quarter": 20203,
            "year": 2020,
            "quarter": 3,
            "eps": 1.56,
            "eps_growth_year": -12.81,
            "eps_4q": 5.71,
            "eps_4q_growth_year": -33.9,
            "roe": 2.9,
            "roe_4q": 10.44,
            "gross_profit": 3331000,
            "gross_margin": 57.22,
            "gross_margin_4q_avg": 55.87,
            "net_income": 689000,
            "net_income_4q": null,
            "revenue": 5821000,
            "revenue_4q": null,
            "common_shares": 404,
            "book_valuer_per_share": -94.67,
            "book_valuer_per_share_4q_avg": -92.03,
            "equity": 23557000,
            "current_ratio": 204.13,
            "debt_ratio": 70.29,
            "inventory_turnover_ratio": 2.45,
            "account_receivable_turnover_ratio": 1.97,
            "reinvestment_rate": 5.87,
            "research_to_sale_ratio": 21.1,
            "price_fair": 273.8,
            "eps_avg_yearly": 7.82,
            "eps_latest_yearly": 6.24,
            "eps_growth_yearly": 74.66
        },
        "20204": {
            "year_quarter": 20204,
            "year": 2020,
            "quarter": 4,
            "eps": 3.01,
            "eps_growth_year": 47.54,
            "eps_4q": 6.68,
            "eps_4q_growth_year": -13.61,
            "roe": 5.58,
            "roe_4q": 12.370000000000001,
            "gross_profit": 3752000,
            "gross_margin": 58.02,
            "gross_margin_4q_avg": 56.69,
            "net_income": 1324000,
            "net_income_4q": null,
            "revenue": 6467000,
            "revenue_4q": null,
            "common_shares": 407,
            "book_valuer_per_share": -89.32,
            "book_valuer_per_share_4q_avg": -95.94,
            "equity": 23874000,
            "current_ratio": 186.71,
            "debt_ratio": 68.56,
            "inventory_turnover_ratio": 2.61,
            "account_receivable_turnover_ratio": 2.6,
            "reinvestment_rate": 3.4,
            "research_to_sale_ratio": 18.28,
            "price_fair": 283.64,
            "eps_avg_yearly": 8.1,
            "eps_latest_yearly": 12.04,
            "eps_growth_yearly": 94.47
        },
        "20211": {
            "year_quarter": 20211,
            "year": 2021,
            "quarter": 1,
            "eps": 3.25,
            "eps_growth_year": 291.57,
            "eps_4q": 9.09,
            "eps_4q_growth_year": 41.36,
            "roe": 5.76,
            "roe_4q": 16.59,
            "gross_profit": 3967000,
            "gross_margin": 59.61,
            "gross_margin_4q_avg": 57.63,
            "net_income": 1378000,
            "net_income_4q": null,
            "revenue": 6655000,
            "revenue_4q": null,
            "common_shares": 408,
            "book_valuer_per_share": -85.55,
            "book_valuer_per_share_4q_avg": -91.9,
            "equity": 23973000,
            "current_ratio": 213.62,
            "debt_ratio": 68.85,
            "inventory_turnover_ratio": 2.75,
            "account_receivable_turnover_ratio": 2.76,
            "reinvestment_rate": -1.85,
            "research_to_sale_ratio": 18.2,
            "price_fair": 294.35,
            "eps_avg_yearly": 8.41,
            "eps_latest_yearly": 13,
            "eps_growth_yearly": 90.56
        },
        "20212": {
            "year_quarter": 20212,
            "year": 2021,
            "quarter": 2,
            "eps": 3.34,
            "eps_growth_year": 161.67,
            "eps_4q": 11.16,
            "eps_4q_growth_year": 87.99,
            "roe": 6.23,
            "roe_4q": 20.47,
            "gross_profit": 4058000,
            "gross_margin": 61.39,
            "gross_margin_4q_avg": 59.06,
            "net_income": 1493000,
            "net_income_4q": null,
            "revenue": 6610000,
            "revenue_4q": null,
            "common_shares": 410,
            "book_valuer_per_share": -81.92,
            "book_valuer_per_share_4q_avg": -87.87,
            "equity": 23939000,
            "current_ratio": 221.33,
            "debt_ratio": 68.3,
            "inventory_turnover_ratio": 2.61,
            "account_receivable_turnover_ratio": 2.67,
            "reinvestment_rate": -3.2,
            "research_to_sale_ratio": 18.73,
            "price_fair": 314.3,
            "eps_avg_yearly": 8.98,
            "eps_latest_yearly": 13.36,
            "eps_growth_yearly": 90.27
        },
        "20213": {
            "year_quarter": 20213,
            "year": 2021,
            "quarter": 3,
            "eps": 4.24,
            "eps_growth_year": 171.79,
            "eps_4q": 13.84,
            "eps_4q_growth_year": 142.52,
            "roe": 7.77,
            "roe_4q": 25.339999999999996,
            "gross_profit": 4198000,
            "gross_margin": 61.94,
            "gross_margin_4q_avg": 60.24,
            "net_income": 1876000,
            "net_income_4q": null,
            "revenue": 6778000,
            "revenue_4q": null,
            "common_shares": 412,
            "book_valuer_per_share": -77.27,
            "book_valuer_per_share_4q_avg": -83.52,
            "equity": 24340000,
            "current_ratio": 240.52,
            "debt_ratio": 67.92,
            "inventory_turnover_ratio": 2.38,
            "account_receivable_turnover_ratio": 2.91,
            "reinvestment_rate": -1.37,
            "research_to_sale_ratio": 17.78,
            "price_fair": 341.34,
            "eps_avg_yearly": 9.75,
            "eps_latest_yearly": 16.96,
            "eps_growth_yearly": 94.88
        },
        "20214": {
            "year_quarter": 20214,
            "year": 2021,
            "quarter": 4,
            "eps": 4.52,
            "eps_growth_year": 50.1,
            "eps_4q": 15.35,
            "eps_4q_growth_year": 129.88,
            "roe": 8.07,
            "roe_4q": 27.83,
            "gross_profit": 4638000,
            "gross_margin": 62.62,
            "gross_margin_4q_avg": 61.39,
            "net_income": 1989000,
            "net_income_4q": null,
            "revenue": 7407000,
            "revenue_4q": null,
            "common_shares": 413,
            "book_valuer_per_share": -72.31,
            "book_valuer_per_share_4q_avg": -79.26,
            "equity": 24962000,
            "current_ratio": 264.07,
            "debt_ratio": 66.97,
            "inventory_turnover_ratio": 2.25,
            "account_receivable_turnover_ratio": 3.44,
            "reinvestment_rate": -2.2,
            "research_to_sale_ratio": 16.2,
            "price_fair": 366.28,
            "eps_avg_yearly": 10.47,
            "eps_latest_yearly": 18.08,
            "eps_growth_yearly": 85.23
        },
        "20221": {
            "year_quarter": 20221,
            "year": 2022,
            "quarter": 1,
            "eps": 5.63,
            "eps_growth_year": 73.42,
            "eps_4q": 17.73,
            "eps_4q_growth_year": 94.98,
            "roe": 10.32,
            "roe_4q": 32.39,
            "gross_profit": 5051000,
            "gross_margin": 65.55,
            "gross_margin_4q_avg": 62.88,
            "net_income": 2472000,
            "net_income_4q": null,
            "revenue": 7706000,
            "revenue_4q": null,
            "common_shares": 410,
            "book_valuer_per_share": -74.94,
            "book_valuer_per_share_4q_avg": -76.61,
            "equity": 22968000,
            "current_ratio": 244.01,
            "debt_ratio": 68.63,
            "inventory_turnover_ratio": 1.88,
            "account_receivable_turnover_ratio": 3.34,
            "reinvestment_rate": -2.14,
            "research_to_sale_ratio": 15.65,
            "price_fair": 403.73,
            "eps_avg_yearly": 11.54,
            "eps_latest_yearly": 22.52,
            "eps_growth_yearly": 96.16
        },
        "20222": {
            "year_quarter": 20222,
            "year": 2022,
            "quarter": 2,
            "eps": 5.97,
            "eps_growth_year": 78.71,
            "eps_4q": 20.36,
            "eps_4q_growth_year": 82.47,
            "roe": 11.79,
            "roe_4q": 37.95,
            "gross_profit": 5440000,
            "gross_margin": 67.14,
            "gross_margin_4q_avg": 64.31,
            "net_income": 2590000,
            "net_income_4q": null,
            "revenue": 8103000,
            "revenue_4q": null,
            "common_shares": 406,
            "book_valuer_per_share": -78.52,
            "book_valuer_per_share_4q_avg": -75.76,
            "equity": 20963000,
            "current_ratio": 214.33,
            "debt_ratio": 70.77,
            "inventory_turnover_ratio": 1.67,
            "account_receivable_turnover_ratio": 2.88,
            "reinvestment_rate": -2.18,
            "research_to_sale_ratio": 15.56,
            "price_fair": 411.78,
            "eps_avg_yearly": 11.77,
            "eps_latest_yearly": 23.88,
            "eps_growth_yearly": 29.15
        },
        "20223": {
            "year_quarter": 20223,
            "year": 2022,
            "quarter": 3,
            "eps": 6.99,
            "eps_growth_year": 64.84,
            "eps_4q": 23.11,
            "eps_4q_growth_year": 67,
            "roe": 14.69,
            "roe_4q": 44.87,
            "gross_profit": 5682000,
            "gross_margin": 67.13,
            "gross_margin_4q_avg": 65.61,
            "net_income": 3074000,
            "net_income_4q": null,
            "revenue": 8464000,
            "revenue_4q": null,
            "common_shares": 405,
            "book_valuer_per_share": -76.31,
            "book_valuer_per_share_4q_avg": -75.52,
            "equity": 20876000,
            "current_ratio": 232.18,
            "debt_ratio": 70.73,
            "inventory_turnover_ratio": 1.59,
            "account_receivable_turnover_ratio": 2.92,
            "reinvestment_rate": -1.77,
            "research_to_sale_ratio": 14.83,
            "price_fair": 448.79,
            "eps_avg_yearly": 12.82,
            "eps_latest_yearly": 27.96,
            "eps_growth_yearly": 44.76
        },
        "20224": {
            "year_quarter": 20224,
            "year": 2022,
            "quarter": 4,
            "eps": 8.07,
            "eps_growth_year": 78.71,
            "eps_4q": 26.67,
            "eps_4q_growth_year": 73.76,
            "roe": 15.41,
            "roe_4q": 52.21,
            "gross_profit": 5927000,
            "gross_margin": 66.37,
            "gross_margin_4q_avg": 66.55,
            "net_income": 3359000,
            "net_income_4q": null,
            "revenue": 8930000,
            "revenue_4q": null,
            "common_shares": 418,
            "book_valuer_per_share": -67.02,
            "book_valuer_per_share_4q_avg": -74.2,
            "equity": 22709000,
            "current_ratio": 262.39,
            "debt_ratio": 69,
            "inventory_turnover_ratio": 1.6,
            "account_receivable_turnover_ratio": 3.15,
            "reinvestment_rate": -1.93,
            "research_to_sale_ratio": 13.4,
            "price_fair": 493.59,
            "eps_avg_yearly": 14.1,
            "eps_latest_yearly": 32.28,
            "eps_growth_yearly": 46.9
        },
        "20231": {
            "year_quarter": 20231,
            "year": 2023,
            "quarter": 1,
            "eps": 8.82,
            "eps_growth_year": 56.73,
            "eps_4q": 29.86,
            "eps_4q_growth_year": 68.41,
            "roe": 16.4,
            "roe_4q": 58.29,
            "gross_profit": 6006000,
            "gross_margin": 67.37,
            "gross_margin_4q_avg": 67,
            "net_income": 3774000,
            "net_income_4q": null,
            "revenue": 8915000,
            "revenue_4q": null,
            "common_shares": 417,
            "book_valuer_per_share": -63.62,
            "book_valuer_per_share_4q_avg": -71.37,
            "equity": 23310000,
            "current_ratio": 251.72,
            "debt_ratio": 68.06,
            "inventory_turnover_ratio": 1.52,
            "account_receivable_turnover_ratio": 2.88,
            "reinvestment_rate": -1.66,
            "research_to_sale_ratio": 13.4,
            "price_fair": 552.21,
            "eps_avg_yearly": 15.78,
            "eps_latest_yearly": 35.28,
            "eps_growth_yearly": 56.26
        },
        "20232": {
            "year_quarter": 20232,
            "year": 2023,
            "quarter": 2,
            "eps": 8.17,
            "eps_growth_year": 36.81,
            "eps_4q": 32.06,
            "eps_4q_growth_year": 57.45,
            "roe": 15.36,
            "roe_4q": 61.86,
            "gross_profit": 6115000,
            "gross_margin": 70.02,
            "gross_margin_4q_avg": 67.72,
            "net_income": 3481000,
            "net_income_4q": null,
            "revenue": 8733000,
            "revenue_4q": null,
            "common_shares": 414,
            "book_valuer_per_share": -65.32,
            "book_valuer_per_share_4q_avg": -68.07,
            "equity": 22007000,
            "current_ratio": 237.93,
            "debt_ratio": 69.29,
            "inventory_turnover_ratio": 1.38,
            "account_receivable_turnover_ratio": 2.79,
            "reinvestment_rate": -1.34,
            "research_to_sale_ratio": 15.02,
            "price_fair": 608.21,
            "eps_avg_yearly": 17.38,
            "eps_latest_yearly": 32.68,
            "eps_growth_yearly": 58.54
        },
        "20233": {
            "year_quarter": 20233,
            "year": 2023,
            "quarter": 3,
            "eps": 8.2,
            "eps_growth_year": 17.23,
            "eps_4q": 33.27,
            "eps_4q_growth_year": 43.93,
            "roe": 14.98,
            "roe_4q": 62.14999999999999,
            "gross_profit": 6165000,
            "gross_margin": 69.46,
            "gross_margin_4q_avg": 68.31,
            "net_income": 3303000,
            "net_income_4q": null,
            "revenue": 8876000,
            "revenue_4q": null,
            "common_shares": 413,
            "book_valuer_per_share": -63.42,
            "book_valuer_per_share_4q_avg": -64.85,
            "equity": 22079000,
            "current_ratio": 249.6,
            "debt_ratio": 69.16,
            "inventory_turnover_ratio": 1.45,
            "account_receivable_turnover_ratio": 2.99,
            "reinvestment_rate": -1.18,
            "research_to_sale_ratio": 15.3,
            "price_fair": 664.3,
            "eps_avg_yearly": 18.98,
            "eps_latest_yearly": 32.8,
            "eps_growth_yearly": 58.35
        },
        "20234": {
            "year_quarter": 20234,
            "year": 2023,
            "quarter": 4,
            "eps": 8.28,
            "eps_growth_year": 2.6,
            "eps_4q": 33.48,
            "eps_4q_growth_year": 25.53,
            "roe": 15.3,
            "roe_4q": 62.04,
            "gross_profit": 6408000,
            "gross_margin": 68.94,
            "gross_margin_4q_avg": 68.95,
            "net_income": 3524000,
            "net_income_4q": null,
            "revenue": 9295000,
            "revenue_4q": null,
            "common_shares": 414,
            "book_valuer_per_share": -56.84,
            "book_valuer_per_share_4q_avg": -62.3,
            "equity": 23988000,
            "current_ratio": 281.53,
            "debt_ratio": 67.08,
            "inventory_turnover_ratio": 1.54,
            "account_receivable_turnover_ratio": 3.06,
            "reinvestment_rate": -3.07,
            "research_to_sale_ratio": 14.93,
            "price_fair": 718.9,
            "eps_avg_yearly": 20.54,
            "eps_latest_yearly": 33.12,
            "eps_growth_yearly": 55.1
        }
    },
    "months": {
        "2009-08": {
            "month": "2009-08",
            "price": "17.42",
            "revenue": 0
        },
        "2009-09": {
            "month": "2009-09",
            "price": "17.16",
            "revenue": 0
        },
        "2009-10": {
            "month": "2009-10",
            "price": "16.13",
            "revenue": 0
        },
        "2009-11": {
            "month": "2009-11",
            "price": "15.46",
            "revenue": 0
        },
        "2009-12": {
            "month": "2009-12",
            "price": "16.76",
            "revenue": 0
        },
        "2010-01": {
            "month": "2010-01",
            "price": "18.31",
            "revenue": 0
        },
        "2010-02": {
            "month": "2010-02",
            "price": "17.43",
            "revenue": 0
        },
        "2010-03": {
            "month": "2010-03",
            "price": "19.64",
            "revenue": 0
        },
        "2010-04": {
            "month": "2010-04",
            "price": "21.07",
            "revenue": 0
        },
        "2010-05": {
            "month": "2010-05",
            "price": "20.16",
            "revenue": 0
        },
        "2010-06": {
            "month": "2010-06",
            "price": "21.72",
            "revenue": 0
        },
        "2010-07": {
            "month": "2010-07",
            "price": "22.07",
            "revenue": 0
        },
        "2010-08": {
            "month": "2010-08",
            "price": "20.97",
            "revenue": 0
        },
        "2010-09": {
            "month": "2010-09",
            "price": "20.64",
            "revenue": 0
        },
        "2010-10": {
            "month": "2010-10",
            "price": "22.67",
            "revenue": 0
        },
        "2010-11": {
            "month": "2010-11",
            "price": "25.33",
            "revenue": 0
        },
        "2010-12": {
            "month": "2010-12",
            "price": "27.35",
            "revenue": 0
        },
        "2011-01": {
            "month": "2011-01",
            "price": "28.28",
            "revenue": 0
        },
        "2011-02": {
            "month": "2011-02",
            "price": "32.40",
            "revenue": 0
        },
        "2011-03": {
            "month": "2011-03",
            "price": "31.23",
            "revenue": 0
        },
        "2011-04": {
            "month": "2011-04",
            "price": "32.13",
            "revenue": 0
        },
        "2011-05": {
            "month": "2011-05",
            "price": "34.15",
            "revenue": 0
        },
        "2011-06": {
            "month": "2011-06",
            "price": "34.52",
            "revenue": 0
        },
        "2011-07": {
            "month": "2011-07",
            "price": "36.40",
            "revenue": 0
        },
        "2011-08": {
            "month": "2011-08",
            "price": "30.74",
            "revenue": 0
        },
        "2011-09": {
            "month": "2011-09",
            "price": "34.09",
            "revenue": 0
        },
        "2011-10": {
            "month": "2011-10",
            "price": "33.86",
            "revenue": 0
        },
        "2011-11": {
            "month": "2011-11",
            "price": "31.77",
            "revenue": 0
        },
        "2011-12": {
            "month": "2011-12",
            "price": "29.48",
            "revenue": 0
        },
        "2012-01": {
            "month": "2012-01",
            "price": "31.99",
            "revenue": 0
        },
        "2012-02": {
            "month": "2012-02",
            "price": "35.50",
            "revenue": 0
        },
        "2012-03": {
            "month": "2012-03",
            "price": "37.46",
            "revenue": 0
        },
        "2012-04": {
            "month": "2012-04",
            "price": "36.33",
            "revenue": 0
        },
        "2012-05": {
            "month": "2012-05",
            "price": "32.04",
            "revenue": 0
        },
        "2012-06": {
            "month": "2012-06",
            "price": "33.76",
            "revenue": 0
        },
        "2012-07": {
            "month": "2012-07",
            "price": "34.53",
            "revenue": 0
        },
        "2012-08": {
            "month": "2012-08",
            "price": "36.59",
            "revenue": 0
        },
        "2012-09": {
            "month": "2012-09",
            "price": "34.99",
            "revenue": 0
        },
        "2012-10": {
            "month": "2012-10",
            "price": "33.68",
            "revenue": 0
        },
        "2012-11": {
            "month": "2012-11",
            "price": "33.73",
            "revenue": 0
        },
        "2012-12": {
            "month": "2012-12",
            "price": "32.89",
            "revenue": 0
        },
        "2013-01": {
            "month": "2013-01",
            "price": "33.90",
            "revenue": 0
        },
        "2013-02": {
            "month": "2013-02",
            "price": "34.80",
            "revenue": 0
        },
        "2013-03": {
            "month": "2013-03",
            "price": "35.33",
            "revenue": 0
        },
        "2013-04": {
            "month": "2013-04",
            "price": "33.55",
            "revenue": 0
        },
        "2013-05": {
            "month": "2013-05",
            "price": "34.04",
            "revenue": 0
        },
        "2013-06": {
            "month": "2013-06",
            "price": "37.25",
            "revenue": 0
        },
        "2013-07": {
            "month": "2013-07",
            "price": "37.80",
            "revenue": 0
        },
        "2013-08": {
            "month": "2013-08",
            "price": "37.19",
            "revenue": 0
        },
        "2013-09": {
            "month": "2013-09",
            "price": "40.37",
            "revenue": 0
        },
        "2013-10": {
            "month": "2013-10",
            "price": "44.52",
            "revenue": 0
        },
        "2013-11": {
            "month": "2013-11",
            "price": "44.21",
            "revenue": 0
        },
        "2013-12": {
            "month": "2013-12",
            "price": "49.33",
            "revenue": 0
        },
        "2014-01": {
            "month": "2014-01",
            "price": "54.50",
            "revenue": 0
        },
        "2014-02": {
            "month": "2014-02",
            "price": "57.93",
            "revenue": 0
        },
        "2014-03": {
            "month": "2014-03",
            "price": "63.34",
            "revenue": 0
        },
        "2014-04": {
            "month": "2014-04",
            "price": "61.79",
            "revenue": 0
        },
        "2014-05": {
            "month": "2014-05",
            "price": "68.11",
            "revenue": 0
        },
        "2014-06": {
            "month": "2014-06",
            "price": "71.45",
            "revenue": 0
        },
        "2014-07": {
            "month": "2014-07",
            "price": "73.05",
            "revenue": 0
        },
        "2014-08": {
            "month": "2014-08",
            "price": "73.86",
            "revenue": 0
        },
        "2014-09": {
            "month": "2014-09",
            "price": "87.61",
            "revenue": 0
        },
        "2014-10": {
            "month": "2014-10",
            "price": "80.07",
            "revenue": 0
        },
        "2014-11": {
            "month": "2014-11",
            "price": "88.71",
            "revenue": 0
        },
        "2014-12": {
            "month": "2014-12",
            "price": "99.56",
            "revenue": 0
        },
        "2015-01": {
            "month": "2015-01",
            "price": "103.25",
            "revenue": 0
        },
        "2015-02": {
            "month": "2015-02",
            "price": "110.41",
            "revenue": 0
        },
        "2015-03": {
            "month": "2015-03",
            "price": "128.65",
            "revenue": 0
        },
        "2015-04": {
            "month": "2015-04",
            "price": "123.55",
            "revenue": 0
        },
        "2015-05": {
            "month": "2015-05",
            "price": "128.06",
            "revenue": 0
        },
        "2015-06": {
            "month": "2015-06",
            "price": "140.86",
            "revenue": 0
        },
        "2015-07": {
            "month": "2015-07",
            "price": "130.82",
            "revenue": 0
        },
        "2015-08": {
            "month": "2015-08",
            "price": "121.59",
            "revenue": 0
        },
        "2015-09": {
            "month": "2015-09",
            "price": "126.36",
            "revenue": 0
        },
        "2015-10": {
            "month": "2015-10",
            "price": "120.78",
            "revenue": 0
        },
        "2015-11": {
            "month": "2015-11",
            "price": "124.36",
            "revenue": 0
        },
        "2015-12": {
            "month": "2015-12",
            "price": "144.20",
            "revenue": 0
        },
        "2016-01": {
            "month": "2016-01",
            "price": "127.42",
            "revenue": 0
        },
        "2016-02": {
            "month": "2016-02",
            "price": "128.34",
            "revenue": 0
        },
        "2016-03": {
            "month": "2016-03",
            "price": "148.12",
            "revenue": 0
        },
        "2016-04": {
            "month": "2016-04",
            "price": "153.78",
            "revenue": 0
        },
        "2016-05": {
            "month": "2016-05",
            "price": "145.65",
            "revenue": 0
        },
        "2016-06": {
            "month": "2016-06",
            "price": "157.26",
            "revenue": 0
        },
        "2016-07": {
            "month": "2016-07",
            "price": "158.89",
            "revenue": 0
        },
        "2016-08": {
            "month": "2016-08",
            "price": "172.43",
            "revenue": 0
        },
        "2016-09": {
            "month": "2016-09",
            "price": "169.53",
            "revenue": 0
        },
        "2016-10": {
            "month": "2016-10",
            "price": "171.94",
            "revenue": 0
        },
        "2016-11": {
            "month": "2016-11",
            "price": "171.75",
            "revenue": 0
        },
        "2016-12": {
            "month": "2016-12",
            "price": "176.02",
            "revenue": 0
        },
        "2017-01": {
            "month": "2017-01",
            "price": "187.36",
            "revenue": 0
        },
        "2017-02": {
            "month": "2017-02",
            "price": "208.04",
            "revenue": 0
        },
        "2017-03": {
            "month": "2017-03",
            "price": "220.31",
            "revenue": 0
        },
        "2017-04": {
            "month": "2017-04",
            "price": "217.54",
            "revenue": 0
        },
        "2017-05": {
            "month": "2017-05",
            "price": "233.27",
            "revenue": 0
        },
        "2017-06": {
            "month": "2017-06",
            "price": "243.18",
            "revenue": 0
        },
        "2017-07": {
            "month": "2017-07",
            "price": "246.79",
            "revenue": 0
        },
        "2017-08": {
            "month": "2017-08",
            "price": "249.51",
            "revenue": 0
        },
        "2017-09": {
            "month": "2017-09",
            "price": "245.07",
            "revenue": 0
        },
        "2017-10": {
            "month": "2017-10",
            "price": "246.92",
            "revenue": 0
        },
        "2017-11": {
            "month": "2017-11",
            "price": "271.56",
            "revenue": 0
        },
        "2017-12": {
            "month": "2017-12",
            "price": "262.12",
            "revenue": 0
        },
        "2018-01": {
            "month": "2018-01",
            "price": "261.41",
            "revenue": 0
        },
        "2018-02": {
            "month": "2018-02",
            "price": "244.02",
            "revenue": 0
        },
        "2018-03": {
            "month": "2018-03",
            "price": "249.09",
            "revenue": 0
        },
        "2018-04": {
            "month": "2018-04",
            "price": "237.24",
            "revenue": 0
        },
        "2018-05": {
            "month": "2018-05",
            "price": "239.99",
            "revenue": 0
        },
        "2018-06": {
            "month": "2018-06",
            "price": "258.54",
            "revenue": 0
        },
        "2018-07": {
            "month": "2018-07",
            "price": "224.79",
            "revenue": 0
        },
        "2018-08": {
            "month": "2018-08",
            "price": "212.91",
            "revenue": 0
        },
        "2018-09": {
            "month": "2018-09",
            "price": "237.33",
            "revenue": 0
        },
        "2018-10": {
            "month": "2018-10",
            "price": "232.66",
            "revenue": 0
        },
        "2018-11": {
            "month": "2018-11",
            "price": "231.31",
            "revenue": 0
        },
        "2018-12": {
            "month": "2018-12",
            "price": "245.22",
            "revenue": 0
        },
        "2019-01": {
            "month": "2019-01",
            "price": "253.98",
            "revenue": 0
        },
        "2019-02": {
            "month": "2019-02",
            "price": "276.37",
            "revenue": 0
        },
        "2019-03": {
            "month": "2019-03",
            "price": "283.46",
            "revenue": 0
        },
        "2019-04": {
            "month": "2019-04",
            "price": "311.12",
            "revenue": 0
        },
        "2019-05": {
            "month": "2019-05",
            "price": "287.17",
            "revenue": 0
        },
        "2019-06": {
            "month": "2019-06",
            "price": "275.42",
            "revenue": 0
        },
        "2019-07": {
            "month": "2019-07",
            "price": "290.01",
            "revenue": 0
        },
        "2019-08": {
            "month": "2019-08",
            "price": "276.79",
            "revenue": 0
        },
        "2019-09": {
            "month": "2019-09",
            "price": "286.34",
            "revenue": 0
        },
        "2019-10": {
            "month": "2019-10",
            "price": "282.81",
            "revenue": 0
        },
        "2019-11": {
            "month": "2019-11",
            "price": "312.95",
            "revenue": 0
        },
        "2019-12": {
            "month": "2019-12",
            "price": "317.53",
            "revenue": 0
        },
        "2020-01": {
            "month": "2020-01",
            "price": "311.21",
            "revenue": 0
        },
        "2020-02": {
            "month": "2020-02",
            "price": "306.15",
            "revenue": 0
        },
        "2020-03": {
            "month": "2020-03",
            "price": "232.46",
            "revenue": 0
        },
        "2020-04": {
            "month": "2020-04",
            "price": "256.94",
            "revenue": 0
        },
        "2020-05": {
            "month": "2020-05",
            "price": "272.37",
            "revenue": 0
        },
        "2020-06": {
            "month": "2020-06",
            "price": "308.57",
            "revenue": 0
        },
        "2020-07": {
            "month": "2020-07",
            "price": "313.79",
            "revenue": 0
        },
        "2020-08": {
            "month": "2020-08",
            "price": "331.64",
            "revenue": 0
        },
        "2020-09": {
            "month": "2020-09",
            "price": "360.42",
            "revenue": 0
        },
        "2020-10": {
            "month": "2020-10",
            "price": "369.11",
            "revenue": 0
        },
        "2020-11": {
            "month": "2020-11",
            "price": "378.28",
            "revenue": 0
        },
        "2020-12": {
            "month": "2020-12",
            "price": "421.09",
            "revenue": 0
        },
        "2021-01": {
            "month": "2021-01",
            "price": "449.51",
            "revenue": 0
        },
        "2021-02": {
            "month": "2021-02",
            "price": "475.19",
            "revenue": 0
        },
        "2021-03": {
            "month": "2021-03",
            "price": "462.53",
            "revenue": 0
        },
        "2021-04": {
            "month": "2021-04",
            "price": "472.68",
            "revenue": 0
        },
        "2021-05": {
            "month": "2021-05",
            "price": "447.57",
            "revenue": 0
        },
        "2021-06": {
            "month": "2021-06",
            "price": "468.83",
            "revenue": 0
        },
        "2021-07": {
            "month": "2021-07",
            "price": "476.46",
            "revenue": 0
        },
        "2021-08": {
            "month": "2021-08",
            "price": "484.68",
            "revenue": 0
        },
        "2021-09": {
            "month": "2021-09",
            "price": "497.87",
            "revenue": 0
        },
        "2021-10": {
            "month": "2021-10",
            "price": "503.84",
            "revenue": 0
        },
        "2021-11": {
            "month": "2021-11",
            "price": "556.12",
            "revenue": 0
        },
        "2021-12": {
            "month": "2021-12",
            "price": "623.37",
            "revenue": 0
        },
        "2022-01": {
            "month": "2022-01",
            "price": "591.80",
            "revenue": 0
        },
        "2022-02": {
            "month": "2022-02",
            "price": "587.73",
            "revenue": 0
        },
        "2022-03": {
            "month": "2022-03",
            "price": "601.00",
            "revenue": 0
        },
        "2022-04": {
            "month": "2022-04",
            "price": "590.12",
            "revenue": 0
        },
        "2022-05": {
            "month": "2022-05",
            "price": "568.55",
            "revenue": 0
        },
        "2022-06": {
            "month": "2022-06",
            "price": "526.52",
            "revenue": 0
        },
        "2022-07": {
            "month": "2022-07",
            "price": "501.11",
            "revenue": 0
        },
        "2022-08": {
            "month": "2022-08",
            "price": "538.57",
            "revenue": 0
        },
        "2022-09": {
            "month": "2022-09",
            "price": "489.83",
            "revenue": 0
        },
        "2022-10": {
            "month": "2022-10",
            "price": "451.77",
            "revenue": 0
        },
        "2022-11": {
            "month": "2022-11",
            "price": "503.20",
            "revenue": 0
        },
        "2022-12": {
            "month": "2022-12",
            "price": "549.24",
            "revenue": 0
        },
        "2023-01": {
            "month": "2023-01",
            "price": "577.20",
            "revenue": 0
        },
        "2023-02": {
            "month": "2023-02",
            "price": "595.92",
            "revenue": 0
        },
        "2023-03": {
            "month": "2023-03",
            "price": "627.57",
            "revenue": 0
        },
        "2023-04": {
            "month": "2023-04",
            "price": "627.14",
            "revenue": 0
        },
        "2023-05": {
            "month": "2023-05",
            "price": "669.66",
            "revenue": 0
        },
        "2023-06": {
            "month": "2023-06",
            "price": "836.58",
            "revenue": 0
        },
        "2023-07": {
            "month": "2023-07",
            "price": "888.33",
            "revenue": 0
        },
        "2023-08": {
            "month": "2023-08",
            "price": "866.74",
            "revenue": 0
        },
        "2023-09": {
            "month": "2023-09",
            "price": "845.41",
            "revenue": 0
        },
        "2023-10": {
            "month": "2023-10",
            "price": "857.11",
            "revenue": 0
        },
        "2023-11": {
            "month": "2023-11",
            "price": "937.58",
            "revenue": 0
        },
        "2023-12": {
            "month": "2023-12",
            "price": "1055.38",
            "revenue": 0
        }
    }
}
