{
    "summary": {
        "stock_name": "American Express Co",
        "stock_id": "AXP",
        "category": "Finance",
        "main_business": "美國運通公司於1965年在美國成立，美國運通及其附屬公司是一家為客戶提供的眾多金融及旅遊產品及服務的全球性公司。公司的主要產品和服務是向世界各地的消費者和企業提供信用支付卡產品及旅遊相關服務和費用。該公司主要經營三個可報告的經營分部：全球消費者服務集團（GCSG）、全球商業服務（GCS）和全球商戶和網路服務（GMNS）。",
        "website_url": "https://www.americanexpress.com/",
        "ceo": "Stephen J. Squeri",
        "pe_ratio": 19,
        "report_year_from": 1993,
        "report_year_to": 2023,
        "age": 31,
        "eps_negative_percentage": 0,
        "eps_growth_avg": {
            "last_all": 12.24,
            "last_2y": 22.81,
            "last_4y": 9.21,
            "last_8y": 9.21,
            "last_12y": 10.51,
            "last_16y": 10.96,
            "last_20y": 10.85,
            "at_2006_last_3y": 10.36,
            "at_2007_last_3y": 10.51,
            "at_2008_last_3y": 2.28,
            "at_2009_last_3y": -8.67,
            "at_2010_last_3y": 12.44,
            "at_2011_last_3y": 14.02,
            "at_2012_last_3y": 19.88,
            "at_2013_last_3y": 36.53,
            "at_2014_last_3y": 13.42,
            "at_2015_last_3y": 8.34,
            "at_2016_last_3y": 6.2,
            "at_2017_last_3y": 5.25,
            "at_2018_last_3y": 9.21,
            "at_2019_last_3y": 11.13,
            "at_2020_last_3y": 6.67,
            "at_2021_last_3y": 20.92,
            "at_2022_last_3y": 14.66,
            "at_2023_last_3y": 9.22,
            "at_2024_last_3y": 9.22,
            "at_2006_last_all": 16.6,
            "at_2007_last_all": 16.42,
            "at_2008_last_all": 9.99,
            "at_2009_last_all": 4.1,
            "at_2010_last_all": 14.75,
            "at_2011_last_all": 15.46,
            "at_2012_last_all": 13.58,
            "at_2013_last_all": 14.91,
            "at_2014_last_all": 14.34,
            "at_2015_last_all": 13.43,
            "at_2016_last_all": 11.62,
            "at_2017_last_all": 12.49,
            "at_2018_last_all": 13.14,
            "at_2019_last_all": 12.91,
            "at_2020_last_all": 10.58,
            "at_2021_last_all": 14.18,
            "at_2022_last_all": 13.43,
            "at_2023_last_all": 12.24,
            "at_2024_last_all": 12.24
        },
        "latest_eps": 11.21,
        "latest_price": 218.48,
        "latest_roe": 30.99,
        "latest_gross_margin": null,
        "latest_equity": 27324000,
        "latest_revenue": 16671000,
        "latest_gross_profit": null,
        "latest_net_income": 2451000,
        "latest_debt_ratio": 89.1,
        "latest_current_ratio": null,
        "latest_account_receivable_turnover_ratio": null,
        "latest_inventory_turnover_ratio": null,
        "latest_reinvestment_rate": null,
        "latest_research_to_sale_ratio": null
    },
    "eps_dividends": {
        "1995": {
            "cash": 0.19,
            "stock": 0,
            "eps": 0
        },
        "1996": {
            "cash": 0.24,
            "stock": 0,
            "eps": 0
        },
        "1997": {
            "cash": 0.32,
            "stock": 0,
            "eps": 0
        },
        "1998": {
            "cash": 0.32,
            "stock": 0,
            "eps": 0
        },
        "1999": {
            "cash": 0.24,
            "stock": 0,
            "eps": 0
        },
        "2000": {
            "cash": 0.27,
            "stock": 0,
            "eps": 0
        },
        "2001": {
            "cash": 0.32,
            "stock": 0,
            "eps": 1.42
        },
        "2002": {
            "cash": 0.24,
            "stock": 0,
            "eps": 2.01
        },
        "2003": {
            "cash": 0.26,
            "stock": 0,
            "eps": 2.31
        },
        "2004": {
            "cash": 0.42000000000000004,
            "stock": 0,
            "eps": 2.41
        },
        "2005": {
            "cash": 0.36,
            "stock": 0,
            "eps": 2.57
        },
        "2006": {
            "cash": 0.15,
            "stock": 0,
            "eps": 2.97
        },
        "2007": {
            "cash": 0.44999999999999996,
            "stock": 0,
            "eps": 3.43
        },
        "2008": {
            "cash": 0.72,
            "stock": 0,
            "eps": 2.45
        },
        "2009": {
            "cash": 0.72,
            "stock": 0,
            "eps": 1.54
        },
        "2010": {
            "cash": 0.54,
            "stock": 0,
            "eps": 3.35
        },
        "2011": {
            "cash": 0.36,
            "stock": 0,
            "eps": 4.08
        },
        "2012": {
            "cash": 0.78,
            "stock": 0,
            "eps": 3.87
        },
        "2013": {
            "cash": 0.66,
            "stock": 0,
            "eps": 5.01
        },
        "2014": {
            "cash": 0.72,
            "stock": 0,
            "eps": 5.39
        },
        "2015": {
            "cash": 1.1,
            "stock": 0,
            "eps": 5.47
        },
        "2016": {
            "cash": 0.8999999999999999,
            "stock": 0,
            "eps": 4.72
        },
        "2017": {
            "cash": 0.99,
            "stock": 0,
            "eps": 5.93
        },
        "2018": {
            "cash": 1.44,
            "stock": 0,
            "eps": 7.32
        },
        "2019": {
            "cash": 1.21,
            "stock": 0,
            "eps": 7.99
        },
        "2020": {
            "cash": 0.86,
            "stock": 0,
            "eps": 5.47
        },
        "2021": {
            "cash": 1.29,
            "stock": 0,
            "eps": 9.99
        },
        "2022": {
            "cash": 1.04,
            "stock": 0,
            "eps": 9.83
        },
        "2023": {
            "cash": 1.7200000000000002,
            "stock": 0,
            "eps": 8.59
        },
        "2024": {
            "cash": 1.2,
            "stock": 0,
            "eps": 0
        }
    },
    "dividends": {
        "1995-05-10": {
            "cash": 0.03,
            "stock": 0
        },
        "1995-08-10": {
            "cash": 0.08,
            "stock": 0
        },
        "1995-11-10": {
            "cash": 0.08,
            "stock": 0
        },
        "1996-02-09": {
            "cash": 0.08,
            "stock": 0
        },
        "1996-05-10": {
            "cash": 0.08,
            "stock": 0
        },
        "1996-08-09": {
            "cash": 0.08,
            "stock": 0
        },
        "1997-02-10": {
            "cash": 0.08,
            "stock": 0
        },
        "1997-05-09": {
            "cash": 0.08,
            "stock": 0
        },
        "1997-08-08": {
            "cash": 0.08,
            "stock": 0
        },
        "1997-11-10": {
            "cash": 0.08,
            "stock": 0
        },
        "1998-02-10": {
            "cash": 0.08,
            "stock": 0
        },
        "1998-05-08": {
            "cash": 0.08,
            "stock": 0
        },
        "1998-08-10": {
            "cash": 0.08,
            "stock": 0
        },
        "1998-11-10": {
            "cash": 0.08,
            "stock": 0
        },
        "1999-02-10": {
            "cash": 0.08,
            "stock": 0
        },
        "1999-08-10": {
            "cash": 0.08,
            "stock": 0
        },
        "1999-11-10": {
            "cash": 0.08,
            "stock": 0
        },
        "2000-02-10": {
            "cash": 0.08,
            "stock": 0
        },
        "2000-05-10": {
            "cash": 0.03,
            "stock": 0
        },
        "2000-08-10": {
            "cash": 0.08,
            "stock": 0
        },
        "2000-11-10": {
            "cash": 0.08,
            "stock": 0
        },
        "2001-02-09": {
            "cash": 0.08,
            "stock": 0
        },
        "2001-05-10": {
            "cash": 0.08,
            "stock": 0
        },
        "2001-08-10": {
            "cash": 0.08,
            "stock": 0
        },
        "2001-11-09": {
            "cash": 0.08,
            "stock": 0
        },
        "2002-02-08": {
            "cash": 0.08,
            "stock": 0
        },
        "2002-05-10": {
            "cash": 0.08,
            "stock": 0
        },
        "2002-11-08": {
            "cash": 0.08,
            "stock": 0
        },
        "2003-02-10": {
            "cash": 0.08,
            "stock": 0
        },
        "2003-05-09": {
            "cash": 0.08,
            "stock": 0
        },
        "2003-11-10": {
            "cash": 0.1,
            "stock": 0
        },
        "2004-02-10": {
            "cash": 0.1,
            "stock": 0
        },
        "2004-05-10": {
            "cash": 0.1,
            "stock": 0
        },
        "2004-08-10": {
            "cash": 0.1,
            "stock": 0
        },
        "2004-11-10": {
            "cash": 0.12,
            "stock": 0
        },
        "2005-02-10": {
            "cash": 0.12,
            "stock": 0
        },
        "2005-05-10": {
            "cash": 0.12,
            "stock": 0
        },
        "2005-08-10": {
            "cash": 0.12,
            "stock": 0
        },
        "2006-08-10": {
            "cash": 0.15,
            "stock": 0
        },
        "2007-02-09": {
            "cash": 0.15,
            "stock": 0
        },
        "2007-08-10": {
            "cash": 0.15,
            "stock": 0
        },
        "2007-11-09": {
            "cash": 0.15,
            "stock": 0
        },
        "2008-02-08": {
            "cash": 0.18,
            "stock": 0
        },
        "2008-05-09": {
            "cash": 0.18,
            "stock": 0
        },
        "2008-08-08": {
            "cash": 0.18,
            "stock": 0
        },
        "2008-11-10": {
            "cash": 0.18,
            "stock": 0
        },
        "2009-02-10": {
            "cash": 0.18,
            "stock": 0
        },
        "2009-05-08": {
            "cash": 0.18,
            "stock": 0
        },
        "2009-08-10": {
            "cash": 0.18,
            "stock": 0
        },
        "2009-11-10": {
            "cash": 0.18,
            "stock": 0
        },
        "2010-05-10": {
            "cash": 0.18,
            "stock": 0
        },
        "2010-08-10": {
            "cash": 0.18,
            "stock": 0
        },
        "2010-11-10": {
            "cash": 0.18,
            "stock": 0
        },
        "2011-08-10": {
            "cash": 0.18,
            "stock": 0
        },
        "2011-11-10": {
            "cash": 0.18,
            "stock": 0
        },
        "2012-02-10": {
            "cash": 0.18,
            "stock": 0
        },
        "2012-05-10": {
            "cash": 0.2,
            "stock": 0
        },
        "2012-08-10": {
            "cash": 0.2,
            "stock": 0
        },
        "2012-11-09": {
            "cash": 0.2,
            "stock": 0
        },
        "2013-05-10": {
            "cash": 0.2,
            "stock": 0
        },
        "2013-08-09": {
            "cash": 0.23,
            "stock": 0
        },
        "2013-11-08": {
            "cash": 0.23,
            "stock": 0
        },
        "2014-02-10": {
            "cash": 0.23,
            "stock": 0
        },
        "2014-05-09": {
            "cash": 0.23,
            "stock": 0
        },
        "2014-08-08": {
            "cash": 0.26,
            "stock": 0
        },
        "2015-02-10": {
            "cash": 0.26,
            "stock": 0
        },
        "2015-05-08": {
            "cash": 0.26,
            "stock": 0
        },
        "2015-08-10": {
            "cash": 0.29,
            "stock": 0
        },
        "2015-11-10": {
            "cash": 0.29,
            "stock": 0
        },
        "2016-05-10": {
            "cash": 0.29,
            "stock": 0
        },
        "2016-08-10": {
            "cash": 0.29,
            "stock": 0
        },
        "2016-11-10": {
            "cash": 0.32,
            "stock": 0
        },
        "2017-05-10": {
            "cash": 0.32,
            "stock": 0
        },
        "2017-08-10": {
            "cash": 0.32,
            "stock": 0
        },
        "2017-11-10": {
            "cash": 0.35,
            "stock": 0
        },
        "2018-02-09": {
            "cash": 0.35,
            "stock": 0
        },
        "2018-05-10": {
            "cash": 0.35,
            "stock": 0
        },
        "2018-08-10": {
            "cash": 0.35,
            "stock": 0
        },
        "2018-11-09": {
            "cash": 0.39,
            "stock": 0
        },
        "2019-05-10": {
            "cash": 0.39,
            "stock": 0
        },
        "2019-08-09": {
            "cash": 0.39,
            "stock": 0
        },
        "2019-11-08": {
            "cash": 0.43,
            "stock": 0
        },
        "2020-08-10": {
            "cash": 0.43,
            "stock": 0
        },
        "2020-11-10": {
            "cash": 0.43,
            "stock": 0
        },
        "2021-05-10": {
            "cash": 0.43,
            "stock": 0
        },
        "2021-08-10": {
            "cash": 0.43,
            "stock": 0
        },
        "2021-11-10": {
            "cash": 0.43,
            "stock": 0
        },
        "2022-05-10": {
            "cash": 0.52,
            "stock": 0
        },
        "2022-11-10": {
            "cash": 0.52,
            "stock": 0
        },
        "2023-02-10": {
            "cash": 0.52,
            "stock": 0
        },
        "2023-08-10": {
            "cash": 0.6,
            "stock": 0
        },
        "2023-11-10": {
            "cash": 0.6,
            "stock": 0
        },
        "2024-02-09": {
            "cash": 0.6,
            "stock": 0
        },
        "2024-05-10": {
            "cash": 0.6,
            "stock": 0
        }
    },
    "prices": {
        "200101": "48.64",
        "200102": "46.37",
        "200103": "40.10",
        "200104": "39.84",
        "200105": "43.19",
        "200106": "40.40",
        "200107": "38.60",
        "200108": "38.64",
        "200109": "30.12",
        "200110": "29.71",
        "200111": "32.76",
        "200112": "34.03",
        "200201": "36.72",
        "200202": "34.12",
        "200203": "40.65",
        "200204": "41.25",
        "200205": "42.60",
        "200206": "38.06",
        "200207": "33.79",
        "200208": "35.68",
        "200209": "33.13",
        "200210": "32.15",
        "200211": "37.25",
        "200212": "36.72",
        "200301": "36.45",
        "200302": "33.62",
        "200303": "34.16",
        "200304": "36.10",
        "200305": "39.90",
        "200306": "43.04",
        "200307": "44.28",
        "200308": "44.71",
        "200309": "45.65",
        "200310": "47.33",
        "200311": "45.72",
        "200312": "46.47",
        "200401": "49.36",
        "200402": "53.13",
        "200403": "51.70",
        "200404": "50.76",
        "200405": "49.29",
        "200406": "51.25",
        "200407": "49.60",
        "200408": "49.81",
        "200409": "50.99",
        "200410": "52.36",
        "200411": "55.34",
        "200412": "56.03",
        "200501": "53.40",
        "200502": "54.88",
        "200503": "52.89",
        "200504": "51.25",
        "200505": "52.89",
        "200506": "54.34",
        "200507": "54.06",
        "200508": "55.84",
        "200509": "57.36",
        "200510": "49.07",
        "200511": "50.58",
        "200512": "51.49",
        "200601": "52.84",
        "200602": "53.53",
        "200603": "53.54",
        "200604": "52.12",
        "200605": "53.05",
        "200606": "53.14",
        "200607": "51.77",
        "200608": "52.56",
        "200609": "53.83",
        "200610": "57.20",
        "200611": "58.90",
        "200612": "60.49",
        "200701": "58.78",
        "200702": "57.97",
        "200703": "56.30",
        "200704": "58.56",
        "200705": "63.54",
        "200706": "62.83",
        "200707": "62.05",
        "200708": "59.32",
        "200709": "59.41",
        "200710": "60.32",
        "200711": "57.12",
        "200712": "54.07",
        "200801": "46.74",
        "200802": "45.55",
        "200803": "43.27",
        "200804": "45.63",
        "200805": "48.33",
        "200806": "42.79",
        "200807": "38.88",
        "200808": "38.05",
        "200809": "37.88",
        "200810": "26.50",
        "200811": "22.37",
        "200812": "19.94",
        "200901": "17.87",
        "200902": "14.94",
        "200903": "12.72",
        "200904": "19.73",
        "200905": "25.19",
        "200906": "24.68",
        "200907": "26.32",
        "200908": "31.95",
        "200909": "33.81",
        "200910": "34.78",
        "200911": "39.76",
        "200912": "40.59",
        "201001": "40.75",
        "201002": "38.32",
        "201003": "40.34",
        "201004": "45.27",
        "201005": "41.53",
        "201006": "40.63",
        "201007": "42.67",
        "201008": "41.90",
        "201009": "41.71",
        "201010": "39.42",
        "201011": "42.75",
        "201012": "44.29",
        "201101": "44.85",
        "201102": "44.93",
        "201103": "44.42",
        "201104": "46.59",
        "201105": "50.41",
        "201106": "49.07",
        "201107": "51.92",
        "201108": "46.58",
        "201109": "48.03",
        "201110": "46.94",
        "201111": "48.39",
        "201112": "47.67",
        "201201": "49.44",
        "201202": "52.37",
        "201203": "55.62",
        "201204": "58.02",
        "201205": "57.95",
        "201206": "55.84",
        "201207": "57.78",
        "201208": "57.03",
        "201209": "57.81",
        "201210": "57.39",
        "201211": "55.57",
        "201212": "56.96",
        "201301": "59.84",
        "201302": "61.67",
        "201303": "65.36",
        "201304": "66.34",
        "201305": "72.55",
        "201306": "74.88",
        "201307": "75.82",
        "201308": "74.49",
        "201309": "75.40",
        "201310": "77.89",
        "201311": "82.76",
        "201312": "86.23",
        "201401": "88.27",
        "201402": "88.10",
        "201403": "91.50",
        "201404": "87.44",
        "201405": "88.59",
        "201406": "94.41",
        "201407": "93.50",
        "201408": "87.78",
        "201409": "88.64",
        "201410": "85.48",
        "201411": "91.29",
        "201412": "92.58",
        "201501": "86.79",
        "201502": "82.10",
        "201503": "80.56",
        "201504": "78.55",
        "201505": "79.66",
        "201506": "79.79",
        "201507": "77.44",
        "201508": "78.11",
        "201509": "75.24",
        "201510": "75.72",
        "201511": "72.61",
        "201512": "69.95",
        "201601": "60.94",
        "201602": "53.96",
        "201603": "59.60",
        "201604": "62.84",
        "201605": "64.40",
        "201606": "62.83",
        "201607": "62.96",
        "201608": "65.13",
        "201609": "64.50",
        "201610": "63.60",
        "201611": "70.00",
        "201612": "74.09",
        "201701": "76.50",
        "201702": "78.86",
        "201703": "79.08",
        "201704": "78.23",
        "201705": "77.78",
        "201706": "81.24",
        "201707": "84.96",
        "201708": "85.60",
        "201709": "87.33",
        "201710": "92.60",
        "201711": "94.72",
        "201712": "98.68",
        "201801": "99.78",
        "201802": "96.05",
        "201803": "94.68",
        "201804": "95.75",
        "201805": "100.13",
        "201806": "98.82",
        "201807": "100.62",
        "201808": "103.49",
        "201809": "108.36",
        "201810": "104.52",
        "201811": "107.91",
        "201812": "101.15",
        "201901": "99.13",
        "201902": "106.03",
        "201903": "110.18",
        "201904": "112.45",
        "201905": "118.13",
        "201906": "121.97",
        "201907": "126.60",
        "201908": "122.34",
        "201909": "118.58",
        "201910": "116.32",
        "201911": "120.07",
        "201912": "122.48",
        "202001": "129.24",
        "202002": "129.70",
        "202003": "92.52",
        "202004": "85.33",
        "202005": "88.42",
        "202006": "101.82",
        "202007": "94.80",
        "202008": "98.62",
        "202009": "101.87",
        "202010": "101.30",
        "202011": "111.19",
        "202012": "119.80",
        "202101": "121.58",
        "202102": "129.20",
        "202103": "143.26",
        "202104": "148.18",
        "202105": "156.62",
        "202106": "164.68",
        "202107": "170.64",
        "202108": "166.20",
        "202109": "164.80",
        "202110": "176.03",
        "202111": "173.69",
        "202112": "162.26",
        "202201": "170.48",
        "202202": "191.60",
        "202203": "180.29",
        "202204": "182.37",
        "202205": "162.60",
        "202206": "151.39",
        "202207": "145.14",
        "202208": "159.07",
        "202209": "148.86",
        "202210": "142.69",
        "202211": "150.92",
        "202212": "150.90",
        "202301": "155.29",
        "202302": "176.92",
        "202303": "165.99",
        "202304": "161.39",
        "202305": "152.63",
        "202306": "170.44",
        "202307": "171.89",
        "202308": "162.45",
        "202309": "156.52",
        "202310": "147.62",
        "202311": "158.59",
        "202312": "178.16"
    },
    "quarters": {
        "20011": {
            "year_quarter": 20011,
            "year": 2001,
            "quarter": 1,
            "eps": 0.4,
            "eps_growth_year": -16.89,
            "eps_4q": 1.98,
            "eps_4q_growth_year": 6.21,
            "roe": 4.55,
            "roe_4q": 4.55,
            "gross_profit": null,
            "gross_margin": null,
            "gross_margin_4q_avg": 0,
            "net_income": 538000,
            "net_income_4q": null,
            "revenue": 5719000,
            "revenue_4q": null,
            "common_shares": 265000,
            "book_valuer_per_share": 9.02,
            "book_valuer_per_share_4q_avg": 9.02,
            "equity": 11964000,
            "current_ratio": null,
            "debt_ratio": 91.82,
            "inventory_turnover_ratio": null,
            "account_receivable_turnover_ratio": null,
            "reinvestment_rate": null,
            "research_to_sale_ratio": null,
            "price_fair": 0,
            "eps_avg_yearly": 0,
            "eps_latest_yearly": 0,
            "eps_growth_yearly": 0
        },
        "20012": {
            "year_quarter": 20012,
            "year": 2001,
            "quarter": 2,
            "eps": 0.13,
            "eps_growth_year": -75.5,
            "eps_4q": 1.57,
            "eps_4q_growth_year": -18.91,
            "roe": 1.5,
            "roe_4q": 6.05,
            "gross_profit": null,
            "gross_margin": null,
            "gross_margin_4q_avg": 0,
            "net_income": 178000,
            "net_income_4q": null,
            "revenue": 5268000,
            "revenue_4q": null,
            "common_shares": 265000,
            "book_valuer_per_share": 8.88,
            "book_valuer_per_share_4q_avg": 8.95,
            "equity": 11761000,
            "current_ratio": null,
            "debt_ratio": 92.27,
            "inventory_turnover_ratio": null,
            "account_receivable_turnover_ratio": null,
            "reinvestment_rate": null,
            "research_to_sale_ratio": null,
            "price_fair": 0,
            "eps_avg_yearly": 0,
            "eps_latest_yearly": 0,
            "eps_growth_yearly": 0
        },
        "20013": {
            "year_quarter": 20013,
            "year": 2001,
            "quarter": 3,
            "eps": 0.49,
            "eps_growth_year": -10.34,
            "eps_4q": 1.52,
            "eps_4q_growth_year": -24.44,
            "roe": 2.48,
            "roe_4q": 8.53,
            "gross_profit": null,
            "gross_margin": null,
            "gross_margin_4q_avg": 0,
            "net_income": 298000,
            "net_income_4q": null,
            "revenue": 5724000,
            "revenue_4q": null,
            "common_shares": 267000,
            "book_valuer_per_share": 9.15,
            "book_valuer_per_share_4q_avg": 9.02,
            "equity": 12228000,
            "current_ratio": null,
            "debt_ratio": 91.6,
            "inventory_turnover_ratio": null,
            "account_receivable_turnover_ratio": null,
            "reinvestment_rate": null,
            "research_to_sale_ratio": null,
            "price_fair": 0,
            "eps_avg_yearly": 0,
            "eps_latest_yearly": 0,
            "eps_growth_yearly": 0
        },
        "20014": {
            "year_quarter": 20014,
            "year": 2001,
            "quarter": 4,
            "eps": 0.4,
            "eps_growth_year": -19.78,
            "eps_4q": 1.42,
            "eps_4q_growth_year": -31.29,
            "roe": 2.45,
            "roe_4q": 10.98,
            "gross_profit": null,
            "gross_margin": null,
            "gross_margin_4q_avg": 0,
            "net_income": 297000,
            "net_income_4q": null,
            "revenue": 5871000,
            "revenue_4q": null,
            "common_shares": 266000,
            "book_valuer_per_share": 9.04,
            "book_valuer_per_share_4q_avg": 9.02,
            "equity": 12037000,
            "current_ratio": null,
            "debt_ratio": 92.03,
            "inventory_turnover_ratio": null,
            "account_receivable_turnover_ratio": null,
            "reinvestment_rate": null,
            "research_to_sale_ratio": null,
            "price_fair": 0,
            "eps_avg_yearly": 0,
            "eps_latest_yearly": 0,
            "eps_growth_yearly": 0
        },
        "20021": {
            "year_quarter": 20021,
            "year": 2002,
            "quarter": 1,
            "eps": 0.46,
            "eps_growth_year": 13.89,
            "eps_4q": 1.48,
            "eps_4q_growth_year": -25.67,
            "roe": 5.04,
            "roe_4q": 11.47,
            "gross_profit": null,
            "gross_margin": null,
            "gross_margin_4q_avg": 0,
            "net_income": 618000,
            "net_income_4q": null,
            "revenue": 5759000,
            "revenue_4q": null,
            "common_shares": 266000,
            "book_valuer_per_share": 9.4,
            "book_valuer_per_share_4q_avg": 9.12,
            "equity": 12495000,
            "current_ratio": null,
            "debt_ratio": 91.49,
            "inventory_turnover_ratio": null,
            "account_receivable_turnover_ratio": null,
            "reinvestment_rate": null,
            "research_to_sale_ratio": null,
            "price_fair": 64.4,
            "eps_avg_yearly": 1.84,
            "eps_latest_yearly": 1.84,
            "eps_growth_yearly": 60
        },
        "20022": {
            "year_quarter": 20022,
            "year": 2002,
            "quarter": 2,
            "eps": 0.5,
            "eps_growth_year": 277.11,
            "eps_4q": 1.84,
            "eps_4q_growth_year": 17.16,
            "roe": 5.3,
            "roe_4q": 15.27,
            "gross_profit": null,
            "gross_margin": null,
            "gross_margin_4q_avg": 0,
            "net_income": 683000,
            "net_income_4q": null,
            "revenue": 5945000,
            "revenue_4q": null,
            "common_shares": 266000,
            "book_valuer_per_share": 9.98,
            "book_valuer_per_share_4q_avg": 9.39,
            "equity": 13290000,
            "current_ratio": null,
            "debt_ratio": 90.89,
            "inventory_turnover_ratio": null,
            "account_receivable_turnover_ratio": null,
            "reinvestment_rate": null,
            "research_to_sale_ratio": null,
            "price_fair": 67.2,
            "eps_avg_yearly": 1.92,
            "eps_latest_yearly": 2,
            "eps_growth_yearly": 47.39
        },
        "20023": {
            "year_quarter": 20023,
            "year": 2002,
            "quarter": 3,
            "eps": 0.52,
            "eps_growth_year": 6.16,
            "eps_4q": 1.87,
            "eps_4q_growth_year": 23.45,
            "roe": 5.04,
            "roe_4q": 17.83,
            "gross_profit": null,
            "gross_margin": null,
            "gross_margin_4q_avg": 0,
            "net_income": 687000,
            "net_income_4q": null,
            "revenue": 5907000,
            "revenue_4q": null,
            "common_shares": 265000,
            "book_valuer_per_share": 10.55,
            "book_valuer_per_share_4q_avg": 9.74,
            "equity": 13978000,
            "current_ratio": null,
            "debt_ratio": 90.38,
            "inventory_turnover_ratio": null,
            "account_receivable_turnover_ratio": null,
            "reinvestment_rate": null,
            "research_to_sale_ratio": null,
            "price_fair": 69.07,
            "eps_avg_yearly": 1.97,
            "eps_latest_yearly": 2.08,
            "eps_growth_yearly": 36.93
        },
        "20024": {
            "year_quarter": 20024,
            "year": 2002,
            "quarter": 4,
            "eps": 0.53,
            "eps_growth_year": 31.39,
            "eps_4q": 2,
            "eps_4q_growth_year": 40.89,
            "roe": 4.91,
            "roe_4q": 20.29,
            "gross_profit": null,
            "gross_margin": null,
            "gross_margin_4q_avg": 0,
            "net_income": 683000,
            "net_income_4q": null,
            "revenue": 6196000,
            "revenue_4q": null,
            "common_shares": 261000,
            "book_valuer_per_share": 10.62,
            "book_valuer_per_share_4q_avg": 10.14,
            "equity": 13861000,
            "current_ratio": null,
            "debt_ratio": 91.19,
            "inventory_turnover_ratio": null,
            "account_receivable_turnover_ratio": null,
            "reinvestment_rate": null,
            "research_to_sale_ratio": null,
            "price_fair": 70.35,
            "eps_avg_yearly": 2.01,
            "eps_latest_yearly": 2.12,
            "eps_growth_yearly": 29.62
        },
        "20031": {
            "year_quarter": 20031,
            "year": 2003,
            "quarter": 1,
            "eps": 0.53,
            "eps_growth_year": 16.31,
            "eps_4q": 2.07,
            "eps_4q_growth_year": 40.62,
            "roe": 4.96,
            "roe_4q": 20.21,
            "gross_profit": null,
            "gross_margin": null,
            "gross_margin_4q_avg": 0,
            "net_income": 692000,
            "net_income_4q": null,
            "revenue": 6023000,
            "revenue_4q": null,
            "common_shares": 260000,
            "book_valuer_per_share": 10.84,
            "book_valuer_per_share_4q_avg": 10.5,
            "equity": 14069000,
            "current_ratio": null,
            "debt_ratio": 90.83,
            "inventory_turnover_ratio": null,
            "account_receivable_turnover_ratio": null,
            "reinvestment_rate": null,
            "research_to_sale_ratio": null,
            "price_fair": 68.47,
            "eps_avg_yearly": 2.03,
            "eps_latest_yearly": 2.12,
            "eps_growth_yearly": 23.69
        },
        "20032": {
            "year_quarter": 20032,
            "year": 2003,
            "quarter": 2,
            "eps": 0.59,
            "eps_growth_year": 17.11,
            "eps_4q": 2.16,
            "eps_4q_growth_year": 17.13,
            "roe": 5.34,
            "roe_4q": 20.25,
            "gross_profit": null,
            "gross_margin": null,
            "gross_margin_4q_avg": 0,
            "net_income": 762000,
            "net_income_4q": null,
            "revenue": 6356000,
            "revenue_4q": null,
            "common_shares": 257000,
            "book_valuer_per_share": 11.27,
            "book_valuer_per_share_4q_avg": 10.82,
            "equity": 14492000,
            "current_ratio": null,
            "debt_ratio": 90.89,
            "inventory_turnover_ratio": null,
            "account_receivable_turnover_ratio": null,
            "reinvestment_rate": null,
            "research_to_sale_ratio": null,
            "price_fair": 73.03,
            "eps_avg_yearly": 2.09,
            "eps_latest_yearly": 2.36,
            "eps_growth_yearly": 27.29
        },
        "20033": {
            "year_quarter": 20033,
            "year": 2003,
            "quarter": 3,
            "eps": 0.59,
            "eps_growth_year": 14.96,
            "eps_4q": 2.24,
            "eps_4q_growth_year": 19.38,
            "roe": 5.25,
            "roe_4q": 20.46,
            "gross_profit": null,
            "gross_margin": null,
            "gross_margin_4q_avg": 0,
            "net_income": 770000,
            "net_income_4q": null,
            "revenue": 6419000,
            "revenue_4q": null,
            "common_shares": 257000,
            "book_valuer_per_share": 11.54,
            "book_valuer_per_share_4q_avg": 11.07,
            "equity": 14835000,
            "current_ratio": null,
            "debt_ratio": 90.95,
            "inventory_turnover_ratio": null,
            "account_receivable_turnover_ratio": null,
            "reinvestment_rate": null,
            "research_to_sale_ratio": null,
            "price_fair": 70.99,
            "eps_avg_yearly": 2.13,
            "eps_latest_yearly": 2.36,
            "eps_growth_yearly": 23.39
        },
        "20034": {
            "year_quarter": 20034,
            "year": 2003,
            "quarter": 4,
            "eps": 0.6,
            "eps_growth_year": 13.52,
            "eps_4q": 2.31,
            "eps_4q_growth_year": 15.43,
            "roe": 5.15,
            "roe_4q": 20.7,
            "gross_profit": null,
            "gross_margin": null,
            "gross_margin_4q_avg": 0,
            "net_income": 776000,
            "net_income_4q": null,
            "revenue": 7038000,
            "revenue_4q": null,
            "common_shares": 257000,
            "book_valuer_per_share": 11.93,
            "book_valuer_per_share_4q_avg": 11.4,
            "equity": 15323000,
            "current_ratio": null,
            "debt_ratio": 91.22,
            "inventory_turnover_ratio": null,
            "account_receivable_turnover_ratio": null,
            "reinvestment_rate": null,
            "research_to_sale_ratio": null,
            "price_fair": 67.65,
            "eps_avg_yearly": 2.16,
            "eps_latest_yearly": 2.4,
            "eps_growth_yearly": 21.32
        },
        "20041": {
            "year_quarter": 20041,
            "year": 2004,
            "quarter": 1,
            "eps": 0.66,
            "eps_growth_year": 25,
            "eps_4q": 2.44,
            "eps_4q_growth_year": 17.68,
            "roe": 5.57,
            "roe_4q": 21.310000000000002,
            "gross_profit": null,
            "gross_margin": null,
            "gross_margin_4q_avg": 0,
            "net_income": 865000,
            "net_income_4q": null,
            "revenue": 6910000,
            "revenue_4q": null,
            "common_shares": 256000,
            "book_valuer_per_share": 12.28,
            "book_valuer_per_share_4q_avg": 11.76,
            "equity": 15733000,
            "current_ratio": null,
            "debt_ratio": 91.17,
            "inventory_turnover_ratio": null,
            "account_receivable_turnover_ratio": null,
            "reinvestment_rate": null,
            "research_to_sale_ratio": null,
            "price_fair": 73.91,
            "eps_avg_yearly": 2.21,
            "eps_latest_yearly": 2.64,
            "eps_growth_yearly": 23.39
        },
        "20042": {
            "year_quarter": 20042,
            "year": 2004,
            "quarter": 2,
            "eps": 0.68,
            "eps_growth_year": 15.58,
            "eps_4q": 2.53,
            "eps_4q_growth_year": 17.24,
            "roe": 5.67,
            "roe_4q": 21.64,
            "gross_profit": null,
            "gross_margin": null,
            "gross_margin_4q_avg": 0,
            "net_income": 876000,
            "net_income_4q": null,
            "revenue": 7232000,
            "revenue_4q": null,
            "common_shares": 254000,
            "book_valuer_per_share": 11.96,
            "book_valuer_per_share_4q_avg": 11.93,
            "equity": 15158000,
            "current_ratio": null,
            "debt_ratio": 91.54,
            "inventory_turnover_ratio": null,
            "account_receivable_turnover_ratio": null,
            "reinvestment_rate": null,
            "research_to_sale_ratio": null,
            "price_fair": 73.05,
            "eps_avg_yearly": 2.26,
            "eps_latest_yearly": 2.72,
            "eps_growth_yearly": 22.27
        },
        "20043": {
            "year_quarter": 20043,
            "year": 2004,
            "quarter": 3,
            "eps": 0.55,
            "eps_growth_year": -7.08,
            "eps_4q": 2.49,
            "eps_4q_growth_year": 11.33,
            "roe": 4.53,
            "roe_4q": 20.92,
            "gross_profit": null,
            "gross_margin": null,
            "gross_margin_4q_avg": 0,
            "net_income": 702000,
            "net_income_4q": null,
            "revenue": 5476000,
            "revenue_4q": null,
            "common_shares": 251000,
            "book_valuer_per_share": 12.62,
            "book_valuer_per_share_4q_avg": 12.2,
            "equity": 15840000,
            "current_ratio": null,
            "debt_ratio": 91.16,
            "inventory_turnover_ratio": null,
            "account_receivable_turnover_ratio": null,
            "reinvestment_rate": null,
            "research_to_sale_ratio": null,
            "price_fair": 52.59,
            "eps_avg_yearly": 2.26,
            "eps_latest_yearly": 2.2,
            "eps_growth_yearly": 13.29
        },
        "20044": {
            "year_quarter": 20044,
            "year": 2004,
            "quarter": 4,
            "eps": 0.52,
            "eps_growth_year": -12.3,
            "eps_4q": 2.42,
            "eps_4q_growth_year": 4.71,
            "roe": 4.2,
            "roe_4q": 19.97,
            "gross_profit": null,
            "gross_margin": null,
            "gross_margin_4q_avg": 0,
            "net_income": 669000,
            "net_income_4q": null,
            "revenue": 5836000,
            "revenue_4q": null,
            "common_shares": 250000,
            "book_valuer_per_share": 12.83,
            "book_valuer_per_share_4q_avg": 12.42,
            "equity": 16020000,
            "current_ratio": null,
            "debt_ratio": 91.75,
            "inventory_turnover_ratio": null,
            "account_receivable_turnover_ratio": null,
            "reinvestment_rate": null,
            "research_to_sale_ratio": null,
            "price_fair": 45.68,
            "eps_avg_yearly": 2.24,
            "eps_latest_yearly": 2.08,
            "eps_growth_yearly": 10.36
        },
        "20051": {
            "year_quarter": 20051,
            "year": 2005,
            "quarter": 1,
            "eps": 0.59,
            "eps_growth_year": -11.08,
            "eps_4q": 2.34,
            "eps_4q_growth_year": -3.98,
            "roe": 4.63,
            "roe_4q": 19.03,
            "gross_profit": null,
            "gross_margin": null,
            "gross_margin_4q_avg": 0,
            "net_income": 745000,
            "net_income_4q": null,
            "revenue": 5640000,
            "revenue_4q": null,
            "common_shares": 249000,
            "book_valuer_per_share": 12.96,
            "book_valuer_per_share_4q_avg": 12.59,
            "equity": 16133000,
            "current_ratio": null,
            "debt_ratio": 91.49,
            "inventory_turnover_ratio": null,
            "account_receivable_turnover_ratio": null,
            "reinvestment_rate": null,
            "research_to_sale_ratio": null,
            "price_fair": 53.4,
            "eps_avg_yearly": 2.25,
            "eps_latest_yearly": 2.36,
            "eps_growth_yearly": 13.71
        },
        "20052": {
            "year_quarter": 20052,
            "year": 2005,
            "quarter": 2,
            "eps": 0.69,
            "eps_growth_year": 0.84,
            "eps_4q": 2.35,
            "eps_4q_growth_year": -7.23,
            "roe": 5.17,
            "roe_4q": 18.53,
            "gross_profit": null,
            "gross_margin": null,
            "gross_margin_4q_avg": 0,
            "net_income": 860000,
            "net_income_4q": null,
            "revenue": 6020000,
            "revenue_4q": null,
            "common_shares": 248000,
            "book_valuer_per_share": 13.84,
            "book_valuer_per_share_4q_avg": 13.06,
            "equity": 17164000,
            "current_ratio": null,
            "debt_ratio": 91.23,
            "inventory_turnover_ratio": null,
            "account_receivable_turnover_ratio": null,
            "reinvestment_rate": null,
            "research_to_sale_ratio": null,
            "price_fair": 63.1,
            "eps_avg_yearly": 2.29,
            "eps_latest_yearly": 2.76,
            "eps_growth_yearly": 17.57
        },
        "20053": {
            "year_quarter": 20053,
            "year": 2005,
            "quarter": 3,
            "eps": 0.69,
            "eps_growth_year": 25.28,
            "eps_4q": 2.49,
            "eps_4q_growth_year": -0.08,
            "roe": 6.39,
            "roe_4q": 20.389999999999997,
            "gross_profit": null,
            "gross_margin": null,
            "gross_margin_4q_avg": 0,
            "net_income": 865000,
            "net_income_4q": null,
            "revenue": 6028000,
            "revenue_4q": null,
            "common_shares": 248000,
            "book_valuer_per_share": 7.99,
            "book_valuer_per_share_4q_avg": 11.91,
            "equity": 9902000,
            "current_ratio": null,
            "debt_ratio": 90.9,
            "inventory_turnover_ratio": null,
            "account_receivable_turnover_ratio": null,
            "reinvestment_rate": null,
            "research_to_sale_ratio": null,
            "price_fair": 61.25,
            "eps_avg_yearly": 2.32,
            "eps_latest_yearly": 2.76,
            "eps_growth_yearly": 16.4
        },
        "20054": {
            "year_quarter": 20054,
            "year": 2005,
            "quarter": 4,
            "eps": 0.6,
            "eps_growth_year": 13.95,
            "eps_4q": 2.56,
            "eps_4q_growth_year": 5.98,
            "roe": 7.34,
            "roe_4q": 23.529999999999998,
            "gross_profit": null,
            "gross_margin": null,
            "gross_margin_4q_avg": 0,
            "net_income": 751000,
            "net_income_4q": null,
            "revenue": 6380000,
            "revenue_4q": null,
            "common_shares": 248000,
            "book_valuer_per_share": 8.5,
            "book_valuer_per_share_4q_avg": 10.82,
            "equity": 10549000,
            "current_ratio": null,
            "debt_ratio": 90.74,
            "inventory_turnover_ratio": null,
            "account_receivable_turnover_ratio": null,
            "reinvestment_rate": null,
            "research_to_sale_ratio": null,
            "price_fair": 51.42,
            "eps_avg_yearly": 2.33,
            "eps_latest_yearly": 2.4,
            "eps_growth_yearly": 12.11
        },
        "20061": {
            "year_quarter": 20061,
            "year": 2006,
            "quarter": 1,
            "eps": 0.7,
            "eps_growth_year": 18.14,
            "eps_4q": 2.67,
            "eps_4q_growth_year": 13.86,
            "roe": 8.28,
            "roe_4q": 27.18,
            "gross_profit": null,
            "gross_margin": null,
            "gross_margin_4q_avg": 0,
            "net_income": 876000,
            "net_income_4q": null,
            "revenue": 6720000,
            "revenue_4q": null,
            "common_shares": 247000,
            "book_valuer_per_share": 8.61,
            "book_valuer_per_share_4q_avg": 9.74,
            "equity": 10605000,
            "current_ratio": null,
            "debt_ratio": 90.36,
            "inventory_turnover_ratio": null,
            "account_receivable_turnover_ratio": null,
            "reinvestment_rate": null,
            "research_to_sale_ratio": null,
            "price_fair": 53.74,
            "eps_avg_yearly": 2.39,
            "eps_latest_yearly": 2.8,
            "eps_growth_yearly": 12.53
        },
        "20062": {
            "year_quarter": 20062,
            "year": 2006,
            "quarter": 2,
            "eps": 0.78,
            "eps_growth_year": 14.11,
            "eps_4q": 2.77,
            "eps_4q_growth_year": 17.71,
            "roe": 9.22,
            "roe_4q": 31.23,
            "gross_profit": null,
            "gross_margin": null,
            "gross_margin_4q_avg": 0,
            "net_income": 972000,
            "net_income_4q": null,
            "revenue": 7285000,
            "revenue_4q": null,
            "common_shares": 243000,
            "book_valuer_per_share": 8.61,
            "book_valuer_per_share_4q_avg": 8.43,
            "equity": 10475000,
            "current_ratio": null,
            "debt_ratio": 91.07,
            "inventory_turnover_ratio": null,
            "account_receivable_turnover_ratio": null,
            "reinvestment_rate": null,
            "research_to_sale_ratio": null,
            "price_fair": 56.99,
            "eps_avg_yearly": 2.46,
            "eps_latest_yearly": 3.12,
            "eps_growth_yearly": 13.21
        },
        "20063": {
            "year_quarter": 20063,
            "year": 2006,
            "quarter": 3,
            "eps": 0.76,
            "eps_growth_year": 10.35,
            "eps_4q": 2.84,
            "eps_4q_growth_year": 13.99,
            "roe": 8.8,
            "roe_4q": 33.64,
            "gross_profit": null,
            "gross_margin": null,
            "gross_margin_4q_avg": 0,
            "net_income": 934000,
            "net_income_4q": null,
            "revenue": 6992000,
            "revenue_4q": null,
            "common_shares": 241000,
            "book_valuer_per_share": 8.93,
            "book_valuer_per_share_4q_avg": 8.66,
            "equity": 10756000,
            "current_ratio": null,
            "debt_ratio": 91.11,
            "inventory_turnover_ratio": null,
            "account_receivable_turnover_ratio": null,
            "reinvestment_rate": null,
            "research_to_sale_ratio": null,
            "price_fair": 54.26,
            "eps_avg_yearly": 2.52,
            "eps_latest_yearly": 3.04,
            "eps_growth_yearly": 11.57
        },
        "20064": {
            "year_quarter": 20064,
            "year": 2006,
            "quarter": 4,
            "eps": 0.73,
            "eps_growth_year": 22.48,
            "eps_4q": 2.97,
            "eps_4q_growth_year": 15.98,
            "roe": 8.42,
            "roe_4q": 34.72,
            "gross_profit": null,
            "gross_margin": null,
            "gross_margin_4q_avg": 0,
            "net_income": 895000,
            "net_income_4q": null,
            "revenue": 7448000,
            "revenue_4q": null,
            "common_shares": 240000,
            "book_valuer_per_share": 8.77,
            "book_valuer_per_share_4q_avg": 8.73,
            "equity": 10511000,
            "current_ratio": null,
            "debt_ratio": 91.81,
            "inventory_turnover_ratio": null,
            "account_receivable_turnover_ratio": null,
            "reinvestment_rate": null,
            "research_to_sale_ratio": null,
            "price_fair": 51.57,
            "eps_avg_yearly": 2.57,
            "eps_latest_yearly": 2.92,
            "eps_growth_yearly": 10.11
        },
        "20071": {
            "year_quarter": 20071,
            "year": 2007,
            "quarter": 1,
            "eps": 0.91,
            "eps_growth_year": 30.55,
            "eps_4q": 3.18,
            "eps_4q_growth_year": 19.3,
            "roe": 10.47,
            "roe_4q": 36.910000000000004,
            "gross_profit": null,
            "gross_margin": null,
            "gross_margin_4q_avg": 0,
            "net_income": 1100000,
            "net_income_4q": null,
            "revenue": 7290000,
            "revenue_4q": null,
            "common_shares": 238000,
            "book_valuer_per_share": 8.83,
            "book_valuer_per_share_4q_avg": 8.79,
            "equity": 10495000,
            "current_ratio": null,
            "debt_ratio": 91.69,
            "inventory_turnover_ratio": null,
            "account_receivable_turnover_ratio": null,
            "reinvestment_rate": null,
            "research_to_sale_ratio": null,
            "price_fair": 69.88,
            "eps_avg_yearly": 2.66,
            "eps_latest_yearly": 3.64,
            "eps_growth_yearly": 16.27
        },
        "20072": {
            "year_quarter": 20072,
            "year": 2007,
            "quarter": 2,
            "eps": 0.87,
            "eps_growth_year": 11.1,
            "eps_4q": 3.27,
            "eps_4q_growth_year": 18.27,
            "roe": 9.9,
            "roe_4q": 37.59,
            "gross_profit": null,
            "gross_margin": null,
            "gross_margin_4q_avg": 0,
            "net_income": 1046000,
            "net_income_4q": null,
            "revenue": 7831000,
            "revenue_4q": null,
            "common_shares": 236000,
            "book_valuer_per_share": 9,
            "book_valuer_per_share_4q_avg": 8.88,
            "equity": 10635000,
            "current_ratio": null,
            "debt_ratio": 92.09,
            "inventory_turnover_ratio": null,
            "account_receivable_turnover_ratio": null,
            "reinvestment_rate": null,
            "research_to_sale_ratio": null,
            "price_fair": 60.99,
            "eps_avg_yearly": 2.73,
            "eps_latest_yearly": 3.48,
            "eps_growth_yearly": 12.34
        },
        "20073": {
            "year_quarter": 20073,
            "year": 2007,
            "quarter": 3,
            "eps": 0.92,
            "eps_growth_year": 21.41,
            "eps_4q": 3.43,
            "eps_4q_growth_year": 21.04,
            "roe": 10.42,
            "roe_4q": 39.21,
            "gross_profit": null,
            "gross_margin": null,
            "gross_margin_4q_avg": 0,
            "net_income": 1122000,
            "net_income_4q": null,
            "revenue": 8004000,
            "revenue_4q": null,
            "common_shares": 234000,
            "book_valuer_per_share": 9.32,
            "book_valuer_per_share_4q_avg": 8.98,
            "equity": 10898000,
            "current_ratio": null,
            "debt_ratio": 92.27,
            "inventory_turnover_ratio": null,
            "account_receivable_turnover_ratio": null,
            "reinvestment_rate": null,
            "research_to_sale_ratio": null,
            "price_fair": 66.88,
            "eps_avg_yearly": 2.81,
            "eps_latest_yearly": 3.68,
            "eps_growth_yearly": 13.78
        },
        "20074": {
            "year_quarter": 20074,
            "year": 2007,
            "quarter": 4,
            "eps": 0.73,
            "eps_growth_year": -0.39,
            "eps_4q": 3.43,
            "eps_4q_growth_year": 15.47,
            "roe": 7.83,
            "roe_4q": 38.62,
            "gross_profit": null,
            "gross_margin": null,
            "gross_margin_4q_avg": 0,
            "net_income": 858000,
            "net_income_4q": null,
            "revenue": 8415000,
            "revenue_4q": null,
            "common_shares": 232000,
            "book_valuer_per_share": 9.52,
            "book_valuer_per_share_4q_avg": 9.17,
            "equity": 11029000,
            "current_ratio": null,
            "debt_ratio": 92.63,
            "inventory_turnover_ratio": null,
            "account_receivable_turnover_ratio": null,
            "reinvestment_rate": null,
            "research_to_sale_ratio": null,
            "price_fair": 51.75,
            "eps_avg_yearly": 2.85,
            "eps_latest_yearly": 2.92,
            "eps_growth_yearly": 8.19
        },
        "20081": {
            "year_quarter": 20081,
            "year": 2008,
            "quarter": 1,
            "eps": 0.89,
            "eps_growth_year": -1.82,
            "eps_4q": 3.41,
            "eps_4q_growth_year": 7.24,
            "roe": 9.26,
            "roe_4q": 37.41,
            "gross_profit": null,
            "gross_margin": null,
            "gross_margin_4q_avg": 0,
            "net_income": 1044000,
            "net_income_4q": null,
            "revenue": 8211000,
            "revenue_4q": null,
            "common_shares": 232000,
            "book_valuer_per_share": 9.94,
            "book_valuer_per_share_4q_avg": 9.45,
            "equity": 11511000,
            "current_ratio": null,
            "debt_ratio": 91.49,
            "inventory_turnover_ratio": null,
            "account_receivable_turnover_ratio": null,
            "reinvestment_rate": null,
            "research_to_sale_ratio": null,
            "price_fair": 61.45,
            "eps_avg_yearly": 2.9,
            "eps_latest_yearly": 3.56,
            "eps_growth_yearly": 11.17
        },
        "20082": {
            "year_quarter": 20082,
            "year": 2008,
            "quarter": 2,
            "eps": 0.56,
            "eps_growth_year": -35.03,
            "eps_4q": 3.11,
            "eps_4q_growth_year": -4.92,
            "roe": 5.55,
            "roe_4q": 33.06,
            "gross_profit": null,
            "gross_margin": null,
            "gross_margin_4q_avg": 0,
            "net_income": 660000,
            "net_income_4q": null,
            "revenue": 8358000,
            "revenue_4q": null,
            "common_shares": 232000,
            "book_valuer_per_share": 10.59,
            "book_valuer_per_share_4q_avg": 9.84,
            "equity": 12269000,
            "current_ratio": null,
            "debt_ratio": 91.07,
            "inventory_turnover_ratio": null,
            "account_receivable_turnover_ratio": null,
            "reinvestment_rate": null,
            "research_to_sale_ratio": null,
            "price_fair": 32.01,
            "eps_avg_yearly": 2.87,
            "eps_latest_yearly": 2.24,
            "eps_growth_yearly": 1.14
        },
        "20083": {
            "year_quarter": 20083,
            "year": 2008,
            "quarter": 3,
            "eps": 0.74,
            "eps_growth_year": -20.02,
            "eps_4q": 2.92,
            "eps_4q_growth_year": -14.82,
            "roe": 6.95,
            "roe_4q": 29.589999999999996,
            "gross_profit": null,
            "gross_margin": null,
            "gross_margin_4q_avg": 0,
            "net_income": 861000,
            "net_income_4q": null,
            "revenue": 8048000,
            "revenue_4q": null,
            "common_shares": 232000,
            "book_valuer_per_share": 10.79,
            "book_valuer_per_share_4q_avg": 10.21,
            "equity": 12519000,
            "current_ratio": null,
            "debt_ratio": 90.16,
            "inventory_turnover_ratio": null,
            "account_receivable_turnover_ratio": null,
            "reinvestment_rate": null,
            "research_to_sale_ratio": null,
            "price_fair": 69.96,
            "eps_avg_yearly": 2.92,
            "eps_latest_yearly": 2.96,
            "eps_growth_yearly": 13.96
        },
        "20084": {
            "year_quarter": 20084,
            "year": 2008,
            "quarter": 4,
            "eps": 0.26,
            "eps_growth_year": -63.74,
            "eps_4q": 2.46,
            "eps_4q_growth_year": -28.28,
            "roe": 2.51,
            "roe_4q": 24.270000000000003,
            "gross_profit": null,
            "gross_margin": null,
            "gross_margin_4q_avg": 0,
            "net_income": 306000,
            "net_income_4q": null,
            "revenue": 7303000,
            "revenue_4q": null,
            "common_shares": 232000,
            "book_valuer_per_share": 10.21,
            "book_valuer_per_share_4q_avg": 10.38,
            "equity": 11841000,
            "current_ratio": null,
            "debt_ratio": 90.61,
            "inventory_turnover_ratio": null,
            "account_receivable_turnover_ratio": null,
            "reinvestment_rate": null,
            "research_to_sale_ratio": null,
            "price_fair": 8.57,
            "eps_avg_yearly": 2.86,
            "eps_latest_yearly": 1.04,
            "eps_growth_yearly": -0.89
        },
        "20091": {
            "year_quarter": 20091,
            "year": 2009,
            "quarter": 1,
            "eps": 0.32,
            "eps_growth_year": -64.43,
            "eps_4q": 1.89,
            "eps_4q_growth_year": -44.78,
            "roe": 3.21,
            "roe_4q": 18.22,
            "gross_profit": null,
            "gross_margin": null,
            "gross_margin_4q_avg": 0,
            "net_income": 443000,
            "net_income_4q": null,
            "revenue": 6481000,
            "revenue_4q": null,
            "common_shares": 235000,
            "book_valuer_per_share": 10.8,
            "book_valuer_per_share_4q_avg": 10.6,
            "equity": 15780000,
            "current_ratio": null,
            "debt_ratio": 86.98,
            "inventory_turnover_ratio": null,
            "account_receivable_turnover_ratio": null,
            "reinvestment_rate": null,
            "research_to_sale_ratio": null,
            "price_fair": 32.08,
            "eps_avg_yearly": 2.79,
            "eps_latest_yearly": 1.28,
            "eps_growth_yearly": 1.51
        },
        "20092": {
            "year_quarter": 20092,
            "year": 2009,
            "quarter": 2,
            "eps": 0.09,
            "eps_growth_year": -83.74,
            "eps_4q": 1.41,
            "eps_4q_growth_year": -54.58,
            "roe": 2.34,
            "roe_4q": 15.009999999999998,
            "gross_profit": null,
            "gross_margin": null,
            "gross_margin_4q_avg": 0,
            "net_income": 342000,
            "net_income_4q": null,
            "revenue": 6639000,
            "revenue_4q": null,
            "common_shares": 239000,
            "book_valuer_per_share": 11.29,
            "book_valuer_per_share_4q_avg": 10.77,
            "equity": 13420000,
            "current_ratio": null,
            "debt_ratio": 88.53,
            "inventory_turnover_ratio": null,
            "account_receivable_turnover_ratio": null,
            "reinvestment_rate": null,
            "research_to_sale_ratio": null,
            "price_fair": 7.91,
            "eps_avg_yearly": 2.64,
            "eps_latest_yearly": 0.36,
            "eps_growth_yearly": -20.7
        },
        "20093": {
            "year_quarter": 20093,
            "year": 2009,
            "quarter": 3,
            "eps": 0.54,
            "eps_growth_year": -27.38,
            "eps_4q": 1.21,
            "eps_4q_growth_year": -58.62,
            "roe": 4.69,
            "roe_4q": 12.75,
            "gross_profit": null,
            "gross_margin": null,
            "gross_margin_4q_avg": 0,
            "net_income": 642000,
            "net_income_4q": null,
            "revenue": 6559000,
            "revenue_4q": null,
            "common_shares": 237000,
            "book_valuer_per_share": 11.73,
            "book_valuer_per_share_4q_avg": 11.01,
            "equity": 13943000,
            "current_ratio": null,
            "debt_ratio": 88.42,
            "inventory_turnover_ratio": null,
            "account_receivable_turnover_ratio": null,
            "reinvestment_rate": null,
            "research_to_sale_ratio": null,
            "price_fair": 91,
            "eps_avg_yearly": 2.6,
            "eps_latest_yearly": 2.16,
            "eps_growth_yearly": 104.3
        },
        "20094": {
            "year_quarter": 20094,
            "year": 2009,
            "quarter": 4,
            "eps": 0.59,
            "eps_growth_year": 124.21,
            "eps_4q": 1.54,
            "eps_4q_growth_year": -37.49,
            "roe": 5.01,
            "roe_4q": 15.25,
            "gross_profit": null,
            "gross_margin": null,
            "gross_margin_4q_avg": 0,
            "net_income": 710000,
            "net_income_4q": null,
            "revenue": 7051000,
            "revenue_4q": null,
            "common_shares": 237000,
            "book_valuer_per_share": 12.09,
            "book_valuer_per_share_4q_avg": 11.48,
            "equity": 14406000,
            "current_ratio": null,
            "debt_ratio": 88.49,
            "inventory_turnover_ratio": null,
            "account_receivable_turnover_ratio": null,
            "reinvestment_rate": null,
            "research_to_sale_ratio": null,
            "price_fair": 90.91,
            "eps_avg_yearly": 2.6,
            "eps_latest_yearly": 2.36,
            "eps_growth_yearly": 109.88
        },
        "20101": {
            "year_quarter": 20101,
            "year": 2010,
            "quarter": 1,
            "eps": 0.73,
            "eps_growth_year": 130.89,
            "eps_4q": 1.95,
            "eps_4q_growth_year": 3.61,
            "roe": 6.36,
            "roe_4q": 18.400000000000002,
            "gross_profit": null,
            "gross_margin": null,
            "gross_margin_4q_avg": 0,
            "net_income": 885000,
            "net_income_4q": null,
            "revenue": 7158000,
            "revenue_4q": null,
            "common_shares": 238000,
            "book_valuer_per_share": 11.21,
            "book_valuer_per_share_4q_avg": 11.58,
            "equity": 13425000,
            "current_ratio": null,
            "debt_ratio": 90.63,
            "inventory_turnover_ratio": null,
            "account_receivable_turnover_ratio": null,
            "reinvestment_rate": null,
            "research_to_sale_ratio": null,
            "price_fair": 91.18,
            "eps_avg_yearly": 2.61,
            "eps_latest_yearly": 2.92,
            "eps_growth_yearly": 111.65
        },
        "20102": {
            "year_quarter": 20102,
            "year": 2010,
            "quarter": 2,
            "eps": 0.84,
            "eps_growth_year": 813.18,
            "eps_4q": 2.7,
            "eps_4q_growth_year": 91.18,
            "roe": 7.28,
            "roe_4q": 23.34,
            "gross_profit": null,
            "gross_margin": null,
            "gross_margin_4q_avg": 0,
            "net_income": 1017000,
            "net_income_4q": null,
            "revenue": 7415000,
            "revenue_4q": null,
            "common_shares": 239000,
            "book_valuer_per_share": 12.07,
            "book_valuer_per_share_4q_avg": 11.78,
            "equity": 14513000,
            "current_ratio": null,
            "debt_ratio": 89.9,
            "inventory_turnover_ratio": null,
            "account_receivable_turnover_ratio": null,
            "reinvestment_rate": null,
            "research_to_sale_ratio": null,
            "price_fair": 91.7,
            "eps_avg_yearly": 2.62,
            "eps_latest_yearly": 3.36,
            "eps_growth_yearly": 112.56
        },
        "20103": {
            "year_quarter": 20103,
            "year": 2010,
            "quarter": 3,
            "eps": 0.9,
            "eps_growth_year": 67.79,
            "eps_4q": 3.06,
            "eps_4q_growth_year": 153.22,
            "roe": 7.18,
            "roe_4q": 25.83,
            "gross_profit": null,
            "gross_margin": null,
            "gross_margin_4q_avg": 0,
            "net_income": 1093000,
            "net_income_4q": null,
            "revenue": 7583000,
            "revenue_4q": null,
            "common_shares": 240000,
            "book_valuer_per_share": 13.22,
            "book_valuer_per_share_4q_avg": 12.15,
            "equity": 15920000,
            "current_ratio": null,
            "debt_ratio": 89.1,
            "inventory_turnover_ratio": null,
            "account_receivable_turnover_ratio": null,
            "reinvestment_rate": null,
            "research_to_sale_ratio": null,
            "price_fair": 92.93,
            "eps_avg_yearly": 2.66,
            "eps_latest_yearly": 3.6,
            "eps_growth_yearly": 114.98
        },
        "20104": {
            "year_quarter": 20104,
            "year": 2010,
            "quarter": 4,
            "eps": 0.88,
            "eps_growth_year": 48.53,
            "eps_4q": 3.35,
            "eps_4q_growth_year": 117.91,
            "roe": 6.61,
            "roe_4q": 27.43,
            "gross_profit": null,
            "gross_margin": null,
            "gross_margin_4q_avg": 0,
            "net_income": 1062000,
            "net_income_4q": null,
            "revenue": 7849000,
            "revenue_4q": null,
            "common_shares": 238000,
            "book_valuer_per_share": 13.56,
            "book_valuer_per_share_4q_avg": 12.52,
            "equity": 16230000,
            "current_ratio": null,
            "debt_ratio": 88.94,
            "inventory_turnover_ratio": null,
            "account_receivable_turnover_ratio": null,
            "reinvestment_rate": null,
            "research_to_sale_ratio": null,
            "price_fair": 94.24,
            "eps_avg_yearly": 2.69,
            "eps_latest_yearly": 3.52,
            "eps_growth_yearly": 115.41
        },
        "20111": {
            "year_quarter": 20111,
            "year": 2011,
            "quarter": 1,
            "eps": 0.97,
            "eps_growth_year": 32.44,
            "eps_4q": 3.59,
            "eps_4q_growth_year": 83.73,
            "roe": 6.98,
            "roe_4q": 28.05,
            "gross_profit": null,
            "gross_margin": null,
            "gross_margin_4q_avg": 0,
            "net_income": 1177000,
            "net_income_4q": null,
            "revenue": 7624000,
            "revenue_4q": null,
            "common_shares": 240000,
            "book_valuer_per_share": 14.54,
            "book_valuer_per_share_4q_avg": 13.35,
            "equity": 17482000,
            "current_ratio": null,
            "debt_ratio": 87.86,
            "inventory_turnover_ratio": null,
            "account_receivable_turnover_ratio": null,
            "reinvestment_rate": null,
            "research_to_sale_ratio": null,
            "price_fair": 94.76,
            "eps_avg_yearly": 2.71,
            "eps_latest_yearly": 3.88,
            "eps_growth_yearly": 111.81
        },
        "20112": {
            "year_quarter": 20112,
            "year": 2011,
            "quarter": 2,
            "eps": 1.07,
            "eps_growth_year": 27.49,
            "eps_4q": 3.82,
            "eps_4q_growth_year": 41.46,
            "roe": 7.26,
            "roe_4q": 28.03,
            "gross_profit": null,
            "gross_margin": null,
            "gross_margin_4q_avg": 0,
            "net_income": 1295000,
            "net_income_4q": null,
            "revenue": 8195000,
            "revenue_4q": null,
            "common_shares": 238000,
            "book_valuer_per_share": 15.26,
            "book_valuer_per_share_4q_avg": 14.15,
            "equity": 18205000,
            "current_ratio": null,
            "debt_ratio": 87.68,
            "inventory_turnover_ratio": null,
            "account_receivable_turnover_ratio": null,
            "reinvestment_rate": null,
            "research_to_sale_ratio": null,
            "price_fair": 96.51,
            "eps_avg_yearly": 2.76,
            "eps_latest_yearly": 4.28,
            "eps_growth_yearly": 115.48
        },
        "20113": {
            "year_quarter": 20113,
            "year": 2011,
            "quarter": 3,
            "eps": 1.03,
            "eps_growth_year": 14.68,
            "eps_4q": 3.95,
            "eps_4q_growth_year": 28.98,
            "roe": 6.8,
            "roe_4q": 27.65,
            "gross_profit": null,
            "gross_margin": null,
            "gross_margin_4q_avg": 0,
            "net_income": 1235000,
            "net_income_4q": null,
            "revenue": 8146000,
            "revenue_4q": null,
            "common_shares": 233000,
            "book_valuer_per_share": 15.48,
            "book_valuer_per_share_4q_avg": 14.71,
            "equity": 18100000,
            "current_ratio": null,
            "debt_ratio": 87.83,
            "inventory_turnover_ratio": null,
            "account_receivable_turnover_ratio": null,
            "reinvestment_rate": null,
            "research_to_sale_ratio": null,
            "price_fair": 97.48,
            "eps_avg_yearly": 2.79,
            "eps_latest_yearly": 4.12,
            "eps_growth_yearly": 113.11
        },
        "20114": {
            "year_quarter": 20114,
            "year": 2011,
            "quarter": 4,
            "eps": 1.01,
            "eps_growth_year": 15.18,
            "eps_4q": 4.09,
            "eps_4q_growth_year": 21.9,
            "roe": 6.46,
            "roe_4q": 27.5,
            "gross_profit": null,
            "gross_margin": null,
            "gross_margin_4q_avg": 0,
            "net_income": 1192000,
            "net_income_4q": null,
            "revenue": 8317000,
            "revenue_4q": null,
            "common_shares": 232000,
            "book_valuer_per_share": 16.15,
            "book_valuer_per_share_4q_avg": 15.36,
            "equity": 18794000,
            "current_ratio": null,
            "debt_ratio": 87.74,
            "inventory_turnover_ratio": null,
            "account_receivable_turnover_ratio": null,
            "reinvestment_rate": null,
            "research_to_sale_ratio": null,
            "price_fair": 99.93,
            "eps_avg_yearly": 2.86,
            "eps_latest_yearly": 4.04,
            "eps_growth_yearly": 117.79
        },
        "20121": {
            "year_quarter": 20121,
            "year": 2012,
            "quarter": 1,
            "eps": 1.07,
            "eps_growth_year": 9.72,
            "eps_4q": 4.18,
            "eps_4q_growth_year": 16.46,
            "roe": 6.49,
            "roe_4q": 27.009999999999998,
            "gross_profit": null,
            "gross_margin": null,
            "gross_margin_4q_avg": 0,
            "net_income": 1256000,
            "net_income_4q": null,
            "revenue": 8161000,
            "revenue_4q": null,
            "common_shares": 233000,
            "book_valuer_per_share": 17.07,
            "book_valuer_per_share_4q_avg": 15.99,
            "equity": 19907000,
            "current_ratio": null,
            "debt_ratio": 86.88,
            "inventory_turnover_ratio": null,
            "account_receivable_turnover_ratio": null,
            "reinvestment_rate": null,
            "research_to_sale_ratio": null,
            "price_fair": 101.5,
            "eps_avg_yearly": 2.9,
            "eps_latest_yearly": 4.28,
            "eps_growth_yearly": 113.79
        },
        "20122": {
            "year_quarter": 20122,
            "year": 2012,
            "quarter": 2,
            "eps": 1.15,
            "eps_growth_year": 7.56,
            "eps_4q": 4.26,
            "eps_4q_growth_year": 11.54,
            "roe": 6.84,
            "roe_4q": 26.59,
            "gross_profit": null,
            "gross_margin": null,
            "gross_margin_4q_avg": 0,
            "net_income": 1339000,
            "net_income_4q": null,
            "revenue": 8515000,
            "revenue_4q": null,
            "common_shares": 228000,
            "book_valuer_per_share": 16.92,
            "book_valuer_per_share_4q_avg": 16.41,
            "equity": 19267000,
            "current_ratio": null,
            "debt_ratio": 86.99,
            "inventory_turnover_ratio": null,
            "account_receivable_turnover_ratio": null,
            "reinvestment_rate": null,
            "research_to_sale_ratio": null,
            "price_fair": 106.66,
            "eps_avg_yearly": 3.05,
            "eps_latest_yearly": 4.6,
            "eps_growth_yearly": 124.93
        },
        "20123": {
            "year_quarter": 20123,
            "year": 2012,
            "quarter": 3,
            "eps": 1.09,
            "eps_growth_year": 5.7,
            "eps_4q": 4.32,
            "eps_4q_growth_year": 9.3,
            "roe": 6.45,
            "roe_4q": 26.240000000000002,
            "gross_profit": null,
            "gross_margin": null,
            "gross_margin_4q_avg": 0,
            "net_income": 1250000,
            "net_income_4q": null,
            "revenue": 8420000,
            "revenue_4q": null,
            "common_shares": 224000,
            "book_valuer_per_share": 17.36,
            "book_valuer_per_share_4q_avg": 16.88,
            "equity": 19478000,
            "current_ratio": null,
            "debt_ratio": 87.26,
            "inventory_turnover_ratio": null,
            "account_receivable_turnover_ratio": null,
            "reinvestment_rate": null,
            "research_to_sale_ratio": null,
            "price_fair": 109.73,
            "eps_avg_yearly": 3.14,
            "eps_latest_yearly": 4.36,
            "eps_growth_yearly": 115.59
        },
        "20124": {
            "year_quarter": 20124,
            "year": 2012,
            "quarter": 4,
            "eps": 0.56,
            "eps_growth_year": -44.27,
            "eps_4q": 3.87,
            "eps_4q_growth_year": -5.24,
            "roe": 3.32,
            "roe_4q": 23.1,
            "gross_profit": null,
            "gross_margin": null,
            "gross_margin_4q_avg": 0,
            "net_income": 637000,
            "net_income_4q": null,
            "revenue": 8685000,
            "revenue_4q": null,
            "common_shares": 221000,
            "book_valuer_per_share": 17.09,
            "book_valuer_per_share_4q_avg": 17.11,
            "equity": 18886000,
            "current_ratio": null,
            "debt_ratio": 87.67,
            "inventory_turnover_ratio": null,
            "account_receivable_turnover_ratio": null,
            "reinvestment_rate": null,
            "research_to_sale_ratio": null,
            "price_fair": 112.35,
            "eps_avg_yearly": 3.21,
            "eps_latest_yearly": 2.24,
            "eps_growth_yearly": 119.65
        },
        "20131": {
            "year_quarter": 20131,
            "year": 2013,
            "quarter": 1,
            "eps": 1.15,
            "eps_growth_year": 7.72,
            "eps_4q": 3.95,
            "eps_4q_growth_year": -5.42,
            "roe": 6.71,
            "roe_4q": 23.32,
            "gross_profit": null,
            "gross_margin": null,
            "gross_margin_4q_avg": 0,
            "net_income": 1280000,
            "net_income_4q": null,
            "revenue": 7995000,
            "revenue_4q": null,
            "common_shares": 220000,
            "book_valuer_per_share": 17.57,
            "book_valuer_per_share_4q_avg": 17.24,
            "equity": 19290000,
            "current_ratio": null,
            "debt_ratio": 87.7,
            "inventory_turnover_ratio": null,
            "account_receivable_turnover_ratio": null,
            "reinvestment_rate": null,
            "research_to_sale_ratio": null,
            "price_fair": 119.61,
            "eps_avg_yearly": 3.42,
            "eps_latest_yearly": 4.6,
            "eps_growth_yearly": 140.22
        },
        "20132": {
            "year_quarter": 20132,
            "year": 2013,
            "quarter": 2,
            "eps": 1.32,
            "eps_growth_year": 14.51,
            "eps_4q": 4.12,
            "eps_4q_growth_year": -3.3,
            "roe": 7.33,
            "roe_4q": 23.81,
            "gross_profit": null,
            "gross_margin": null,
            "gross_margin_4q_avg": 0,
            "net_income": 1405000,
            "net_income_4q": null,
            "revenue": 8352000,
            "revenue_4q": null,
            "common_shares": 217000,
            "book_valuer_per_share": 17.56,
            "book_valuer_per_share_4q_avg": 17.4,
            "equity": 19034000,
            "current_ratio": null,
            "debt_ratio": 87.47,
            "inventory_turnover_ratio": null,
            "account_receivable_turnover_ratio": null,
            "reinvestment_rate": null,
            "research_to_sale_ratio": null,
            "price_fair": 130.38,
            "eps_avg_yearly": 3.73,
            "eps_latest_yearly": 5.28,
            "eps_growth_yearly": 161.89
        },
        "20133": {
            "year_quarter": 20133,
            "year": 2013,
            "quarter": 3,
            "eps": 1.3,
            "eps_growth_year": 18.93,
            "eps_4q": 4.33,
            "eps_4q_growth_year": 0.17,
            "roe": 7.14,
            "roe_4q": 24.5,
            "gross_profit": null,
            "gross_margin": null,
            "gross_margin_4q_avg": 0,
            "net_income": 1366000,
            "net_income_4q": null,
            "revenue": 8412000,
            "revenue_4q": null,
            "common_shares": 215000,
            "book_valuer_per_share": 17.94,
            "book_valuer_per_share_4q_avg": 17.54,
            "equity": 19216000,
            "current_ratio": null,
            "debt_ratio": 87.2,
            "inventory_turnover_ratio": null,
            "account_receivable_turnover_ratio": null,
            "reinvestment_rate": null,
            "research_to_sale_ratio": null,
            "price_fair": 137.03,
            "eps_avg_yearly": 3.92,
            "eps_latest_yearly": 5.2,
            "eps_growth_yearly": 36.51
        },
        "20134": {
            "year_quarter": 20134,
            "year": 2013,
            "quarter": 4,
            "eps": 1.24,
            "eps_growth_year": 119.26,
            "eps_4q": 5,
            "eps_4q_growth_year": 29.16,
            "roe": 6.76,
            "roe_4q": 27.939999999999998,
            "gross_profit": null,
            "gross_margin": null,
            "gross_margin_4q_avg": 0,
            "net_income": 1308000,
            "net_income_4q": null,
            "revenue": 8657000,
            "revenue_4q": null,
            "common_shares": 213000,
            "book_valuer_per_share": 18.32,
            "book_valuer_per_share_4q_avg": 17.85,
            "equity": 19496000,
            "current_ratio": null,
            "debt_ratio": 87.29,
            "inventory_turnover_ratio": null,
            "account_receivable_turnover_ratio": null,
            "reinvestment_rate": null,
            "research_to_sale_ratio": null,
            "price_fair": 142.71,
            "eps_avg_yearly": 4.08,
            "eps_latest_yearly": 4.96,
            "eps_growth_yearly": 33.04
        },
        "20141": {
            "year_quarter": 20141,
            "year": 2014,
            "quarter": 1,
            "eps": 1.38,
            "eps_growth_year": 20.44,
            "eps_4q": 5.24,
            "eps_4q_growth_year": 32.41,
            "roe": 7.26,
            "roe_4q": 28.490000000000002,
            "gross_profit": null,
            "gross_margin": null,
            "gross_margin_4q_avg": 0,
            "net_income": 1432000,
            "net_income_4q": null,
            "revenue": 8267000,
            "revenue_4q": null,
            "common_shares": 212000,
            "book_valuer_per_share": 18.86,
            "book_valuer_per_share_4q_avg": 18.17,
            "equity": 19977000,
            "current_ratio": null,
            "debt_ratio": 86.81,
            "inventory_turnover_ratio": null,
            "account_receivable_turnover_ratio": null,
            "reinvestment_rate": null,
            "research_to_sale_ratio": null,
            "price_fair": 148.4,
            "eps_avg_yearly": 4.24,
            "eps_latest_yearly": 5.52,
            "eps_growth_yearly": 29.93
        },
        "20142": {
            "year_quarter": 20142,
            "year": 2014,
            "quarter": 2,
            "eps": 1.11,
            "eps_growth_year": -16,
            "eps_4q": 5.02,
            "eps_4q_growth_year": 21.93,
            "roe": 7.61,
            "roe_4q": 28.770000000000003,
            "gross_profit": null,
            "gross_margin": null,
            "gross_margin_4q_avg": 0,
            "net_income": 1529000,
            "net_income_4q": null,
            "revenue": 8722000,
            "revenue_4q": null,
            "common_shares": 210000,
            "book_valuer_per_share": 19.32,
            "book_valuer_per_share_4q_avg": 18.61,
            "equity": 20213000,
            "current_ratio": null,
            "debt_ratio": 86.74,
            "inventory_turnover_ratio": null,
            "account_receivable_turnover_ratio": null,
            "reinvestment_rate": null,
            "research_to_sale_ratio": null,
            "price_fair": 134.7,
            "eps_avg_yearly": 4.31,
            "eps_latest_yearly": 4.44,
            "eps_growth_yearly": 21.27
        },
        "20143": {
            "year_quarter": 20143,
            "year": 2014,
            "quarter": 3,
            "eps": 1.45,
            "eps_growth_year": 11.74,
            "eps_4q": 5.18,
            "eps_4q_growth_year": 19.63,
            "roe": 7.31,
            "roe_4q": 28.939999999999998,
            "gross_profit": null,
            "gross_margin": null,
            "gross_margin_4q_avg": 0,
            "net_income": 1477000,
            "net_income_4q": null,
            "revenue": 8394000,
            "revenue_4q": null,
            "common_shares": 207000,
            "book_valuer_per_share": 19.53,
            "book_valuer_per_share_4q_avg": 19.01,
            "equity": 20216000,
            "current_ratio": null,
            "debt_ratio": 86.86,
            "inventory_turnover_ratio": null,
            "account_receivable_turnover_ratio": null,
            "reinvestment_rate": null,
            "research_to_sale_ratio": null,
            "price_fair": 155.58,
            "eps_avg_yearly": 4.45,
            "eps_latest_yearly": 5.8,
            "eps_growth_yearly": 27.14
        },
        "20144": {
            "year_quarter": 20144,
            "year": 2014,
            "quarter": 4,
            "eps": 1.45,
            "eps_growth_year": 17.29,
            "eps_4q": 5.39,
            "eps_4q_growth_year": 7.8,
            "roe": 7.08,
            "roe_4q": 29.259999999999998,
            "gross_profit": null,
            "gross_margin": null,
            "gross_margin_4q_avg": 0,
            "net_income": 1447000,
            "net_income_4q": null,
            "revenue": 9178000,
            "revenue_4q": null,
            "common_shares": 205000,
            "book_valuer_per_share": 20.21,
            "book_valuer_per_share_4q_avg": 19.48,
            "equity": 20673000,
            "current_ratio": null,
            "debt_ratio": 87.01,
            "inventory_turnover_ratio": null,
            "account_receivable_turnover_ratio": null,
            "reinvestment_rate": null,
            "research_to_sale_ratio": null,
            "price_fair": 160.56,
            "eps_avg_yearly": 4.59,
            "eps_latest_yearly": 5.8,
            "eps_growth_yearly": 27.7
        },
        "20151": {
            "year_quarter": 20151,
            "year": 2015,
            "quarter": 1,
            "eps": 1.54,
            "eps_growth_year": 11.75,
            "eps_4q": 5.55,
            "eps_4q_growth_year": 6.08,
            "roe": 7.18,
            "roe_4q": 29.18,
            "gross_profit": null,
            "gross_margin": null,
            "gross_margin_4q_avg": 0,
            "net_income": 1525000,
            "net_income_4q": null,
            "revenue": 8053000,
            "revenue_4q": null,
            "common_shares": 204000,
            "book_valuer_per_share": 21.49,
            "book_valuer_per_share_4q_avg": 20.14,
            "equity": 21830000,
            "current_ratio": null,
            "debt_ratio": 85.89,
            "inventory_turnover_ratio": null,
            "account_receivable_turnover_ratio": null,
            "reinvestment_rate": null,
            "research_to_sale_ratio": null,
            "price_fair": 165.55,
            "eps_avg_yearly": 4.73,
            "eps_latest_yearly": 6.16,
            "eps_growth_yearly": 26.69
        },
        "20152": {
            "year_quarter": 20152,
            "year": 2015,
            "quarter": 2,
            "eps": 1.48,
            "eps_growth_year": 33.56,
            "eps_4q": 5.92,
            "eps_4q_growth_year": 17.92,
            "roe": 6.74,
            "roe_4q": 28.31,
            "gross_profit": null,
            "gross_margin": null,
            "gross_margin_4q_avg": 0,
            "net_income": 1473000,
            "net_income_4q": null,
            "revenue": 8393000,
            "revenue_4q": null,
            "common_shares": 201000,
            "book_valuer_per_share": 21.84,
            "book_valuer_per_share_4q_avg": 20.77,
            "equity": 21885000,
            "current_ratio": null,
            "debt_ratio": 86.07,
            "inventory_turnover_ratio": null,
            "account_receivable_turnover_ratio": null,
            "reinvestment_rate": null,
            "research_to_sale_ratio": null,
            "price_fair": 160.16,
            "eps_avg_yearly": 4.83,
            "eps_latest_yearly": 5.92,
            "eps_growth_yearly": 23.14
        },
        "20153": {
            "year_quarter": 20153,
            "year": 2015,
            "quarter": 3,
            "eps": 1.28,
            "eps_growth_year": -11.81,
            "eps_4q": 5.75,
            "eps_4q_growth_year": 11.13,
            "roe": 5.86,
            "roe_4q": 26.86,
            "gross_profit": null,
            "gross_margin": null,
            "gross_margin_4q_avg": 0,
            "net_income": 1266000,
            "net_income_4q": null,
            "revenue": 8318000,
            "revenue_4q": null,
            "common_shares": 197000,
            "book_valuer_per_share": 21.66,
            "book_valuer_per_share_4q_avg": 21.3,
            "equity": 21335000,
            "current_ratio": null,
            "debt_ratio": 86.17,
            "inventory_turnover_ratio": null,
            "account_receivable_turnover_ratio": null,
            "reinvestment_rate": null,
            "research_to_sale_ratio": null,
            "price_fair": 150.27,
            "eps_avg_yearly": 4.9,
            "eps_latest_yearly": 5.12,
            "eps_growth_yearly": 20.7
        },
        "20154": {
            "year_quarter": 20154,
            "year": 2015,
            "quarter": 4,
            "eps": 1.17,
            "eps_growth_year": -19.22,
            "eps_4q": 5.47,
            "eps_4q_growth_year": 1.54,
            "roe": 4.28,
            "roe_4q": 24.060000000000002,
            "gross_profit": null,
            "gross_margin": null,
            "gross_margin_4q_avg": 0,
            "net_income": 899000,
            "net_income_4q": null,
            "revenue": 8529000,
            "revenue_4q": null,
            "common_shares": 194000,
            "book_valuer_per_share": 21.33,
            "book_valuer_per_share_4q_avg": 21.58,
            "equity": 20673000,
            "current_ratio": null,
            "debt_ratio": 87.17,
            "inventory_turnover_ratio": null,
            "account_receivable_turnover_ratio": null,
            "reinvestment_rate": null,
            "research_to_sale_ratio": null,
            "price_fair": 143.29,
            "eps_avg_yearly": 4.94,
            "eps_latest_yearly": 4.68,
            "eps_growth_yearly": 19.04
        },
        "20161": {
            "year_quarter": 20161,
            "year": 2016,
            "quarter": 1,
            "eps": 1.4,
            "eps_growth_year": -9.3,
            "eps_4q": 5.33,
            "eps_4q_growth_year": -4.01,
            "roe": 6.89,
            "roe_4q": 23.770000000000003,
            "gross_profit": null,
            "gross_margin": null,
            "gross_margin_4q_avg": 0,
            "net_income": 1426000,
            "net_income_4q": null,
            "revenue": 8238000,
            "revenue_4q": null,
            "common_shares": 191000,
            "book_valuer_per_share": 21.79,
            "book_valuer_per_share_4q_avg": 21.66,
            "equity": 20727000,
            "current_ratio": null,
            "debt_ratio": 86.95,
            "inventory_turnover_ratio": null,
            "account_receivable_turnover_ratio": null,
            "reinvestment_rate": null,
            "research_to_sale_ratio": null,
            "price_fair": 162.9,
            "eps_avg_yearly": 5.02,
            "eps_latest_yearly": 5.6,
            "eps_growth_yearly": 22.47
        },
        "20162": {
            "year_quarter": 20162,
            "year": 2016,
            "quarter": 2,
            "eps": 1.37,
            "eps_growth_year": -7.35,
            "eps_4q": 5.22,
            "eps_4q_growth_year": -11.86,
            "roe": 9.73,
            "roe_4q": 26.76,
            "gross_profit": null,
            "gross_margin": null,
            "gross_margin_4q_avg": 0,
            "net_income": 2015000,
            "net_income_4q": null,
            "revenue": 8385000,
            "revenue_4q": null,
            "common_shares": 185000,
            "book_valuer_per_share": 22.39,
            "book_valuer_per_share_4q_avg": 21.79,
            "equity": 20712000,
            "current_ratio": null,
            "debt_ratio": 87.03,
            "inventory_turnover_ratio": null,
            "account_receivable_turnover_ratio": null,
            "reinvestment_rate": null,
            "research_to_sale_ratio": null,
            "price_fair": 152.48,
            "eps_avg_yearly": 5.07,
            "eps_latest_yearly": 5.48,
            "eps_growth_yearly": 20.06
        },
        "20163": {
            "year_quarter": 20163,
            "year": 2016,
            "quarter": 3,
            "eps": 1.25,
            "eps_growth_year": -2.12,
            "eps_4q": 5.2,
            "eps_4q_growth_year": -9.71,
            "roe": 5.47,
            "roe_4q": 26.37,
            "gross_profit": null,
            "gross_margin": null,
            "gross_margin_4q_avg": 0,
            "net_income": 1142000,
            "net_income_4q": null,
            "revenue": 7924000,
            "revenue_4q": null,
            "common_shares": 184000,
            "book_valuer_per_share": 22.92,
            "book_valuer_per_share_4q_avg": 22.11,
            "equity": 21017000,
            "current_ratio": null,
            "debt_ratio": 86.3,
            "inventory_turnover_ratio": null,
            "account_receivable_turnover_ratio": null,
            "reinvestment_rate": null,
            "research_to_sale_ratio": null,
            "price_fair": 149.16,
            "eps_avg_yearly": 5.11,
            "eps_latest_yearly": 5,
            "eps_growth_yearly": 19.18
        },
        "20164": {
            "year_quarter": 20164,
            "year": 2016,
            "quarter": 4,
            "eps": 0.7,
            "eps_growth_year": -40.46,
            "eps_4q": 4.72,
            "eps_4q_growth_year": -13.77,
            "roe": 3.82,
            "roe_4q": 25.91,
            "gross_profit": null,
            "gross_margin": null,
            "gross_margin_4q_avg": 0,
            "net_income": 792000,
            "net_income_4q": null,
            "revenue": 11489000,
            "revenue_4q": null,
            "common_shares": 181000,
            "book_valuer_per_share": 22.68,
            "book_valuer_per_share_4q_avg": 22.45,
            "equity": 20501000,
            "current_ratio": null,
            "debt_ratio": 87.1,
            "inventory_turnover_ratio": null,
            "account_receivable_turnover_ratio": null,
            "reinvestment_rate": null,
            "research_to_sale_ratio": null,
            "price_fair": 156.13,
            "eps_avg_yearly": 5.15,
            "eps_latest_yearly": 2.8,
            "eps_growth_yearly": 20.33
        },
        "20171": {
            "year_quarter": 20171,
            "year": 2017,
            "quarter": 1,
            "eps": 1.35,
            "eps_growth_year": -3.55,
            "eps_4q": 4.67,
            "eps_4q_growth_year": -12.38,
            "roe": 6.04,
            "roe_4q": 25.06,
            "gross_profit": null,
            "gross_margin": null,
            "gross_margin_4q_avg": 0,
            "net_income": 1251000,
            "net_income_4q": null,
            "revenue": 8858000,
            "revenue_4q": null,
            "common_shares": 179000,
            "book_valuer_per_share": 23.39,
            "book_valuer_per_share_4q_avg": 22.85,
            "equity": 20935000,
            "current_ratio": null,
            "debt_ratio": 87.03,
            "inventory_turnover_ratio": null,
            "account_receivable_turnover_ratio": null,
            "reinvestment_rate": null,
            "research_to_sale_ratio": null,
            "price_fair": 141.4,
            "eps_avg_yearly": 5.2,
            "eps_latest_yearly": 5.4,
            "eps_growth_yearly": 17.21
        },
        "20172": {
            "year_quarter": 20172,
            "year": 2017,
            "quarter": 2,
            "eps": 1.47,
            "eps_growth_year": 7.49,
            "eps_4q": 4.77,
            "eps_4q_growth_year": -8.6,
            "roe": 6.38,
            "roe_4q": 21.709999999999997,
            "gross_profit": null,
            "gross_margin": null,
            "gross_margin_4q_avg": 0,
            "net_income": 1344000,
            "net_income_4q": null,
            "revenue": 9348000,
            "revenue_4q": null,
            "common_shares": 177000,
            "book_valuer_per_share": 23.93,
            "book_valuer_per_share_4q_avg": 23.23,
            "equity": 21175000,
            "current_ratio": null,
            "debt_ratio": 87.32,
            "inventory_turnover_ratio": null,
            "account_receivable_turnover_ratio": null,
            "reinvestment_rate": null,
            "research_to_sale_ratio": null,
            "price_fair": 134.71,
            "eps_avg_yearly": 5.24,
            "eps_latest_yearly": 5.88,
            "eps_growth_yearly": 15.73
        },
        "20173": {
            "year_quarter": 20173,
            "year": 2017,
            "quarter": 3,
            "eps": 1.51,
            "eps_growth_year": 20.25,
            "eps_4q": 5.03,
            "eps_4q_growth_year": -3.24,
            "roe": 6.43,
            "roe_4q": 22.669999999999998,
            "gross_profit": null,
            "gross_margin": null,
            "gross_margin_4q_avg": 0,
            "net_income": 1359000,
            "net_income_4q": null,
            "revenue": 9503000,
            "revenue_4q": null,
            "common_shares": 175000,
            "book_valuer_per_share": 24.21,
            "book_valuer_per_share_4q_avg": 23.55,
            "equity": 21085000,
            "current_ratio": null,
            "debt_ratio": 87.49,
            "inventory_turnover_ratio": null,
            "account_receivable_turnover_ratio": null,
            "reinvestment_rate": null,
            "research_to_sale_ratio": null,
            "price_fair": 141.66,
            "eps_avg_yearly": 5.29,
            "eps_latest_yearly": 6.04,
            "eps_growth_yearly": 16.79
        },
        "20174": {
            "year_quarter": 20174,
            "year": 2017,
            "quarter": 4,
            "eps": 1.6,
            "eps_growth_year": 129.32,
            "eps_4q": 5.93,
            "eps_4q_growth_year": 25.62,
            "roe": 7.09,
            "roe_4q": 25.939999999999998,
            "gross_profit": null,
            "gross_margin": null,
            "gross_margin_4q_avg": 0,
            "net_income": 1394000,
            "net_income_4q": null,
            "revenue": 9948000,
            "revenue_4q": null,
            "common_shares": 172000,
            "book_valuer_per_share": 21.26,
            "book_valuer_per_share_4q_avg": 23.2,
            "equity": 18261000,
            "current_ratio": null,
            "debt_ratio": 89.92,
            "inventory_turnover_ratio": null,
            "account_receivable_turnover_ratio": null,
            "reinvestment_rate": null,
            "research_to_sale_ratio": null,
            "price_fair": 158.29,
            "eps_avg_yearly": 5.38,
            "eps_latest_yearly": 6.4,
            "eps_growth_yearly": 19.44
        },
        "20181": {
            "year_quarter": 20181,
            "year": 2018,
            "quarter": 1,
            "eps": 1.86,
            "eps_growth_year": 37.54,
            "eps_4q": 6.44,
            "eps_4q_growth_year": 37.82,
            "roe": 8.63,
            "roe_4q": 28.529999999999998,
            "gross_profit": null,
            "gross_margin": null,
            "gross_margin_4q_avg": 0,
            "net_income": 1634000,
            "net_income_4q": null,
            "revenue": 9988000,
            "revenue_4q": null,
            "common_shares": 172000,
            "book_valuer_per_share": 22.81,
            "book_valuer_per_share_4q_avg": 23.05,
            "equity": 19613000,
            "current_ratio": null,
            "debt_ratio": 89.1,
            "inventory_turnover_ratio": null,
            "account_receivable_turnover_ratio": null,
            "reinvestment_rate": null,
            "research_to_sale_ratio": null,
            "price_fair": 168.64,
            "eps_avg_yearly": 5.5,
            "eps_latest_yearly": 7.44,
            "eps_growth_yearly": 20.68
        },
        "20182": {
            "year_quarter": 20182,
            "year": 2018,
            "quarter": 2,
            "eps": 1.85,
            "eps_growth_year": 25.44,
            "eps_4q": 6.81,
            "eps_4q_growth_year": 42.7,
            "roe": 8.01,
            "roe_4q": 30.16,
            "gross_profit": null,
            "gross_margin": null,
            "gross_margin_4q_avg": 0,
            "net_income": 1623000,
            "net_income_4q": null,
            "revenue": 10302000,
            "revenue_4q": null,
            "common_shares": 173000,
            "book_valuer_per_share": 24.26,
            "book_valuer_per_share_4q_avg": 23.14,
            "equity": 20892000,
            "current_ratio": null,
            "debt_ratio": 88.7,
            "inventory_turnover_ratio": null,
            "account_receivable_turnover_ratio": null,
            "reinvestment_rate": null,
            "research_to_sale_ratio": null,
            "price_fair": 198.89,
            "eps_avg_yearly": 5.68,
            "eps_latest_yearly": 7.4,
            "eps_growth_yearly": 25.43
        },
        "20183": {
            "year_quarter": 20183,
            "year": 2018,
            "quarter": 3,
            "eps": 1.88,
            "eps_growth_year": 25.14,
            "eps_4q": 7.19,
            "eps_4q_growth_year": 43.03,
            "roe": 7.81,
            "roe_4q": 31.540000000000003,
            "gross_profit": null,
            "gross_margin": null,
            "gross_margin_4q_avg": 0,
            "net_income": 1654000,
            "net_income_4q": null,
            "revenue": 10484000,
            "revenue_4q": null,
            "common_shares": 171000,
            "book_valuer_per_share": 25.13,
            "book_valuer_per_share_4q_avg": 23.37,
            "equity": 21460000,
            "current_ratio": null,
            "debt_ratio": 88.65,
            "inventory_turnover_ratio": null,
            "account_receivable_turnover_ratio": null,
            "reinvestment_rate": null,
            "research_to_sale_ratio": null,
            "price_fair": 163.16,
            "eps_avg_yearly": 5.79,
            "eps_latest_yearly": 7.52,
            "eps_growth_yearly": 18.18
        },
        "20184": {
            "year_quarter": 20184,
            "year": 2018,
            "quarter": 4,
            "eps": 1.73,
            "eps_growth_year": 8.29,
            "eps_4q": 7.32,
            "eps_4q_growth_year": 23.49,
            "roe": 6.92,
            "roe_4q": 31.370000000000005,
            "gross_profit": null,
            "gross_margin": null,
            "gross_margin_4q_avg": 0,
            "net_income": 1514000,
            "net_income_4q": null,
            "revenue": 10851000,
            "revenue_4q": null,
            "common_shares": 170000,
            "book_valuer_per_share": 26.32,
            "book_valuer_per_share_4q_avg": 24.63,
            "equity": 22290000,
            "current_ratio": null,
            "debt_ratio": 88.18,
            "inventory_turnover_ratio": null,
            "account_receivable_turnover_ratio": null,
            "reinvestment_rate": null,
            "research_to_sale_ratio": null,
            "price_fair": 153.45,
            "eps_avg_yearly": 5.86,
            "eps_latest_yearly": 6.92,
            "eps_growth_yearly": 16.19
        },
        "20191": {
            "year_quarter": 20191,
            "year": 2019,
            "quarter": 1,
            "eps": 1.8,
            "eps_growth_year": -3.1,
            "eps_4q": 7.27,
            "eps_4q_growth_year": 12.86,
            "roe": 6.97,
            "roe_4q": 29.71,
            "gross_profit": null,
            "gross_margin": null,
            "gross_margin_4q_avg": 0,
            "net_income": 1550000,
            "net_income_4q": null,
            "revenue": 10763000,
            "revenue_4q": null,
            "common_shares": 168000,
            "book_valuer_per_share": 26.54,
            "book_valuer_per_share_4q_avg": 25.56,
            "equity": 22218000,
            "current_ratio": null,
            "debt_ratio": 88.73,
            "inventory_turnover_ratio": null,
            "account_receivable_turnover_ratio": null,
            "reinvestment_rate": null,
            "research_to_sale_ratio": null,
            "price_fair": 151.95,
            "eps_avg_yearly": 5.93,
            "eps_latest_yearly": 7.2,
            "eps_growth_yearly": 15.65
        },
        "20192": {
            "year_quarter": 20192,
            "year": 2019,
            "quarter": 2,
            "eps": 2.07,
            "eps_growth_year": 12.05,
            "eps_4q": 7.49,
            "eps_4q_growth_year": 9.93,
            "roe": 7.77,
            "roe_4q": 29.469999999999995,
            "gross_profit": null,
            "gross_margin": null,
            "gross_margin_4q_avg": 0,
            "net_income": 1761000,
            "net_income_4q": null,
            "revenue": 11244000,
            "revenue_4q": null,
            "common_shares": 167000,
            "book_valuer_per_share": 27.75,
            "book_valuer_per_share_4q_avg": 26.44,
            "equity": 23092000,
            "current_ratio": null,
            "debt_ratio": 88.31,
            "inventory_turnover_ratio": null,
            "account_receivable_turnover_ratio": null,
            "reinvestment_rate": null,
            "research_to_sale_ratio": null,
            "price_fair": 184.42,
            "eps_avg_yearly": 6.07,
            "eps_latest_yearly": 8.28,
            "eps_growth_yearly": 20.37
        },
        "20193": {
            "year_quarter": 20193,
            "year": 2019,
            "quarter": 3,
            "eps": 2.08,
            "eps_growth_year": 10.53,
            "eps_4q": 7.69,
            "eps_4q_growth_year": 6.9,
            "roe": 7.61,
            "roe_4q": 29.269999999999996,
            "gross_profit": null,
            "gross_margin": null,
            "gross_margin_4q_avg": 0,
            "net_income": 1755000,
            "net_income_4q": null,
            "revenue": 11390000,
            "revenue_4q": null,
            "common_shares": 165000,
            "book_valuer_per_share": 28.05,
            "book_valuer_per_share_4q_avg": 27.17,
            "equity": 23025000,
            "current_ratio": null,
            "debt_ratio": 88.14,
            "inventory_turnover_ratio": null,
            "account_receivable_turnover_ratio": null,
            "reinvestment_rate": null,
            "research_to_sale_ratio": null,
            "price_fair": 212.44,
            "eps_avg_yearly": 6.27,
            "eps_latest_yearly": 8.32,
            "eps_growth_yearly": 23.87
        },
        "20194": {
            "year_quarter": 20194,
            "year": 2019,
            "quarter": 4,
            "eps": 2.04,
            "eps_growth_year": 17.54,
            "eps_4q": 7.99,
            "eps_4q_growth_year": 9.12,
            "roe": 7.35,
            "roe_4q": 29.7,
            "gross_profit": null,
            "gross_margin": null,
            "gross_margin_4q_avg": 0,
            "net_income": 1693000,
            "net_income_4q": null,
            "revenue": 11718000,
            "revenue_4q": null,
            "common_shares": 163000,
            "book_valuer_per_share": 28.48,
            "book_valuer_per_share_4q_avg": 27.71,
            "equity": 23071000,
            "current_ratio": null,
            "debt_ratio": 88.37,
            "inventory_turnover_ratio": null,
            "account_receivable_turnover_ratio": null,
            "reinvestment_rate": null,
            "research_to_sale_ratio": null,
            "price_fair": 227.15,
            "eps_avg_yearly": 6.49,
            "eps_latest_yearly": 8.16,
            "eps_growth_yearly": 25.54
        },
        "20201": {
            "year_quarter": 20201,
            "year": 2020,
            "quarter": 1,
            "eps": 2.12,
            "eps_growth_year": 17.76,
            "eps_4q": 8.31,
            "eps_4q_growth_year": 14.38,
            "roe": 1.67,
            "roe_4q": 24.4,
            "gross_profit": null,
            "gross_margin": null,
            "gross_margin_4q_avg": 0,
            "net_income": 367000,
            "net_income_4q": null,
            "revenue": 10636000,
            "revenue_4q": null,
            "common_shares": 161000,
            "book_valuer_per_share": 26.09,
            "book_valuer_per_share_4q_avg": 27.59,
            "equity": 21006000,
            "current_ratio": null,
            "debt_ratio": 88.71,
            "inventory_turnover_ratio": null,
            "account_receivable_turnover_ratio": null,
            "reinvestment_rate": null,
            "research_to_sale_ratio": null,
            "price_fair": 210.79,
            "eps_avg_yearly": 6.67,
            "eps_latest_yearly": 8.48,
            "eps_growth_yearly": 21.6
        },
        "20202": {
            "year_quarter": 20202,
            "year": 2020,
            "quarter": 2,
            "eps": 0.3,
            "eps_growth_year": -85.7,
            "eps_4q": 6.54,
            "eps_4q_growth_year": -12.69,
            "roe": 1.22,
            "roe_4q": 17.849999999999998,
            "gross_profit": null,
            "gross_margin": null,
            "gross_margin_4q_avg": 0,
            "net_income": 257000,
            "net_income_4q": null,
            "revenue": 7935000,
            "revenue_4q": null,
            "common_shares": 161000,
            "book_valuer_per_share": 26.16,
            "book_valuer_per_share_4q_avg": 27.2,
            "equity": 21062000,
            "current_ratio": null,
            "debt_ratio": 88.83,
            "inventory_turnover_ratio": null,
            "account_receivable_turnover_ratio": null,
            "reinvestment_rate": null,
            "research_to_sale_ratio": null,
            "price_fair": 64.03,
            "eps_avg_yearly": 6.4,
            "eps_latest_yearly": 1.2,
            "eps_growth_yearly": 0.68
        },
        "20203": {
            "year_quarter": 20203,
            "year": 2020,
            "quarter": 3,
            "eps": 1.3,
            "eps_growth_year": -37.39,
            "eps_4q": 5.76,
            "eps_4q_growth_year": -25.08,
            "roe": 5,
            "roe_4q": 15.239999999999998,
            "gross_profit": null,
            "gross_margin": null,
            "gross_margin_4q_avg": 0,
            "net_income": 1073000,
            "net_income_4q": null,
            "revenue": 8953000,
            "revenue_4q": null,
            "common_shares": 161000,
            "book_valuer_per_share": 27.17,
            "book_valuer_per_share_4q_avg": 26.98,
            "equity": 21869000,
            "current_ratio": null,
            "debt_ratio": 88.32,
            "inventory_turnover_ratio": null,
            "account_receivable_turnover_ratio": null,
            "reinvestment_rate": null,
            "research_to_sale_ratio": null,
            "price_fair": 224.53,
            "eps_avg_yearly": 6.42,
            "eps_latest_yearly": 5.2,
            "eps_growth_yearly": 86.2
        },
        "20204": {
            "year_quarter": 20204,
            "year": 2020,
            "quarter": 4,
            "eps": 1.75,
            "eps_growth_year": -13.92,
            "eps_4q": 5.47,
            "eps_4q_growth_year": -31.48,
            "roe": 6.41,
            "roe_4q": 14.3,
            "gross_profit": null,
            "gross_margin": null,
            "gross_margin_4q_avg": 0,
            "net_income": 1438000,
            "net_income_4q": null,
            "revenue": 9506000,
            "revenue_4q": null,
            "common_shares": 161000,
            "book_valuer_per_share": 28.55,
            "book_valuer_per_share_4q_avg": 26.99,
            "equity": 22984000,
            "current_ratio": null,
            "debt_ratio": 87.99,
            "inventory_turnover_ratio": null,
            "account_receivable_turnover_ratio": null,
            "reinvestment_rate": null,
            "research_to_sale_ratio": null,
            "price_fair": 233.71,
            "eps_avg_yearly": 6.68,
            "eps_latest_yearly": 7,
            "eps_growth_yearly": 105.85
        },
        "20211": {
            "year_quarter": 20211,
            "year": 2021,
            "quarter": 1,
            "eps": 2.74,
            "eps_growth_year": 29.24,
            "eps_4q": 6.09,
            "eps_4q_growth_year": -26.66,
            "roe": 9.42,
            "roe_4q": 22.049999999999997,
            "gross_profit": null,
            "gross_margin": null,
            "gross_margin_4q_avg": 0,
            "net_income": 2235000,
            "net_income_4q": null,
            "revenue": 9198000,
            "revenue_4q": null,
            "common_shares": 161000,
            "book_valuer_per_share": 30.45,
            "book_valuer_per_share_4q_avg": 28.08,
            "equity": 24449000,
            "current_ratio": null,
            "debt_ratio": 87.34,
            "inventory_turnover_ratio": null,
            "account_receivable_turnover_ratio": null,
            "reinvestment_rate": null,
            "research_to_sale_ratio": null,
            "price_fair": 245.88,
            "eps_avg_yearly": 7.03,
            "eps_latest_yearly": 10.96,
            "eps_growth_yearly": 96.78
        },
        "20212": {
            "year_quarter": 20212,
            "year": 2021,
            "quarter": 2,
            "eps": 2.8,
            "eps_growth_year": 848.5,
            "eps_4q": 8.6,
            "eps_4q_growth_year": 31.6,
            "roe": 9.12,
            "roe_4q": 29.95,
            "gross_profit": null,
            "gross_margin": null,
            "gross_margin_4q_avg": 0,
            "net_income": 2280000,
            "net_income_4q": null,
            "revenue": 10356000,
            "revenue_4q": null,
            "common_shares": 160000,
            "book_valuer_per_share": 32,
            "book_valuer_per_share_4q_avg": 29.54,
            "equity": 25539000,
            "current_ratio": null,
            "debt_ratio": 86.34,
            "inventory_turnover_ratio": null,
            "account_receivable_turnover_ratio": null,
            "reinvestment_rate": null,
            "research_to_sale_ratio": null,
            "price_fair": 257.51,
            "eps_avg_yearly": 7.36,
            "eps_latest_yearly": 11.2,
            "eps_growth_yearly": 95.11
        },
        "20213": {
            "year_quarter": 20213,
            "year": 2021,
            "quarter": 3,
            "eps": 2.27,
            "eps_growth_year": 73.69,
            "eps_4q": 9.56,
            "eps_4q_growth_year": 66.09,
            "roe": 7.31,
            "roe_4q": 32.260000000000005,
            "gross_profit": null,
            "gross_margin": null,
            "gross_margin_4q_avg": 0,
            "net_income": 1826000,
            "net_income_4q": null,
            "revenue": 11037000,
            "revenue_4q": null,
            "common_shares": 156000,
            "book_valuer_per_share": 31.4,
            "book_valuer_per_share_4q_avg": 30.6,
            "equity": 24426000,
            "current_ratio": null,
            "debt_ratio": 86.74,
            "inventory_turnover_ratio": null,
            "account_receivable_turnover_ratio": null,
            "reinvestment_rate": null,
            "research_to_sale_ratio": null,
            "price_fair": 264.16,
            "eps_avg_yearly": 7.55,
            "eps_latest_yearly": 9.08,
            "eps_growth_yearly": 89.69
        },
        "20214": {
            "year_quarter": 20214,
            "year": 2021,
            "quarter": 4,
            "eps": 2.18,
            "eps_growth_year": 24.45,
            "eps_4q": 9.99,
            "eps_4q_growth_year": 82.54,
            "roe": 7.38,
            "roe_4q": 33.23,
            "gross_profit": null,
            "gross_margin": null,
            "gross_margin_4q_avg": 0,
            "net_income": 1719000,
            "net_income_4q": null,
            "revenue": 12247000,
            "revenue_4q": null,
            "common_shares": 153000,
            "book_valuer_per_share": 29.14,
            "book_valuer_per_share_4q_avg": 30.75,
            "equity": 22177000,
            "current_ratio": null,
            "debt_ratio": 88.24,
            "inventory_turnover_ratio": null,
            "account_receivable_turnover_ratio": null,
            "reinvestment_rate": null,
            "research_to_sale_ratio": null,
            "price_fair": 269.24,
            "eps_avg_yearly": 7.69,
            "eps_latest_yearly": 8.72,
            "eps_growth_yearly": 87.21
        },
        "20221": {
            "year_quarter": 20221,
            "year": 2022,
            "quarter": 1,
            "eps": 2.73,
            "eps_growth_year": -0.39,
            "eps_4q": 9.98,
            "eps_4q_growth_year": 63.79,
            "roe": 9.42,
            "roe_4q": 33.23,
            "gross_profit": null,
            "gross_margin": null,
            "gross_margin_4q_avg": 0,
            "net_income": 2099000,
            "net_income_4q": null,
            "revenue": 11857000,
            "revenue_4q": null,
            "common_shares": 151000,
            "book_valuer_per_share": 29.65,
            "book_valuer_per_share_4q_avg": 30.55,
            "equity": 22383000,
            "current_ratio": null,
            "debt_ratio": 88.57,
            "inventory_turnover_ratio": null,
            "account_receivable_turnover_ratio": null,
            "reinvestment_rate": null,
            "research_to_sale_ratio": null,
            "price_fair": 276.85,
            "eps_avg_yearly": 7.91,
            "eps_latest_yearly": 10.92,
            "eps_growth_yearly": 89.46
        },
        "20222": {
            "year_quarter": 20222,
            "year": 2022,
            "quarter": 2,
            "eps": 2.57,
            "eps_growth_year": -8.41,
            "eps_4q": 9.75,
            "eps_4q_growth_year": 13.29,
            "roe": 8.61,
            "roe_4q": 32.72,
            "gross_profit": null,
            "gross_margin": null,
            "gross_margin_4q_avg": 0,
            "net_income": 1964000,
            "net_income_4q": null,
            "revenue": 13582000,
            "revenue_4q": null,
            "common_shares": 151000,
            "book_valuer_per_share": 30.94,
            "book_valuer_per_share_4q_avg": 30.28,
            "equity": 23235000,
            "current_ratio": null,
            "debt_ratio": 88.68,
            "inventory_turnover_ratio": null,
            "account_receivable_turnover_ratio": null,
            "reinvestment_rate": null,
            "research_to_sale_ratio": null,
            "price_fair": 283.15,
            "eps_avg_yearly": 8.09,
            "eps_latest_yearly": 10.28,
            "eps_growth_yearly": 88.13
        },
        "20223": {
            "year_quarter": 20223,
            "year": 2022,
            "quarter": 3,
            "eps": 2.47,
            "eps_growth_year": 9.08,
            "eps_4q": 9.95,
            "eps_4q_growth_year": 4.06,
            "roe": 7.96,
            "roe_4q": 33.370000000000005,
            "gross_profit": null,
            "gross_margin": null,
            "gross_margin_4q_avg": 0,
            "net_income": 1879000,
            "net_income_4q": null,
            "revenue": 13996000,
            "revenue_4q": null,
            "common_shares": null,
            "book_valuer_per_share": 32.13,
            "book_valuer_per_share_4q_avg": 30.47,
            "equity": 24000000,
            "current_ratio": null,
            "debt_ratio": 88.84,
            "inventory_turnover_ratio": null,
            "account_receivable_turnover_ratio": null,
            "reinvestment_rate": null,
            "research_to_sale_ratio": null,
            "price_fair": 288.31,
            "eps_avg_yearly": 8.24,
            "eps_latest_yearly": 9.88,
            "eps_growth_yearly": 86.75
        },
        "20224": {
            "year_quarter": 20224,
            "year": 2022,
            "quarter": 4,
            "eps": 2.06,
            "eps_growth_year": -5.46,
            "eps_4q": 9.83,
            "eps_4q_growth_year": -1.6,
            "roe": 6.45,
            "roe_4q": 32.44,
            "gross_profit": null,
            "gross_margin": null,
            "gross_margin_4q_avg": 0,
            "net_income": 1572000,
            "net_income_4q": null,
            "revenue": 14954000,
            "revenue_4q": null,
            "common_shares": 149000,
            "book_valuer_per_share": 33.26,
            "book_valuer_per_share_4q_avg": 31.5,
            "equity": 24711000,
            "current_ratio": null,
            "debt_ratio": 89.18,
            "inventory_turnover_ratio": null,
            "account_receivable_turnover_ratio": null,
            "reinvestment_rate": null,
            "research_to_sale_ratio": null,
            "price_fair": 291.2,
            "eps_avg_yearly": 8.32,
            "eps_latest_yearly": 8.24,
            "eps_growth_yearly": 84.59
        },
        "20231": {
            "year_quarter": 20231,
            "year": 2023,
            "quarter": 1,
            "eps": 2.4,
            "eps_growth_year": -11.96,
            "eps_4q": 9.51,
            "eps_4q_growth_year": -4.77,
            "roe": 7.16,
            "roe_4q": 30.18,
            "gross_profit": null,
            "gross_margin": null,
            "gross_margin_4q_avg": 0,
            "net_income": 1816000,
            "net_income_4q": null,
            "revenue": 15275000,
            "revenue_4q": null,
            "common_shares": 149000,
            "book_valuer_per_share": 34.98,
            "book_valuer_per_share_4q_avg": 32.83,
            "equity": 25992000,
            "current_ratio": null,
            "debt_ratio": 88.98,
            "inventory_turnover_ratio": null,
            "account_receivable_turnover_ratio": null,
            "reinvestment_rate": null,
            "research_to_sale_ratio": null,
            "price_fair": 296.45,
            "eps_avg_yearly": 8.47,
            "eps_latest_yearly": 9.6,
            "eps_growth_yearly": 87.71
        },
        "20232": {
            "year_quarter": 20232,
            "year": 2023,
            "quarter": 2,
            "eps": 2.89,
            "eps_growth_year": 12.55,
            "eps_4q": 9.83,
            "eps_4q_growth_year": 0.85,
            "roe": 8.25,
            "roe_4q": 29.82,
            "gross_profit": null,
            "gross_margin": null,
            "gross_margin_4q_avg": 0,
            "net_income": 2174000,
            "net_income_4q": null,
            "revenue": 16250000,
            "revenue_4q": null,
            "common_shares": 148000,
            "book_valuer_per_share": 36.28,
            "book_valuer_per_share_4q_avg": 34.16,
            "equity": 26703000,
            "current_ratio": null,
            "debt_ratio": 89.1,
            "inventory_turnover_ratio": null,
            "account_receivable_turnover_ratio": null,
            "reinvestment_rate": null,
            "research_to_sale_ratio": null,
            "price_fair": 303.63,
            "eps_avg_yearly": 8.68,
            "eps_latest_yearly": 11.56,
            "eps_growth_yearly": 89.06
        },
        "20233": {
            "year_quarter": 20233,
            "year": 2023,
            "quarter": 3,
            "eps": 3.3,
            "eps_growth_year": 33.48,
            "eps_4q": 10.66,
            "eps_4q_growth_year": 7.08,
            "roe": 9.07,
            "roe_4q": 30.93,
            "gross_profit": null,
            "gross_margin": null,
            "gross_margin_4q_avg": 0,
            "net_income": 2451000,
            "net_income_4q": null,
            "revenue": 16671000,
            "revenue_4q": null,
            "common_shares": 146000,
            "book_valuer_per_share": 37.48,
            "book_valuer_per_share_4q_avg": 35.5,
            "equity": 27324000,
            "current_ratio": null,
            "debt_ratio": 89.1,
            "inventory_turnover_ratio": null,
            "account_receivable_turnover_ratio": null,
            "reinvestment_rate": null,
            "research_to_sale_ratio": null,
            "price_fair": 314.3,
            "eps_avg_yearly": 8.98,
            "eps_latest_yearly": 13.2,
            "eps_growth_yearly": 92.49
        }
    },
    "months": {
        "2001-01": {
            "month": "2001-01",
            "price": "48.64",
            "revenue": 0
        },
        "2001-02": {
            "month": "2001-02",
            "price": "46.37",
            "revenue": 0
        },
        "2001-03": {
            "month": "2001-03",
            "price": "40.10",
            "revenue": 0
        },
        "2001-04": {
            "month": "2001-04",
            "price": "39.84",
            "revenue": 0
        },
        "2001-05": {
            "month": "2001-05",
            "price": "43.19",
            "revenue": 0
        },
        "2001-06": {
            "month": "2001-06",
            "price": "40.40",
            "revenue": 0
        },
        "2001-07": {
            "month": "2001-07",
            "price": "38.60",
            "revenue": 0
        },
        "2001-08": {
            "month": "2001-08",
            "price": "38.64",
            "revenue": 0
        },
        "2001-09": {
            "month": "2001-09",
            "price": "30.12",
            "revenue": 0
        },
        "2001-10": {
            "month": "2001-10",
            "price": "29.71",
            "revenue": 0
        },
        "2001-11": {
            "month": "2001-11",
            "price": "32.76",
            "revenue": 0
        },
        "2001-12": {
            "month": "2001-12",
            "price": "34.03",
            "revenue": 0
        },
        "2002-01": {
            "month": "2002-01",
            "price": "36.72",
            "revenue": 0
        },
        "2002-02": {
            "month": "2002-02",
            "price": "34.12",
            "revenue": 0
        },
        "2002-03": {
            "month": "2002-03",
            "price": "40.65",
            "revenue": 0
        },
        "2002-04": {
            "month": "2002-04",
            "price": "41.25",
            "revenue": 0
        },
        "2002-05": {
            "month": "2002-05",
            "price": "42.60",
            "revenue": 0
        },
        "2002-06": {
            "month": "2002-06",
            "price": "38.06",
            "revenue": 0
        },
        "2002-07": {
            "month": "2002-07",
            "price": "33.79",
            "revenue": 0
        },
        "2002-08": {
            "month": "2002-08",
            "price": "35.68",
            "revenue": 0
        },
        "2002-09": {
            "month": "2002-09",
            "price": "33.13",
            "revenue": 0
        },
        "2002-10": {
            "month": "2002-10",
            "price": "32.15",
            "revenue": 0
        },
        "2002-11": {
            "month": "2002-11",
            "price": "37.25",
            "revenue": 0
        },
        "2002-12": {
            "month": "2002-12",
            "price": "36.72",
            "revenue": 0
        },
        "2003-01": {
            "month": "2003-01",
            "price": "36.45",
            "revenue": 0
        },
        "2003-02": {
            "month": "2003-02",
            "price": "33.62",
            "revenue": 0
        },
        "2003-03": {
            "month": "2003-03",
            "price": "34.16",
            "revenue": 0
        },
        "2003-04": {
            "month": "2003-04",
            "price": "36.10",
            "revenue": 0
        },
        "2003-05": {
            "month": "2003-05",
            "price": "39.90",
            "revenue": 0
        },
        "2003-06": {
            "month": "2003-06",
            "price": "43.04",
            "revenue": 0
        },
        "2003-07": {
            "month": "2003-07",
            "price": "44.28",
            "revenue": 0
        },
        "2003-08": {
            "month": "2003-08",
            "price": "44.71",
            "revenue": 0
        },
        "2003-09": {
            "month": "2003-09",
            "price": "45.65",
            "revenue": 0
        },
        "2003-10": {
            "month": "2003-10",
            "price": "47.33",
            "revenue": 0
        },
        "2003-11": {
            "month": "2003-11",
            "price": "45.72",
            "revenue": 0
        },
        "2003-12": {
            "month": "2003-12",
            "price": "46.47",
            "revenue": 0
        },
        "2004-01": {
            "month": "2004-01",
            "price": "49.36",
            "revenue": 0
        },
        "2004-02": {
            "month": "2004-02",
            "price": "53.13",
            "revenue": 0
        },
        "2004-03": {
            "month": "2004-03",
            "price": "51.70",
            "revenue": 0
        },
        "2004-04": {
            "month": "2004-04",
            "price": "50.76",
            "revenue": 0
        },
        "2004-05": {
            "month": "2004-05",
            "price": "49.29",
            "revenue": 0
        },
        "2004-06": {
            "month": "2004-06",
            "price": "51.25",
            "revenue": 0
        },
        "2004-07": {
            "month": "2004-07",
            "price": "49.60",
            "revenue": 0
        },
        "2004-08": {
            "month": "2004-08",
            "price": "49.81",
            "revenue": 0
        },
        "2004-09": {
            "month": "2004-09",
            "price": "50.99",
            "revenue": 0
        },
        "2004-10": {
            "month": "2004-10",
            "price": "52.36",
            "revenue": 0
        },
        "2004-11": {
            "month": "2004-11",
            "price": "55.34",
            "revenue": 0
        },
        "2004-12": {
            "month": "2004-12",
            "price": "56.03",
            "revenue": 0
        },
        "2005-01": {
            "month": "2005-01",
            "price": "53.40",
            "revenue": 0
        },
        "2005-02": {
            "month": "2005-02",
            "price": "54.88",
            "revenue": 0
        },
        "2005-03": {
            "month": "2005-03",
            "price": "52.89",
            "revenue": 0
        },
        "2005-04": {
            "month": "2005-04",
            "price": "51.25",
            "revenue": 0
        },
        "2005-05": {
            "month": "2005-05",
            "price": "52.89",
            "revenue": 0
        },
        "2005-06": {
            "month": "2005-06",
            "price": "54.34",
            "revenue": 0
        },
        "2005-07": {
            "month": "2005-07",
            "price": "54.06",
            "revenue": 0
        },
        "2005-08": {
            "month": "2005-08",
            "price": "55.84",
            "revenue": 0
        },
        "2005-09": {
            "month": "2005-09",
            "price": "57.36",
            "revenue": 0
        },
        "2005-10": {
            "month": "2005-10",
            "price": "49.07",
            "revenue": 0
        },
        "2005-11": {
            "month": "2005-11",
            "price": "50.58",
            "revenue": 0
        },
        "2005-12": {
            "month": "2005-12",
            "price": "51.49",
            "revenue": 0
        },
        "2006-01": {
            "month": "2006-01",
            "price": "52.84",
            "revenue": 0
        },
        "2006-02": {
            "month": "2006-02",
            "price": "53.53",
            "revenue": 0
        },
        "2006-03": {
            "month": "2006-03",
            "price": "53.54",
            "revenue": 0
        },
        "2006-04": {
            "month": "2006-04",
            "price": "52.12",
            "revenue": 0
        },
        "2006-05": {
            "month": "2006-05",
            "price": "53.05",
            "revenue": 0
        },
        "2006-06": {
            "month": "2006-06",
            "price": "53.14",
            "revenue": 0
        },
        "2006-07": {
            "month": "2006-07",
            "price": "51.77",
            "revenue": 0
        },
        "2006-08": {
            "month": "2006-08",
            "price": "52.56",
            "revenue": 0
        },
        "2006-09": {
            "month": "2006-09",
            "price": "53.83",
            "revenue": 0
        },
        "2006-10": {
            "month": "2006-10",
            "price": "57.20",
            "revenue": 0
        },
        "2006-11": {
            "month": "2006-11",
            "price": "58.90",
            "revenue": 0
        },
        "2006-12": {
            "month": "2006-12",
            "price": "60.49",
            "revenue": 0
        },
        "2007-01": {
            "month": "2007-01",
            "price": "58.78",
            "revenue": 0
        },
        "2007-02": {
            "month": "2007-02",
            "price": "57.97",
            "revenue": 0
        },
        "2007-03": {
            "month": "2007-03",
            "price": "56.30",
            "revenue": 0
        },
        "2007-04": {
            "month": "2007-04",
            "price": "58.56",
            "revenue": 0
        },
        "2007-05": {
            "month": "2007-05",
            "price": "63.54",
            "revenue": 0
        },
        "2007-06": {
            "month": "2007-06",
            "price": "62.83",
            "revenue": 0
        },
        "2007-07": {
            "month": "2007-07",
            "price": "62.05",
            "revenue": 0
        },
        "2007-08": {
            "month": "2007-08",
            "price": "59.32",
            "revenue": 0
        },
        "2007-09": {
            "month": "2007-09",
            "price": "59.41",
            "revenue": 0
        },
        "2007-10": {
            "month": "2007-10",
            "price": "60.32",
            "revenue": 0
        },
        "2007-11": {
            "month": "2007-11",
            "price": "57.12",
            "revenue": 0
        },
        "2007-12": {
            "month": "2007-12",
            "price": "54.07",
            "revenue": 0
        },
        "2008-01": {
            "month": "2008-01",
            "price": "46.74",
            "revenue": 0
        },
        "2008-02": {
            "month": "2008-02",
            "price": "45.55",
            "revenue": 0
        },
        "2008-03": {
            "month": "2008-03",
            "price": "43.27",
            "revenue": 0
        },
        "2008-04": {
            "month": "2008-04",
            "price": "45.63",
            "revenue": 0
        },
        "2008-05": {
            "month": "2008-05",
            "price": "48.33",
            "revenue": 0
        },
        "2008-06": {
            "month": "2008-06",
            "price": "42.79",
            "revenue": 0
        },
        "2008-07": {
            "month": "2008-07",
            "price": "38.88",
            "revenue": 0
        },
        "2008-08": {
            "month": "2008-08",
            "price": "38.05",
            "revenue": 0
        },
        "2008-09": {
            "month": "2008-09",
            "price": "37.88",
            "revenue": 0
        },
        "2008-10": {
            "month": "2008-10",
            "price": "26.50",
            "revenue": 0
        },
        "2008-11": {
            "month": "2008-11",
            "price": "22.37",
            "revenue": 0
        },
        "2008-12": {
            "month": "2008-12",
            "price": "19.94",
            "revenue": 0
        },
        "2009-01": {
            "month": "2009-01",
            "price": "17.87",
            "revenue": 0
        },
        "2009-02": {
            "month": "2009-02",
            "price": "14.94",
            "revenue": 0
        },
        "2009-03": {
            "month": "2009-03",
            "price": "12.72",
            "revenue": 0
        },
        "2009-04": {
            "month": "2009-04",
            "price": "19.73",
            "revenue": 0
        },
        "2009-05": {
            "month": "2009-05",
            "price": "25.19",
            "revenue": 0
        },
        "2009-06": {
            "month": "2009-06",
            "price": "24.68",
            "revenue": 0
        },
        "2009-07": {
            "month": "2009-07",
            "price": "26.32",
            "revenue": 0
        },
        "2009-08": {
            "month": "2009-08",
            "price": "31.95",
            "revenue": 0
        },
        "2009-09": {
            "month": "2009-09",
            "price": "33.81",
            "revenue": 0
        },
        "2009-10": {
            "month": "2009-10",
            "price": "34.78",
            "revenue": 0
        },
        "2009-11": {
            "month": "2009-11",
            "price": "39.76",
            "revenue": 0
        },
        "2009-12": {
            "month": "2009-12",
            "price": "40.59",
            "revenue": 0
        },
        "2010-01": {
            "month": "2010-01",
            "price": "40.75",
            "revenue": 0
        },
        "2010-02": {
            "month": "2010-02",
            "price": "38.32",
            "revenue": 0
        },
        "2010-03": {
            "month": "2010-03",
            "price": "40.34",
            "revenue": 0
        },
        "2010-04": {
            "month": "2010-04",
            "price": "45.27",
            "revenue": 0
        },
        "2010-05": {
            "month": "2010-05",
            "price": "41.53",
            "revenue": 0
        },
        "2010-06": {
            "month": "2010-06",
            "price": "40.63",
            "revenue": 0
        },
        "2010-07": {
            "month": "2010-07",
            "price": "42.67",
            "revenue": 0
        },
        "2010-08": {
            "month": "2010-08",
            "price": "41.90",
            "revenue": 0
        },
        "2010-09": {
            "month": "2010-09",
            "price": "41.71",
            "revenue": 0
        },
        "2010-10": {
            "month": "2010-10",
            "price": "39.42",
            "revenue": 0
        },
        "2010-11": {
            "month": "2010-11",
            "price": "42.75",
            "revenue": 0
        },
        "2010-12": {
            "month": "2010-12",
            "price": "44.29",
            "revenue": 0
        },
        "2011-01": {
            "month": "2011-01",
            "price": "44.85",
            "revenue": 0
        },
        "2011-02": {
            "month": "2011-02",
            "price": "44.93",
            "revenue": 0
        },
        "2011-03": {
            "month": "2011-03",
            "price": "44.42",
            "revenue": 0
        },
        "2011-04": {
            "month": "2011-04",
            "price": "46.59",
            "revenue": 0
        },
        "2011-05": {
            "month": "2011-05",
            "price": "50.41",
            "revenue": 0
        },
        "2011-06": {
            "month": "2011-06",
            "price": "49.07",
            "revenue": 0
        },
        "2011-07": {
            "month": "2011-07",
            "price": "51.92",
            "revenue": 0
        },
        "2011-08": {
            "month": "2011-08",
            "price": "46.58",
            "revenue": 0
        },
        "2011-09": {
            "month": "2011-09",
            "price": "48.03",
            "revenue": 0
        },
        "2011-10": {
            "month": "2011-10",
            "price": "46.94",
            "revenue": 0
        },
        "2011-11": {
            "month": "2011-11",
            "price": "48.39",
            "revenue": 0
        },
        "2011-12": {
            "month": "2011-12",
            "price": "47.67",
            "revenue": 0
        },
        "2012-01": {
            "month": "2012-01",
            "price": "49.44",
            "revenue": 0
        },
        "2012-02": {
            "month": "2012-02",
            "price": "52.37",
            "revenue": 0
        },
        "2012-03": {
            "month": "2012-03",
            "price": "55.62",
            "revenue": 0
        },
        "2012-04": {
            "month": "2012-04",
            "price": "58.02",
            "revenue": 0
        },
        "2012-05": {
            "month": "2012-05",
            "price": "57.95",
            "revenue": 0
        },
        "2012-06": {
            "month": "2012-06",
            "price": "55.84",
            "revenue": 0
        },
        "2012-07": {
            "month": "2012-07",
            "price": "57.78",
            "revenue": 0
        },
        "2012-08": {
            "month": "2012-08",
            "price": "57.03",
            "revenue": 0
        },
        "2012-09": {
            "month": "2012-09",
            "price": "57.81",
            "revenue": 0
        },
        "2012-10": {
            "month": "2012-10",
            "price": "57.39",
            "revenue": 0
        },
        "2012-11": {
            "month": "2012-11",
            "price": "55.57",
            "revenue": 0
        },
        "2012-12": {
            "month": "2012-12",
            "price": "56.96",
            "revenue": 0
        },
        "2013-01": {
            "month": "2013-01",
            "price": "59.84",
            "revenue": 0
        },
        "2013-02": {
            "month": "2013-02",
            "price": "61.67",
            "revenue": 0
        },
        "2013-03": {
            "month": "2013-03",
            "price": "65.36",
            "revenue": 0
        },
        "2013-04": {
            "month": "2013-04",
            "price": "66.34",
            "revenue": 0
        },
        "2013-05": {
            "month": "2013-05",
            "price": "72.55",
            "revenue": 0
        },
        "2013-06": {
            "month": "2013-06",
            "price": "74.88",
            "revenue": 0
        },
        "2013-07": {
            "month": "2013-07",
            "price": "75.82",
            "revenue": 0
        },
        "2013-08": {
            "month": "2013-08",
            "price": "74.49",
            "revenue": 0
        },
        "2013-09": {
            "month": "2013-09",
            "price": "75.40",
            "revenue": 0
        },
        "2013-10": {
            "month": "2013-10",
            "price": "77.89",
            "revenue": 0
        },
        "2013-11": {
            "month": "2013-11",
            "price": "82.76",
            "revenue": 0
        },
        "2013-12": {
            "month": "2013-12",
            "price": "86.23",
            "revenue": 0
        },
        "2014-01": {
            "month": "2014-01",
            "price": "88.27",
            "revenue": 0
        },
        "2014-02": {
            "month": "2014-02",
            "price": "88.10",
            "revenue": 0
        },
        "2014-03": {
            "month": "2014-03",
            "price": "91.50",
            "revenue": 0
        },
        "2014-04": {
            "month": "2014-04",
            "price": "87.44",
            "revenue": 0
        },
        "2014-05": {
            "month": "2014-05",
            "price": "88.59",
            "revenue": 0
        },
        "2014-06": {
            "month": "2014-06",
            "price": "94.41",
            "revenue": 0
        },
        "2014-07": {
            "month": "2014-07",
            "price": "93.50",
            "revenue": 0
        },
        "2014-08": {
            "month": "2014-08",
            "price": "87.78",
            "revenue": 0
        },
        "2014-09": {
            "month": "2014-09",
            "price": "88.64",
            "revenue": 0
        },
        "2014-10": {
            "month": "2014-10",
            "price": "85.48",
            "revenue": 0
        },
        "2014-11": {
            "month": "2014-11",
            "price": "91.29",
            "revenue": 0
        },
        "2014-12": {
            "month": "2014-12",
            "price": "92.58",
            "revenue": 0
        },
        "2015-01": {
            "month": "2015-01",
            "price": "86.79",
            "revenue": 0
        },
        "2015-02": {
            "month": "2015-02",
            "price": "82.10",
            "revenue": 0
        },
        "2015-03": {
            "month": "2015-03",
            "price": "80.56",
            "revenue": 0
        },
        "2015-04": {
            "month": "2015-04",
            "price": "78.55",
            "revenue": 0
        },
        "2015-05": {
            "month": "2015-05",
            "price": "79.66",
            "revenue": 0
        },
        "2015-06": {
            "month": "2015-06",
            "price": "79.79",
            "revenue": 0
        },
        "2015-07": {
            "month": "2015-07",
            "price": "77.44",
            "revenue": 0
        },
        "2015-08": {
            "month": "2015-08",
            "price": "78.11",
            "revenue": 0
        },
        "2015-09": {
            "month": "2015-09",
            "price": "75.24",
            "revenue": 0
        },
        "2015-10": {
            "month": "2015-10",
            "price": "75.72",
            "revenue": 0
        },
        "2015-11": {
            "month": "2015-11",
            "price": "72.61",
            "revenue": 0
        },
        "2015-12": {
            "month": "2015-12",
            "price": "69.95",
            "revenue": 0
        },
        "2016-01": {
            "month": "2016-01",
            "price": "60.94",
            "revenue": 0
        },
        "2016-02": {
            "month": "2016-02",
            "price": "53.96",
            "revenue": 0
        },
        "2016-03": {
            "month": "2016-03",
            "price": "59.60",
            "revenue": 0
        },
        "2016-04": {
            "month": "2016-04",
            "price": "62.84",
            "revenue": 0
        },
        "2016-05": {
            "month": "2016-05",
            "price": "64.40",
            "revenue": 0
        },
        "2016-06": {
            "month": "2016-06",
            "price": "62.83",
            "revenue": 0
        },
        "2016-07": {
            "month": "2016-07",
            "price": "62.96",
            "revenue": 0
        },
        "2016-08": {
            "month": "2016-08",
            "price": "65.13",
            "revenue": 0
        },
        "2016-09": {
            "month": "2016-09",
            "price": "64.50",
            "revenue": 0
        },
        "2016-10": {
            "month": "2016-10",
            "price": "63.60",
            "revenue": 0
        },
        "2016-11": {
            "month": "2016-11",
            "price": "70.00",
            "revenue": 0
        },
        "2016-12": {
            "month": "2016-12",
            "price": "74.09",
            "revenue": 0
        },
        "2017-01": {
            "month": "2017-01",
            "price": "76.50",
            "revenue": 0
        },
        "2017-02": {
            "month": "2017-02",
            "price": "78.86",
            "revenue": 0
        },
        "2017-03": {
            "month": "2017-03",
            "price": "79.08",
            "revenue": 0
        },
        "2017-04": {
            "month": "2017-04",
            "price": "78.23",
            "revenue": 0
        },
        "2017-05": {
            "month": "2017-05",
            "price": "77.78",
            "revenue": 0
        },
        "2017-06": {
            "month": "2017-06",
            "price": "81.24",
            "revenue": 0
        },
        "2017-07": {
            "month": "2017-07",
            "price": "84.96",
            "revenue": 0
        },
        "2017-08": {
            "month": "2017-08",
            "price": "85.60",
            "revenue": 0
        },
        "2017-09": {
            "month": "2017-09",
            "price": "87.33",
            "revenue": 0
        },
        "2017-10": {
            "month": "2017-10",
            "price": "92.60",
            "revenue": 0
        },
        "2017-11": {
            "month": "2017-11",
            "price": "94.72",
            "revenue": 0
        },
        "2017-12": {
            "month": "2017-12",
            "price": "98.68",
            "revenue": 0
        },
        "2018-01": {
            "month": "2018-01",
            "price": "99.78",
            "revenue": 0
        },
        "2018-02": {
            "month": "2018-02",
            "price": "96.05",
            "revenue": 0
        },
        "2018-03": {
            "month": "2018-03",
            "price": "94.68",
            "revenue": 0
        },
        "2018-04": {
            "month": "2018-04",
            "price": "95.75",
            "revenue": 0
        },
        "2018-05": {
            "month": "2018-05",
            "price": "100.13",
            "revenue": 0
        },
        "2018-06": {
            "month": "2018-06",
            "price": "98.82",
            "revenue": 0
        },
        "2018-07": {
            "month": "2018-07",
            "price": "100.62",
            "revenue": 0
        },
        "2018-08": {
            "month": "2018-08",
            "price": "103.49",
            "revenue": 0
        },
        "2018-09": {
            "month": "2018-09",
            "price": "108.36",
            "revenue": 0
        },
        "2018-10": {
            "month": "2018-10",
            "price": "104.52",
            "revenue": 0
        },
        "2018-11": {
            "month": "2018-11",
            "price": "107.91",
            "revenue": 0
        },
        "2018-12": {
            "month": "2018-12",
            "price": "101.15",
            "revenue": 0
        },
        "2019-01": {
            "month": "2019-01",
            "price": "99.13",
            "revenue": 0
        },
        "2019-02": {
            "month": "2019-02",
            "price": "106.03",
            "revenue": 0
        },
        "2019-03": {
            "month": "2019-03",
            "price": "110.18",
            "revenue": 0
        },
        "2019-04": {
            "month": "2019-04",
            "price": "112.45",
            "revenue": 0
        },
        "2019-05": {
            "month": "2019-05",
            "price": "118.13",
            "revenue": 0
        },
        "2019-06": {
            "month": "2019-06",
            "price": "121.97",
            "revenue": 0
        },
        "2019-07": {
            "month": "2019-07",
            "price": "126.60",
            "revenue": 0
        },
        "2019-08": {
            "month": "2019-08",
            "price": "122.34",
            "revenue": 0
        },
        "2019-09": {
            "month": "2019-09",
            "price": "118.58",
            "revenue": 0
        },
        "2019-10": {
            "month": "2019-10",
            "price": "116.32",
            "revenue": 0
        },
        "2019-11": {
            "month": "2019-11",
            "price": "120.07",
            "revenue": 0
        },
        "2019-12": {
            "month": "2019-12",
            "price": "122.48",
            "revenue": 0
        },
        "2020-01": {
            "month": "2020-01",
            "price": "129.24",
            "revenue": 0
        },
        "2020-02": {
            "month": "2020-02",
            "price": "129.70",
            "revenue": 0
        },
        "2020-03": {
            "month": "2020-03",
            "price": "92.52",
            "revenue": 0
        },
        "2020-04": {
            "month": "2020-04",
            "price": "85.33",
            "revenue": 0
        },
        "2020-05": {
            "month": "2020-05",
            "price": "88.42",
            "revenue": 0
        },
        "2020-06": {
            "month": "2020-06",
            "price": "101.82",
            "revenue": 0
        },
        "2020-07": {
            "month": "2020-07",
            "price": "94.80",
            "revenue": 0
        },
        "2020-08": {
            "month": "2020-08",
            "price": "98.62",
            "revenue": 0
        },
        "2020-09": {
            "month": "2020-09",
            "price": "101.87",
            "revenue": 0
        },
        "2020-10": {
            "month": "2020-10",
            "price": "101.30",
            "revenue": 0
        },
        "2020-11": {
            "month": "2020-11",
            "price": "111.19",
            "revenue": 0
        },
        "2020-12": {
            "month": "2020-12",
            "price": "119.80",
            "revenue": 0
        },
        "2021-01": {
            "month": "2021-01",
            "price": "121.58",
            "revenue": 0
        },
        "2021-02": {
            "month": "2021-02",
            "price": "129.20",
            "revenue": 0
        },
        "2021-03": {
            "month": "2021-03",
            "price": "143.26",
            "revenue": 0
        },
        "2021-04": {
            "month": "2021-04",
            "price": "148.18",
            "revenue": 0
        },
        "2021-05": {
            "month": "2021-05",
            "price": "156.62",
            "revenue": 0
        },
        "2021-06": {
            "month": "2021-06",
            "price": "164.68",
            "revenue": 0
        },
        "2021-07": {
            "month": "2021-07",
            "price": "170.64",
            "revenue": 0
        },
        "2021-08": {
            "month": "2021-08",
            "price": "166.20",
            "revenue": 0
        },
        "2021-09": {
            "month": "2021-09",
            "price": "164.80",
            "revenue": 0
        },
        "2021-10": {
            "month": "2021-10",
            "price": "176.03",
            "revenue": 0
        },
        "2021-11": {
            "month": "2021-11",
            "price": "173.69",
            "revenue": 0
        },
        "2021-12": {
            "month": "2021-12",
            "price": "162.26",
            "revenue": 0
        },
        "2022-01": {
            "month": "2022-01",
            "price": "170.48",
            "revenue": 0
        },
        "2022-02": {
            "month": "2022-02",
            "price": "191.60",
            "revenue": 0
        },
        "2022-03": {
            "month": "2022-03",
            "price": "180.29",
            "revenue": 0
        },
        "2022-04": {
            "month": "2022-04",
            "price": "182.37",
            "revenue": 0
        },
        "2022-05": {
            "month": "2022-05",
            "price": "162.60",
            "revenue": 0
        },
        "2022-06": {
            "month": "2022-06",
            "price": "151.39",
            "revenue": 0
        },
        "2022-07": {
            "month": "2022-07",
            "price": "145.14",
            "revenue": 0
        },
        "2022-08": {
            "month": "2022-08",
            "price": "159.07",
            "revenue": 0
        },
        "2022-09": {
            "month": "2022-09",
            "price": "148.86",
            "revenue": 0
        },
        "2022-10": {
            "month": "2022-10",
            "price": "142.69",
            "revenue": 0
        },
        "2022-11": {
            "month": "2022-11",
            "price": "150.92",
            "revenue": 0
        },
        "2022-12": {
            "month": "2022-12",
            "price": "150.90",
            "revenue": 0
        },
        "2023-01": {
            "month": "2023-01",
            "price": "155.29",
            "revenue": 0
        },
        "2023-02": {
            "month": "2023-02",
            "price": "176.92",
            "revenue": 0
        },
        "2023-03": {
            "month": "2023-03",
            "price": "165.99",
            "revenue": 0
        },
        "2023-04": {
            "month": "2023-04",
            "price": "161.39",
            "revenue": 0
        },
        "2023-05": {
            "month": "2023-05",
            "price": "152.63",
            "revenue": 0
        },
        "2023-06": {
            "month": "2023-06",
            "price": "170.44",
            "revenue": 0
        },
        "2023-07": {
            "month": "2023-07",
            "price": "171.89",
            "revenue": 0
        },
        "2023-08": {
            "month": "2023-08",
            "price": "162.45",
            "revenue": 0
        },
        "2023-09": {
            "month": "2023-09",
            "price": "156.52",
            "revenue": 0
        },
        "2023-10": {
            "month": "2023-10",
            "price": "147.62",
            "revenue": 0
        },
        "2023-11": {
            "month": "2023-11",
            "price": "158.59",
            "revenue": 0
        },
        "2023-12": {
            "month": "2023-12",
            "price": "178.16",
            "revenue": 0
        }
    }
}
