{
    "summary": {
        "stock_name": "Boeing Co",
        "stock_id": "BA",
        "category": "Aerospace",
        "main_business": "The Boeing Company最初於1916年在華盛頓州註冊成立，1934年在特拉華州註冊成立。該公司在商用噴氣式客機、軍用飛機、衛星、導彈防禦、載人航天飛行和發射系統及服務的設計、開發、製造、銷售、服務和支援方面處於全球市場領先地位。該公司是全球商用航空業100多座飛機的兩大製造商之一，也是美國最大的國防承包商之一。",
        "website_url": "https://www.boeing.com/",
        "ceo": "David L. Calhoun",
        "pe_ratio": -39,
        "report_year_from": 1993,
        "report_year_to": 2023,
        "age": 30,
        "eps_negative_percentage": 17,
        "eps_growth_avg": {
            "last_all": 3.62,
            "last_2y": -100,
            "last_4y": -33.97,
            "last_8y": -3.14,
            "last_12y": 10.09,
            "last_16y": 7.12,
            "last_20y": 3.62,
            "at_2006_last_3y": 7.33,
            "at_2007_last_3y": 20.47,
            "at_2008_last_3y": 17.14,
            "at_2009_last_3y": -1.07,
            "at_2010_last_3y": 17.16,
            "at_2011_last_3y": 10.12,
            "at_2012_last_3y": 16.94,
            "at_2013_last_3y": 33.25,
            "at_2014_last_3y": 14.33,
            "at_2015_last_3y": 9.4,
            "at_2016_last_3y": 11.79,
            "at_2017_last_3y": 19.99,
            "at_2018_last_3y": 26.72,
            "at_2019_last_3y": 13.33,
            "at_2020_last_3y": -13.12,
            "at_2021_last_3y": -33.97,
            "at_2022_last_3y": -76.59,
            "at_2023_last_3y": -76.59,
            "at_2006_last_all": -2.19,
            "at_2007_last_all": 6.22,
            "at_2008_last_all": 0.9,
            "at_2009_last_all": -5.29,
            "at_2010_last_all": 6.41,
            "at_2011_last_all": 7.78,
            "at_2012_last_all": 6.73,
            "at_2013_last_all": 7.56,
            "at_2014_last_all": 8.85,
            "at_2015_last_all": 8.25,
            "at_2016_last_all": 8.08,
            "at_2017_last_all": 10.66,
            "at_2018_last_all": 13.05,
            "at_2019_last_all": 9.37,
            "at_2020_last_all": 3.62,
            "at_2021_last_all": 3.62,
            "at_2022_last_all": 3.62,
            "at_2023_last_all": 3.62
        },
        "latest_eps": -5.67,
        "latest_price": 219.99,
        "latest_roe": 26.52,
        "latest_gross_margin": 10.73,
        "latest_equity": -15508000,
        "latest_revenue": 17921000,
        "latest_gross_profit": 1923000,
        "latest_net_income": -425000,
        "latest_debt_ratio": 111.37,
        "latest_current_ratio": 116.36,
        "latest_account_receivable_turnover_ratio": 1.49,
        "latest_inventory_turnover_ratio": 0.2,
        "latest_reinvestment_rate": 12.89,
        "latest_research_to_sale_ratio": 4.13
    },
    "eps_dividends": {
        "1995": {
            "cash": 0.39,
            "stock": 0,
            "eps": 0
        },
        "1996": {
            "cash": 0.55,
            "stock": 0,
            "eps": 0
        },
        "1997": {
            "cash": 0.42000000000000004,
            "stock": 0,
            "eps": 0
        },
        "1998": {
            "cash": 0.28,
            "stock": 0,
            "eps": 0
        },
        "1999": {
            "cash": 0.28,
            "stock": 0,
            "eps": 0
        },
        "2000": {
            "cash": 0.56,
            "stock": 0,
            "eps": 0
        },
        "2001": {
            "cash": 0.68,
            "stock": 0,
            "eps": 4.74
        },
        "2002": {
            "cash": 0.68,
            "stock": 0,
            "eps": 2.83
        },
        "2003": {
            "cash": 0.51,
            "stock": 0,
            "eps": 2.71
        },
        "2004": {
            "cash": 0.77,
            "stock": 0,
            "eps": 2.23
        },
        "2005": {
            "cash": 0.75,
            "stock": 0,
            "eps": 2.77
        },
        "2006": {
            "cash": 1.2,
            "stock": 0,
            "eps": 3.52
        },
        "2007": {
            "cash": 1.4,
            "stock": 0,
            "eps": 5.22
        },
        "2008": {
            "cash": 1.6,
            "stock": 0,
            "eps": 3.6
        },
        "2009": {
            "cash": 1.68,
            "stock": 0,
            "eps": 1.85
        },
        "2010": {
            "cash": 1.68,
            "stock": 0,
            "eps": 4.42
        },
        "2011": {
            "cash": 1.68,
            "stock": 0,
            "eps": 5.31
        },
        "2012": {
            "cash": 1.76,
            "stock": 0,
            "eps": 5.11
        },
        "2013": {
            "cash": 1.96,
            "stock": 0,
            "eps": 5.96
        },
        "2014": {
            "cash": 2.92,
            "stock": 0,
            "eps": 7.41
        },
        "2015": {
            "cash": 3.64,
            "stock": 0,
            "eps": 7.44
        },
        "2016": {
            "cash": 4.36,
            "stock": 0,
            "eps": 7.87
        },
        "2017": {
            "cash": 5.68,
            "stock": 0,
            "eps": 11.76
        },
        "2018": {
            "cash": 6.84,
            "stock": 0,
            "eps": 17.79
        },
        "2019": {
            "cash": 8.24,
            "stock": 0,
            "eps": 8.33
        },
        "2020": {
            "cash": 2.06,
            "stock": 0,
            "eps": -15.59
        },
        "2021": {
            "cash": 0,
            "stock": 0,
            "eps": -5.06
        },
        "2022": {
            "cash": 0,
            "stock": 0,
            "eps": -6.4
        },
        "2023": {
            "cash": 0,
            "stock": 0,
            "eps": -0.69
        }
    },
    "dividends": {
        "1995-06-02": {
            "cash": 0.13,
            "stock": 0
        },
        "1995-09-01": {
            "cash": 0.13,
            "stock": 0
        },
        "1995-12-01": {
            "cash": 0.13,
            "stock": 0
        },
        "1996-03-01": {
            "cash": 0.13,
            "stock": 0
        },
        "1996-06-07": {
            "cash": 0.14,
            "stock": 0
        },
        "1996-09-06": {
            "cash": 0.14,
            "stock": 0
        },
        "1996-12-06": {
            "cash": 0.14,
            "stock": 0
        },
        "1997-03-07": {
            "cash": 0.14,
            "stock": 0
        },
        "1997-06-06": {
            "cash": 0.14,
            "stock": 0
        },
        "1997-12-05": {
            "cash": 0.14,
            "stock": 0
        },
        "1998-06-05": {
            "cash": 0.14,
            "stock": 0
        },
        "1998-12-04": {
            "cash": 0.14,
            "stock": 0
        },
        "1999-03-03": {
            "cash": 0.14,
            "stock": 0
        },
        "1999-09-03": {
            "cash": 0.14,
            "stock": 0
        },
        "2000-03-03": {
            "cash": 0.14,
            "stock": 0
        },
        "2000-06-02": {
            "cash": 0.14,
            "stock": 0
        },
        "2000-09-01": {
            "cash": 0.14,
            "stock": 0
        },
        "2000-12-01": {
            "cash": 0.14,
            "stock": 0
        },
        "2001-03-02": {
            "cash": 0.17,
            "stock": 0
        },
        "2001-06-01": {
            "cash": 0.17,
            "stock": 0
        },
        "2001-09-07": {
            "cash": 0.17,
            "stock": 0
        },
        "2001-12-07": {
            "cash": 0.17,
            "stock": 0
        },
        "2002-03-01": {
            "cash": 0.17,
            "stock": 0
        },
        "2002-06-07": {
            "cash": 0.17,
            "stock": 0
        },
        "2002-09-06": {
            "cash": 0.17,
            "stock": 0
        },
        "2002-12-06": {
            "cash": 0.17,
            "stock": 0
        },
        "2003-03-07": {
            "cash": 0.17,
            "stock": 0
        },
        "2003-09-05": {
            "cash": 0.17,
            "stock": 0
        },
        "2003-12-05": {
            "cash": 0.17,
            "stock": 0
        },
        "2004-03-05": {
            "cash": 0.17,
            "stock": 0
        },
        "2004-06-11": {
            "cash": 0.2,
            "stock": 0
        },
        "2004-09-03": {
            "cash": 0.2,
            "stock": 0
        },
        "2004-12-03": {
            "cash": 0.2,
            "stock": 0
        },
        "2005-03-04": {
            "cash": 0.25,
            "stock": 0
        },
        "2005-09-02": {
            "cash": 0.25,
            "stock": 0
        },
        "2005-12-02": {
            "cash": 0.25,
            "stock": 0
        },
        "2006-03-03": {
            "cash": 0.3,
            "stock": 0
        },
        "2006-06-02": {
            "cash": 0.3,
            "stock": 0
        },
        "2006-09-01": {
            "cash": 0.3,
            "stock": 0
        },
        "2006-12-01": {
            "cash": 0.3,
            "stock": 0
        },
        "2007-03-02": {
            "cash": 0.35,
            "stock": 0
        },
        "2007-06-01": {
            "cash": 0.35,
            "stock": 0
        },
        "2007-09-07": {
            "cash": 0.35,
            "stock": 0
        },
        "2007-12-07": {
            "cash": 0.35,
            "stock": 0
        },
        "2008-03-07": {
            "cash": 0.4,
            "stock": 0
        },
        "2008-06-06": {
            "cash": 0.4,
            "stock": 0
        },
        "2008-09-05": {
            "cash": 0.4,
            "stock": 0
        },
        "2008-12-05": {
            "cash": 0.4,
            "stock": 0
        },
        "2009-03-06": {
            "cash": 0.42,
            "stock": 0
        },
        "2009-06-05": {
            "cash": 0.42,
            "stock": 0
        },
        "2009-09-04": {
            "cash": 0.42,
            "stock": 0
        },
        "2009-12-04": {
            "cash": 0.42,
            "stock": 0
        },
        "2010-03-05": {
            "cash": 0.42,
            "stock": 0
        },
        "2010-06-04": {
            "cash": 0.42,
            "stock": 0
        },
        "2010-09-03": {
            "cash": 0.42,
            "stock": 0
        },
        "2010-12-03": {
            "cash": 0.42,
            "stock": 0
        },
        "2011-03-04": {
            "cash": 0.42,
            "stock": 0
        },
        "2011-06-03": {
            "cash": 0.42,
            "stock": 0
        },
        "2011-09-02": {
            "cash": 0.42,
            "stock": 0
        },
        "2011-12-02": {
            "cash": 0.42,
            "stock": 0
        },
        "2012-03-02": {
            "cash": 0.44,
            "stock": 0
        },
        "2012-06-01": {
            "cash": 0.44,
            "stock": 0
        },
        "2012-09-07": {
            "cash": 0.44,
            "stock": 0
        },
        "2012-12-07": {
            "cash": 0.44,
            "stock": 0
        },
        "2013-03-08": {
            "cash": 0.49,
            "stock": 0
        },
        "2013-06-07": {
            "cash": 0.49,
            "stock": 0
        },
        "2013-09-06": {
            "cash": 0.49,
            "stock": 0
        },
        "2013-12-06": {
            "cash": 0.49,
            "stock": 0
        },
        "2014-03-07": {
            "cash": 0.73,
            "stock": 0
        },
        "2014-06-06": {
            "cash": 0.73,
            "stock": 0
        },
        "2014-09-05": {
            "cash": 0.73,
            "stock": 0
        },
        "2014-12-05": {
            "cash": 0.73,
            "stock": 0
        },
        "2015-03-06": {
            "cash": 0.91,
            "stock": 0
        },
        "2015-06-05": {
            "cash": 0.91,
            "stock": 0
        },
        "2015-09-04": {
            "cash": 0.91,
            "stock": 0
        },
        "2015-12-04": {
            "cash": 0.91,
            "stock": 0
        },
        "2016-03-04": {
            "cash": 1.09,
            "stock": 0
        },
        "2016-06-03": {
            "cash": 1.09,
            "stock": 0
        },
        "2016-09-02": {
            "cash": 1.09,
            "stock": 0
        },
        "2016-12-02": {
            "cash": 1.09,
            "stock": 0
        },
        "2017-03-03": {
            "cash": 1.42,
            "stock": 0
        },
        "2017-06-02": {
            "cash": 1.42,
            "stock": 0
        },
        "2017-09-01": {
            "cash": 1.42,
            "stock": 0
        },
        "2017-12-01": {
            "cash": 1.42,
            "stock": 0
        },
        "2018-03-02": {
            "cash": 1.71,
            "stock": 0
        },
        "2018-06-01": {
            "cash": 1.71,
            "stock": 0
        },
        "2018-09-07": {
            "cash": 1.71,
            "stock": 0
        },
        "2018-12-07": {
            "cash": 1.71,
            "stock": 0
        },
        "2019-03-01": {
            "cash": 2.06,
            "stock": 0
        },
        "2019-06-07": {
            "cash": 2.06,
            "stock": 0
        },
        "2019-09-06": {
            "cash": 2.06,
            "stock": 0
        },
        "2019-12-06": {
            "cash": 2.06,
            "stock": 0
        },
        "2020-03-06": {
            "cash": 2.06,
            "stock": 0
        }
    },
    "prices": {
        "200101": "58.79",
        "200102": "59.71",
        "200103": "57.94",
        "200104": "59.15",
        "200105": "65.46",
        "200106": "62.14",
        "200107": "55.90",
        "200108": "54.75",
        "200109": "37.92",
        "200110": "34.85",
        "200111": "34.64",
        "200112": "37.41",
        "200201": "39.61",
        "200202": "43.47",
        "200203": "48.14",
        "200204": "46.16",
        "200205": "44.23",
        "200206": "43.05",
        "200207": "41.86",
        "200208": "38.47",
        "200209": "36.13",
        "200210": "31.20",
        "200211": "32.23",
        "200212": "32.68",
        "200301": "32.81",
        "200302": "29.58",
        "200303": "26.53",
        "200304": "27.09",
        "200305": "29.21",
        "200306": "34.56",
        "200307": "33.64",
        "200308": "33.79",
        "200309": "35.76",
        "200310": "36.73",
        "200311": "38.92",
        "200312": "40.12",
        "200401": "42.50",
        "200402": "43.87",
        "200403": "40.72",
        "200404": "42.07",
        "200405": "43.79",
        "200406": "49.04",
        "200407": "49.06",
        "200408": "50.59",
        "200409": "53.46",
        "200410": "50.34",
        "200411": "53.05",
        "200412": "53.20",
        "200501": "50.65",
        "200502": "53.35",
        "200503": "57.39",
        "200504": "58.51",
        "200505": "61.13",
        "200506": "63.73",
        "200507": "65.33",
        "200508": "66.78",
        "200509": "64.94",
        "200510": "66.83",
        "200511": "66.91",
        "200512": "70.37",
        "200601": "68.82",
        "200602": "72.53",
        "200603": "76.10",
        "200604": "82.57",
        "200605": "85.37",
        "200606": "82.60",
        "200607": "80.12",
        "200608": "76.83",
        "200609": "75.96",
        "200610": "81.98",
        "200611": "86.19",
        "200612": "89.76",
        "200701": "87.88",
        "200702": "89.98",
        "200703": "89.58",
        "200704": "91.82",
        "200705": "95.64",
        "200706": "97.25",
        "200707": "101.82",
        "200708": "98.94",
        "200709": "99.79",
        "200710": "98.46",
        "200711": "92.96",
        "200712": "89.24",
        "200801": "80.77",
        "200802": "83.10",
        "200803": "75.93",
        "200804": "78.93",
        "200805": "84.24",
        "200806": "74.08",
        "200807": "64.89",
        "200808": "64.54",
        "200809": "60.68",
        "200810": "47.58",
        "200811": "43.42",
        "200812": "40.65",
        "200901": "43.10",
        "200902": "38.55",
        "200903": "33.49",
        "200904": "37.89",
        "200905": "43.75",
        "200906": "47.91",
        "200907": "41.52",
        "200908": "46.22",
        "200909": "51.50",
        "200910": "51.03",
        "200911": "50.99",
        "200912": "54.89",
        "201001": "60.05",
        "201002": "61.35",
        "201003": "69.66",
        "201004": "72.60",
        "201005": "67.97",
        "201006": "65.02",
        "201007": "64.90",
        "201008": "65.32",
        "201009": "63.85",
        "201010": "70.01",
        "201011": "66.16",
        "201012": "64.98",
        "201101": "69.92",
        "201102": "71.76",
        "201103": "71.44",
        "201104": "74.39",
        "201105": "78.08",
        "201106": "73.57",
        "201107": "72.25",
        "201108": "62.44",
        "201109": "62.71",
        "201110": "63.45",
        "201111": "65.65",
        "201112": "71.89",
        "201201": "74.84",
        "201202": "75.46",
        "201203": "74.44",
        "201204": "73.98",
        "201205": "72.84",
        "201206": "70.99",
        "201207": "73.64",
        "201208": "72.81",
        "201209": "70.74",
        "201210": "71.64",
        "201211": "72.40",
        "201212": "75.08",
        "201301": "75.45",
        "201302": "75.78",
        "201303": "83.30",
        "201304": "87.83",
        "201305": "96.65",
        "201306": "101.09",
        "201307": "105.18",
        "201308": "105.10",
        "201309": "113.37",
        "201310": "122.05",
        "201311": "134.01",
        "201312": "134.86",
        "201401": "138.10",
        "201402": "127.30",
        "201403": "125.18",
        "201404": "126.93",
        "201405": "131.87",
        "201406": "132.82",
        "201407": "126.45",
        "201408": "123.94",
        "201409": "127.45",
        "201410": "123.27",
        "201411": "129.06",
        "201412": "128.52",
        "201501": "133.30",
        "201502": "150.35",
        "201503": "152.65",
        "201504": "150.62",
        "201505": "144.62",
        "201506": "142.38",
        "201507": "144.22",
        "201508": "139.00",
        "201509": "132.63",
        "201510": "140.34",
        "201511": "146.80",
        "201512": "145.18",
        "201601": "127.97",
        "201602": "117.18",
        "201603": "127.02",
        "201604": "130.54",
        "201605": "130.99",
        "201606": "129.59",
        "201607": "131.90",
        "201608": "132.93",
        "201609": "130.26",
        "201610": "136.41",
        "201611": "146.37",
        "201612": "155.33",
        "201701": "160.67",
        "201702": "169.88",
        "201703": "179.09",
        "201704": "179.30",
        "201705": "183.78",
        "201706": "194.48",
        "201707": "213.45",
        "201708": "237.67",
        "201709": "247.48",
        "201710": "259.54",
        "201711": "264.64",
        "201712": "289.37",
        "201801": "328.80",
        "201802": "349.38",
        "201803": "336.43",
        "201804": "333.88",
        "201805": "345.99",
        "201806": "351.93",
        "201807": "349.60",
        "201808": "346.83",
        "201809": "358.59",
        "201810": "366.38",
        "201811": "343.60",
        "201812": "322.23",
        "201901": "352.31",
        "201902": "414.60",
        "201903": "390.74",
        "201904": "379.66",
        "201905": "355.74",
        "201906": "358.66",
        "201907": "357.45",
        "201908": "341.08",
        "201909": "375.46",
        "201910": "359.13",
        "201911": "363.72",
        "201912": "339.14",
        "202001": "325.87",
        "202002": "326.10",
        "202003": "178.74",
        "202004": "138.65",
        "202005": "132.90",
        "202006": "187.00",
        "202007": "175.80",
        "202008": "172.71",
        "202009": "162.51",
        "202010": "162.84",
        "202011": "188.93",
        "202012": "224.60",
        "202101": "205.84",
        "202102": "211.83",
        "202103": "244.46",
        "202104": "245.64",
        "202105": "232.78",
        "202106": "246.23",
        "202107": "227.57",
        "202108": "225.22",
        "202109": "216.16",
        "202110": "218.05",
        "202111": "215.84",
        "202112": "200.46",
        "202201": "209.94",
        "202202": "208.97",
        "202203": "185.88",
        "202204": "176.02",
        "202205": "132.90",
        "202206": "134.99",
        "202207": "149.24",
        "202208": "165.82",
        "202209": "143.68",
        "202210": "135.90",
        "202211": "169.47",
        "202212": "185.33",
        "202301": "209.23",
        "202302": "209.74",
        "202303": "204.88",
        "202304": "208.41",
        "202305": "202.36",
        "202306": "215.24"
    },
    "quarters": {
        "20011": {
            "year_quarter": 20011,
            "year": 2001,
            "quarter": 1,
            "eps": 1.53,
            "eps_growth_year": 200.79,
            "eps_4q": 4.26,
            "eps_4q_growth_year": 68.01,
            "roe": 10.64,
            "roe_4q": 10.64,
            "gross_profit": 2223000,
            "gross_margin": 16.72,
            "gross_margin_4q_avg": 16.72,
            "net_income": 1236000,
            "revenue": 13293000,
            "common_shares": 5059000,
            "book_valuer_per_share": 8.35,
            "book_valuer_per_share_4q_avg": 8.35,
            "equity": 12218000,
            "current_ratio": 94.84,
            "debt_ratio": 72.1,
            "inventory_turnover_ratio": 1.49,
            "account_receivable_turnover_ratio": 2.22,
            "reinvestment_rate": 6.65,
            "research_to_sale_ratio": 3.17,
            "price_fair": 0,
            "eps_avg_yearly": 0,
            "eps_latest_yearly": 0,
            "eps_growth_yearly": 0
        },
        "20012": {
            "year_quarter": 20012,
            "year": 2001,
            "quarter": 2,
            "eps": 1.08,
            "eps_growth_year": 47.97,
            "eps_4q": 4.61,
            "eps_4q_growth_year": 84.83,
            "roe": 7.08,
            "roe_4q": 17.72,
            "gross_profit": 2549000,
            "gross_margin": 16.43,
            "gross_margin_4q_avg": 16.58,
            "net_income": 840000,
            "revenue": 15516000,
            "common_shares": 5059000,
            "book_valuer_per_share": 7.71,
            "book_valuer_per_share_4q_avg": 8.03,
            "equity": 11495000,
            "current_ratio": 96.71,
            "debt_ratio": 74.28,
            "inventory_turnover_ratio": 1.68,
            "account_receivable_turnover_ratio": 2.68,
            "reinvestment_rate": 6.01,
            "research_to_sale_ratio": 2.97,
            "price_fair": 0,
            "eps_avg_yearly": 0,
            "eps_latest_yearly": 0,
            "eps_growth_yearly": 0
        },
        "20013": {
            "year_quarter": 20013,
            "year": 2001,
            "quarter": 3,
            "eps": 0.96,
            "eps_growth_year": 31.35,
            "eps_4q": 4.84,
            "eps_4q_growth_year": 77.55,
            "roe": 5.7,
            "roe_4q": 23.42,
            "gross_profit": 2277000,
            "gross_margin": 16.64,
            "gross_margin_4q_avg": 16.6,
            "net_income": 650000,
            "revenue": 13687000,
            "common_shares": 5059000,
            "book_valuer_per_share": 5.98,
            "book_valuer_per_share_4q_avg": 7.35,
            "equity": 11304000,
            "current_ratio": 84.03,
            "debt_ratio": 76.4,
            "inventory_turnover_ratio": 1.5,
            "account_receivable_turnover_ratio": 2.19,
            "reinvestment_rate": 3.9,
            "research_to_sale_ratio": 3.76,
            "price_fair": 0,
            "eps_avg_yearly": 0,
            "eps_latest_yearly": 0,
            "eps_growth_yearly": 0
        },
        "20014": {
            "year_quarter": 20014,
            "year": 2001,
            "quarter": 4,
            "eps": 1.17,
            "eps_growth_year": -7.55,
            "eps_4q": 4.74,
            "eps_4q_growth_year": 46.5,
            "roe": 0.9,
            "roe_4q": 24.32,
            "gross_profit": 2371000,
            "gross_margin": 15.1,
            "gross_margin_4q_avg": 16.22,
            "net_income": 100000,
            "revenue": 15702000,
            "common_shares": 5059000,
            "book_valuer_per_share": 5.49,
            "book_valuer_per_share_4q_avg": 6.88,
            "equity": 10825000,
            "current_ratio": 81.91,
            "debt_ratio": 77.9,
            "inventory_turnover_ratio": 1.74,
            "account_receivable_turnover_ratio": 2.49,
            "reinvestment_rate": -0.82,
            "research_to_sale_ratio": 3.43,
            "price_fair": 0,
            "eps_avg_yearly": 0,
            "eps_latest_yearly": 0,
            "eps_growth_yearly": 0
        },
        "20021": {
            "year_quarter": 20021,
            "year": 2002,
            "quarter": 1,
            "eps": 0.74,
            "eps_growth_year": -51.37,
            "eps_4q": 3.95,
            "eps_4q_growth_year": -7.14,
            "roe": 5.62,
            "roe_4q": 19.3,
            "gross_profit": 2160000,
            "gross_margin": 15.63,
            "gross_margin_4q_avg": 15.95,
            "net_income": 578000,
            "revenue": 13821000,
            "common_shares": 5059000,
            "book_valuer_per_share": 7.33,
            "book_valuer_per_share_4q_avg": 6.63,
            "equity": 9753000,
            "current_ratio": 83.65,
            "debt_ratio": 79.05,
            "inventory_turnover_ratio": 1.71,
            "account_receivable_turnover_ratio": 2.12,
            "reinvestment_rate": -0.94,
            "research_to_sale_ratio": 3.32,
            "price_fair": 8.88,
            "eps_avg_yearly": 2.96,
            "eps_latest_yearly": 2.96,
            "eps_growth_yearly": -147.01
        },
        "20022": {
            "year_quarter": 20022,
            "year": 2002,
            "quarter": 2,
            "eps": 0.93,
            "eps_growth_year": -14.01,
            "eps_4q": 3.8,
            "eps_4q_growth_year": -17.48,
            "roe": 7.73,
            "roe_4q": 19.950000000000003,
            "gross_profit": 2227000,
            "gross_margin": 16.07,
            "gross_margin_4q_avg": 15.86,
            "net_income": 779000,
            "revenue": 13858000,
            "common_shares": 5059000,
            "book_valuer_per_share": 8.17,
            "book_valuer_per_share_4q_avg": 6.74,
            "equity": 10402000,
            "current_ratio": 82.34,
            "debt_ratio": 77.97,
            "inventory_turnover_ratio": 2.02,
            "account_receivable_turnover_ratio": 2.01,
            "reinvestment_rate": -1.45,
            "research_to_sale_ratio": 2.78,
            "price_fair": 10.02,
            "eps_avg_yearly": 3.34,
            "eps_latest_yearly": 3.72,
            "eps_growth_yearly": -22.15
        },
        "20023": {
            "year_quarter": 20023,
            "year": 2002,
            "quarter": 3,
            "eps": 0.46,
            "eps_growth_year": -52.41,
            "eps_4q": 3.3,
            "eps_4q_growth_year": -31.74,
            "roe": 3.49,
            "roe_4q": 17.74,
            "gross_profit": 1557000,
            "gross_margin": 12.27,
            "gross_margin_4q_avg": 14.77,
            "net_income": 372000,
            "revenue": 12690000,
            "common_shares": 5059000,
            "book_valuer_per_share": 8.82,
            "book_valuer_per_share_4q_avg": 7.45,
            "equity": 10903000,
            "current_ratio": 87.32,
            "debt_ratio": 77.44,
            "inventory_turnover_ratio": 1.96,
            "account_receivable_turnover_ratio": 1.89,
            "reinvestment_rate": -2.79,
            "research_to_sale_ratio": 2.92,
            "price_fair": 8.52,
            "eps_avg_yearly": 2.84,
            "eps_latest_yearly": 1.84,
            "eps_growth_yearly": -82.15
        },
        "20024": {
            "year_quarter": 20024,
            "year": 2002,
            "quarter": 4,
            "eps": 0.7,
            "eps_growth_year": -40.23,
            "eps_4q": 2.83,
            "eps_4q_growth_year": -40.32,
            "roe": 6.34,
            "roe_4q": 23.180000000000003,
            "gross_profit": 2626000,
            "gross_margin": 19.17,
            "gross_margin_4q_avg": 15.79,
            "net_income": 590000,
            "revenue": 13700000,
            "common_shares": 5059000,
            "book_valuer_per_share": 4.76,
            "book_valuer_per_share_4q_avg": 7.27,
            "equity": 7696000,
            "current_ratio": 85.08,
            "debt_ratio": 85.3,
            "inventory_turnover_ratio": 1.83,
            "account_receivable_turnover_ratio": 2.15,
            "reinvestment_rate": 1.89,
            "research_to_sale_ratio": 3.09,
            "price_fair": 8.49,
            "eps_avg_yearly": 2.83,
            "eps_latest_yearly": 2.8,
            "eps_growth_yearly": -9.44
        },
        "20031": {
            "year_quarter": 20031,
            "year": 2003,
            "quarter": 1,
            "eps": 1.27,
            "eps_growth_year": 70.16,
            "eps_4q": 3.35,
            "eps_4q_growth_year": -15.23,
            "roe": -6.49,
            "roe_4q": 11.07,
            "gross_profit": 1594000,
            "gross_margin": 13.07,
            "gross_margin_4q_avg": 15.15,
            "net_income": -486000,
            "revenue": 12199000,
            "common_shares": 5059000,
            "book_valuer_per_share": 5.34,
            "book_valuer_per_share_4q_avg": 6.77,
            "equity": 7284000,
            "current_ratio": 90.67,
            "debt_ratio": 85.78,
            "inventory_turnover_ratio": 1.68,
            "account_receivable_turnover_ratio": 1.94,
            "reinvestment_rate": 0.15,
            "research_to_sale_ratio": 2.96,
            "price_fair": 114.8,
            "eps_avg_yearly": 3.28,
            "eps_latest_yearly": 5.08,
            "eps_growth_yearly": 57.59
        },
        "20032": {
            "year_quarter": 20032,
            "year": 2003,
            "quarter": 2,
            "eps": -0.26,
            "eps_growth_year": -128.43,
            "eps_4q": 2.16,
            "eps_4q_growth_year": -43.2,
            "roe": -2.81,
            "roe_4q": 0.5299999999999994,
            "gross_profit": 1006000,
            "gross_margin": 7.91,
            "gross_margin_4q_avg": 13.11,
            "net_income": -200000,
            "revenue": 12717000,
            "common_shares": 5059000,
            "book_valuer_per_share": 4.97,
            "book_valuer_per_share_4q_avg": 5.97,
            "equity": 6966000,
            "current_ratio": 85.47,
            "debt_ratio": 86.51,
            "inventory_turnover_ratio": 1.83,
            "account_receivable_turnover_ratio": 2.05,
            "reinvestment_rate": 1.11,
            "research_to_sale_ratio": 3.44,
            "price_fair": 114.8,
            "eps_avg_yearly": 3.28,
            "eps_latest_yearly": 5.08,
            "eps_growth_yearly": 57.59
        },
        "20033": {
            "year_quarter": 20033,
            "year": 2003,
            "quarter": 3,
            "eps": 0.31,
            "eps_growth_year": -32.86,
            "eps_4q": 2.01,
            "eps_4q_growth_year": -39.1,
            "roe": 3.46,
            "roe_4q": 0.5,
            "gross_profit": 1667000,
            "gross_margin": 13.68,
            "gross_margin_4q_avg": 13.46,
            "net_income": 248000,
            "revenue": 12184000,
            "common_shares": 5059000,
            "book_valuer_per_share": 5.48,
            "book_valuer_per_share_4q_avg": 5.14,
            "equity": 7350000,
            "current_ratio": 82.43,
            "debt_ratio": 85.93,
            "inventory_turnover_ratio": 1.62,
            "account_receivable_turnover_ratio": 2.15,
            "reinvestment_rate": 2.75,
            "research_to_sale_ratio": 3.39,
            "price_fair": 114.8,
            "eps_avg_yearly": 3.28,
            "eps_latest_yearly": 5.08,
            "eps_growth_yearly": 57.59
        },
        "20034": {
            "year_quarter": 20034,
            "year": 2003,
            "quarter": 4,
            "eps": 1.39,
            "eps_growth_year": 97.94,
            "eps_4q": 2.7,
            "eps_4q_growth_year": -4.67,
            "roe": 14.5,
            "roe_4q": 8.66,
            "gross_profit": 1839000,
            "gross_margin": 13.98,
            "gross_margin_4q_avg": 12.16,
            "net_income": 1123000,
            "revenue": 13156000,
            "common_shares": 5059000,
            "book_valuer_per_share": 6.17,
            "book_valuer_per_share_4q_avg": 5.49,
            "equity": 8139000,
            "current_ratio": 104.85,
            "debt_ratio": 84.64,
            "inventory_turnover_ratio": 1.89,
            "account_receivable_turnover_ratio": 2.45,
            "reinvestment_rate": 13.84,
            "research_to_sale_ratio": 3.34,
            "price_fair": 128.1,
            "eps_avg_yearly": 3.66,
            "eps_latest_yearly": 5.56,
            "eps_growth_yearly": 280.25
        },
        "20041": {
            "year_quarter": 20041,
            "year": 2004,
            "quarter": 1,
            "eps": 0.76,
            "eps_growth_year": -40.25,
            "eps_4q": 2.19,
            "eps_4q_growth_year": -34.75,
            "roe": 7.22,
            "roe_4q": 22.37,
            "gross_profit": 2108000,
            "gross_margin": 16.34,
            "gross_margin_4q_avg": 12.98,
            "net_income": 614000,
            "revenue": 12903000,
            "common_shares": 5059000,
            "book_valuer_per_share": 7.4,
            "book_valuer_per_share_4q_avg": 6.01,
            "equity": 8859000,
            "current_ratio": 89.82,
            "debt_ratio": 83.53,
            "inventory_turnover_ratio": 2.02,
            "account_receivable_turnover_ratio": 2.3,
            "reinvestment_rate": 3.84,
            "research_to_sale_ratio": 3.67,
            "price_fair": 125,
            "eps_avg_yearly": 3.57,
            "eps_latest_yearly": 3.04,
            "eps_growth_yearly": 214.32
        },
        "20042": {
            "year_quarter": 20042,
            "year": 2004,
            "quarter": 2,
            "eps": 0.72,
            "eps_growth_year": null,
            "eps_4q": 3.17,
            "eps_4q_growth_year": 46.87,
            "roe": 6.58,
            "roe_4q": 31.76,
            "gross_profit": 2124000,
            "gross_margin": 16.23,
            "gross_margin_4q_avg": 15.06,
            "net_income": 586000,
            "revenue": 13088000,
            "common_shares": 5059000,
            "book_valuer_per_share": 7.16,
            "book_valuer_per_share_4q_avg": 6.55,
            "equity": 8949000,
            "current_ratio": 86.16,
            "debt_ratio": 83.51,
            "inventory_turnover_ratio": 2.29,
            "account_receivable_turnover_ratio": 2.38,
            "reinvestment_rate": 3.97,
            "research_to_sale_ratio": 3.99,
            "price_fair": 121.98,
            "eps_avg_yearly": 3.49,
            "eps_latest_yearly": 2.88,
            "eps_growth_yearly": 184.89
        },
        "20043": {
            "year_quarter": 20043,
            "year": 2004,
            "quarter": 3,
            "eps": 0.54,
            "eps_growth_year": 75.44,
            "eps_4q": 3.4,
            "eps_4q_growth_year": 69.27,
            "roe": 4.74,
            "roe_4q": 33.04,
            "gross_profit": 1899000,
            "gross_margin": 14.44,
            "gross_margin_4q_avg": 15.25,
            "net_income": 438000,
            "revenue": 13152000,
            "common_shares": 5059000,
            "book_valuer_per_share": 8.26,
            "book_valuer_per_share_4q_avg": 7.25,
            "equity": 9542000,
            "current_ratio": 76.73,
            "debt_ratio": 82.77,
            "inventory_turnover_ratio": 2.64,
            "account_receivable_turnover_ratio": 2.34,
            "reinvestment_rate": 16.47,
            "research_to_sale_ratio": 3.57,
            "price_fair": 116.82,
            "eps_avg_yearly": 3.34,
            "eps_latest_yearly": 2.16,
            "eps_growth_yearly": 153.24
        },
        "20044": {
            "year_quarter": 20044,
            "year": 2004,
            "quarter": 4,
            "eps": 0.21,
            "eps_growth_year": -84.7,
            "eps_4q": 2.23,
            "eps_4q_growth_year": -17.41,
            "roe": 1.75,
            "roe_4q": 20.29,
            "gross_profit": 1301000,
            "gross_margin": 9.77,
            "gross_margin_4q_avg": 14.2,
            "net_income": 182000,
            "revenue": 13314000,
            "common_shares": 5059000,
            "book_valuer_per_share": 10.07,
            "book_valuer_per_share_4q_avg": 8.22,
            "equity": 11286000,
            "current_ratio": 75.17,
            "debt_ratio": 79.93,
            "inventory_turnover_ratio": 2.23,
            "account_receivable_turnover_ratio": 2.39,
            "reinvestment_rate": 36.35,
            "research_to_sale_ratio": 3.11,
            "price_fair": 108.08,
            "eps_avg_yearly": 3.09,
            "eps_latest_yearly": 0.84,
            "eps_growth_yearly": 113.47
        },
        "20051": {
            "year_quarter": 20051,
            "year": 2005,
            "quarter": 1,
            "eps": 0.61,
            "eps_growth_year": -19.46,
            "eps_4q": 2.08,
            "eps_4q_growth_year": -4.88,
            "roe": 4.52,
            "roe_4q": 17.59,
            "gross_profit": 2209000,
            "gross_margin": 17.42,
            "gross_margin_4q_avg": 14.47,
            "net_income": 514000,
            "revenue": 12681000,
            "common_shares": 5059000,
            "book_valuer_per_share": 10.43,
            "book_valuer_per_share_4q_avg": 8.98,
            "equity": 11478000,
            "current_ratio": 74.55,
            "debt_ratio": 79.76,
            "inventory_turnover_ratio": 1.66,
            "account_receivable_turnover_ratio": 2.29,
            "reinvestment_rate": 42.78,
            "research_to_sale_ratio": 3.88,
            "price_fair": 106.02,
            "eps_avg_yearly": 3.03,
            "eps_latest_yearly": 2.44,
            "eps_growth_yearly": 172.42
        },
        "20052": {
            "year_quarter": 20052,
            "year": 2005,
            "quarter": 2,
            "eps": 0.81,
            "eps_growth_year": 12.07,
            "eps_4q": 2.17,
            "eps_4q_growth_year": -31.68,
            "roe": 5.05,
            "roe_4q": 16.060000000000002,
            "gross_profit": 2544000,
            "gross_margin": 17.32,
            "gross_margin_4q_avg": 14.74,
            "net_income": 571000,
            "revenue": 14684000,
            "common_shares": 5059000,
            "book_valuer_per_share": 10.13,
            "book_valuer_per_share_4q_avg": 9.72,
            "equity": 11132000,
            "current_ratio": 74.69,
            "debt_ratio": 80.3,
            "inventory_turnover_ratio": 2.1,
            "account_receivable_turnover_ratio": 2.59,
            "reinvestment_rate": 38.8,
            "research_to_sale_ratio": 4.02,
            "price_fair": 106.63,
            "eps_avg_yearly": 3.05,
            "eps_latest_yearly": 3.24,
            "eps_growth_yearly": 168.98
        },
        "20053": {
            "year_quarter": 20053,
            "year": 2005,
            "quarter": 3,
            "eps": 0.79,
            "eps_growth_year": 47.25,
            "eps_4q": 2.42,
            "eps_4q_growth_year": -28.86,
            "roe": 9.86,
            "roe_4q": 21.18,
            "gross_profit": 1849000,
            "gross_margin": 14.97,
            "gross_margin_4q_avg": 14.87,
            "net_income": 1013000,
            "revenue": 12355000,
            "common_shares": 5061000,
            "book_valuer_per_share": 8.16,
            "book_valuer_per_share_4q_avg": 9.7,
            "equity": 9423000,
            "current_ratio": 73.36,
            "debt_ratio": 83.84,
            "inventory_turnover_ratio": 1.7,
            "account_receivable_turnover_ratio": 2.25,
            "reinvestment_rate": 37.95,
            "research_to_sale_ratio": 4.22,
            "price_fair": 106.94,
            "eps_avg_yearly": 3.06,
            "eps_latest_yearly": 3.16,
            "eps_growth_yearly": 155.22
        },
        "20054": {
            "year_quarter": 20054,
            "year": 2005,
            "quarter": 4,
            "eps": 0.56,
            "eps_growth_year": 162.83,
            "eps_4q": 2.77,
            "eps_4q_growth_year": 24.2,
            "roe": 4.53,
            "roe_4q": 23.96,
            "gross_profit": 2035000,
            "gross_margin": 14.64,
            "gross_margin_4q_avg": 16.09,
            "net_income": 464000,
            "revenue": 13901000,
            "common_shares": 5061000,
            "book_valuer_per_share": 10.32,
            "book_valuer_per_share_4q_avg": 9.76,
            "equity": 11059000,
            "current_ratio": 77.89,
            "debt_ratio": 81.57,
            "inventory_turnover_ratio": 1.61,
            "account_receivable_turnover_ratio": 2.51,
            "reinvestment_rate": 38.29,
            "research_to_sale_ratio": 4.32,
            "price_fair": 104.9,
            "eps_avg_yearly": 3,
            "eps_latest_yearly": 2.24,
            "eps_growth_yearly": 135.82
        },
        "20061": {
            "year_quarter": 20061,
            "year": 2006,
            "quarter": 1,
            "eps": 0.89,
            "eps_growth_year": 45.89,
            "eps_4q": 3.05,
            "eps_4q_growth_year": 46.45,
            "roe": 6.13,
            "roe_4q": 25.57,
            "gross_profit": 2770000,
            "gross_margin": 19.42,
            "gross_margin_4q_avg": 16.59,
            "net_income": 692000,
            "revenue": 14264000,
            "common_shares": 5061000,
            "book_valuer_per_share": 10.93,
            "book_valuer_per_share_4q_avg": 9.89,
            "equity": 11517000,
            "current_ratio": 77.46,
            "debt_ratio": 81.25,
            "inventory_turnover_ratio": 1.48,
            "account_receivable_turnover_ratio": 2.6,
            "reinvestment_rate": 43.07,
            "research_to_sale_ratio": 5.24,
            "price_fair": 106.4,
            "eps_avg_yearly": 3.04,
            "eps_latest_yearly": 3.56,
            "eps_growth_yearly": 163.15
        },
        "20062": {
            "year_quarter": 20062,
            "year": 2006,
            "quarter": 2,
            "eps": 0.27,
            "eps_growth_year": -66.34,
            "eps_4q": 2.51,
            "eps_4q_growth_year": 15.81,
            "roe": -1.46,
            "roe_4q": 19.06,
            "gross_profit": 2385000,
            "gross_margin": 15.91,
            "gross_margin_4q_avg": 16.24,
            "net_income": -160000,
            "revenue": 14986000,
            "common_shares": 5061000,
            "book_valuer_per_share": 9.38,
            "book_valuer_per_share_4q_avg": 9.7,
            "equity": 10369000,
            "current_ratio": 76.33,
            "debt_ratio": 83.08,
            "inventory_turnover_ratio": 1.66,
            "account_receivable_turnover_ratio": 2.91,
            "reinvestment_rate": 52.74,
            "research_to_sale_ratio": 4.93,
            "price_fair": 99.8,
            "eps_avg_yearly": 2.85,
            "eps_latest_yearly": 1.08,
            "eps_growth_yearly": 135.91
        },
        "20063": {
            "year_quarter": 20063,
            "year": 2006,
            "quarter": 3,
            "eps": 1.13,
            "eps_growth_year": 42.93,
            "eps_4q": 2.85,
            "eps_4q_growth_year": 17.69,
            "roe": 6.49,
            "roe_4q": 15.690000000000001,
            "gross_profit": 2848000,
            "gross_margin": 19.32,
            "gross_margin_4q_avg": 17.32,
            "net_income": 694000,
            "revenue": 14739000,
            "common_shares": 5061000,
            "book_valuer_per_share": 8.02,
            "book_valuer_per_share_4q_avg": 9.66,
            "equity": 11026000,
            "current_ratio": 75.44,
            "debt_ratio": 82.06,
            "inventory_turnover_ratio": 1.51,
            "account_receivable_turnover_ratio": 2.79,
            "reinvestment_rate": 40.23,
            "research_to_sale_ratio": 5.65,
            "price_fair": 106.5,
            "eps_avg_yearly": 3.04,
            "eps_latest_yearly": 4.52,
            "eps_growth_yearly": 241.36
        },
        "20064": {
            "year_quarter": 20064,
            "year": 2006,
            "quarter": 4,
            "eps": 1.23,
            "eps_growth_year": 121.11,
            "eps_4q": 3.52,
            "eps_4q_growth_year": 27.42,
            "roe": 12.43,
            "roe_4q": 23.59,
            "gross_profit": 3090000,
            "gross_margin": 17.62,
            "gross_margin_4q_avg": 18.07,
            "net_income": 980000,
            "revenue": 17541000,
            "common_shares": 5061000,
            "book_valuer_per_share": -0.01,
            "book_valuer_per_share_4q_avg": 7.08,
            "equity": 4739000,
            "current_ratio": 77.38,
            "debt_ratio": 90.85,
            "inventory_turnover_ratio": 1.78,
            "account_receivable_turnover_ratio": 3.11,
            "reinvestment_rate": 43.26,
            "research_to_sale_ratio": 5.34,
            "price_fair": 111.8,
            "eps_avg_yearly": 3.19,
            "eps_latest_yearly": 4.92,
            "eps_growth_yearly": 228.98
        },
        "20071": {
            "year_quarter": 20071,
            "year": 2007,
            "quarter": 1,
            "eps": 1.12,
            "eps_growth_year": 26.41,
            "eps_4q": 3.76,
            "eps_4q_growth_year": 23.42,
            "roe": 16.87,
            "roe_4q": 34.33,
            "gross_profit": 3099000,
            "gross_margin": 20.17,
            "gross_margin_4q_avg": 18.26,
            "net_income": 873000,
            "revenue": 15365000,
            "common_shares": 5061000,
            "book_valuer_per_share": 1.02,
            "book_valuer_per_share_4q_avg": 4.6,
            "equity": 5611000,
            "current_ratio": 79.18,
            "debt_ratio": 89.12,
            "inventory_turnover_ratio": 1.49,
            "account_receivable_turnover_ratio": 2.64,
            "reinvestment_rate": 38.66,
            "research_to_sale_ratio": 6.5,
            "price_fair": 110.3,
            "eps_avg_yearly": 3.15,
            "eps_latest_yearly": 4.48,
            "eps_growth_yearly": 203.16
        },
        "20072": {
            "year_quarter": 20072,
            "year": 2007,
            "quarter": 2,
            "eps": 1.35,
            "eps_growth_year": 396.25,
            "eps_4q": 4.84,
            "eps_4q_growth_year": 92.79,
            "roe": 18.29,
            "roe_4q": 54.08,
            "gross_profit": 3419000,
            "gross_margin": 20.08,
            "gross_margin_4q_avg": 19.3,
            "net_income": 1049000,
            "revenue": 17028000,
            "common_shares": 5061000,
            "book_valuer_per_share": 1.29,
            "book_valuer_per_share_4q_avg": 2.58,
            "equity": 5857000,
            "current_ratio": 84.72,
            "debt_ratio": 89.13,
            "inventory_turnover_ratio": 1.61,
            "account_receivable_turnover_ratio": 2.73,
            "reinvestment_rate": 36.82,
            "research_to_sale_ratio": 5.81,
            "price_fair": 115.55,
            "eps_avg_yearly": 3.3,
            "eps_latest_yearly": 5.4,
            "eps_growth_yearly": 195.09
        },
        "20073": {
            "year_quarter": 20073,
            "year": 2007,
            "quarter": 3,
            "eps": 1.45,
            "eps_growth_year": 28.78,
            "eps_4q": 5.16,
            "eps_4q_growth_year": 81.24,
            "roe": 18.09,
            "roe_4q": 65.68,
            "gross_profit": 3310000,
            "gross_margin": 20.04,
            "gross_margin_4q_avg": 19.48,
            "net_income": 1109000,
            "revenue": 16517000,
            "common_shares": 5061000,
            "book_valuer_per_share": 2.01,
            "book_valuer_per_share_4q_avg": 1.08,
            "equity": 6406000,
            "current_ratio": 86.27,
            "debt_ratio": 88.31,
            "inventory_turnover_ratio": 1.58,
            "account_receivable_turnover_ratio": 2.64,
            "reinvestment_rate": 27.85,
            "research_to_sale_ratio": 5.26,
            "price_fair": 121.01,
            "eps_avg_yearly": 3.46,
            "eps_latest_yearly": 5.8,
            "eps_growth_yearly": 184.75
        },
        "20074": {
            "year_quarter": 20074,
            "year": 2007,
            "quarter": 4,
            "eps": 1.3,
            "eps_growth_year": 5.21,
            "eps_4q": 5.23,
            "eps_4q_growth_year": 48.31,
            "roe": 13.33,
            "roe_4q": 66.58,
            "gross_profit": 3157000,
            "gross_margin": 18.06,
            "gross_margin_4q_avg": 19.59,
            "net_income": 1027000,
            "revenue": 17477000,
            "common_shares": 5061000,
            "book_valuer_per_share": 4.99,
            "book_valuer_per_share_4q_avg": 2.33,
            "equity": 9004000,
            "current_ratio": 86.5,
            "debt_ratio": 84.74,
            "inventory_turnover_ratio": 1.61,
            "account_receivable_turnover_ratio": 2.89,
            "reinvestment_rate": 37.51,
            "research_to_sale_ratio": 5.68,
            "price_fair": 120.23,
            "eps_avg_yearly": 3.44,
            "eps_latest_yearly": 5.2,
            "eps_growth_yearly": 95.07
        },
        "20081": {
            "year_quarter": 20081,
            "year": 2008,
            "quarter": 1,
            "eps": 1.61,
            "eps_growth_year": 43.48,
            "eps_4q": 5.72,
            "eps_4q_growth_year": 52.04,
            "roe": 13.35,
            "roe_4q": 63.059999999999995,
            "gross_profit": 3385000,
            "gross_margin": 21.17,
            "gross_margin_4q_avg": 19.84,
            "net_income": 1206000,
            "revenue": 15990000,
            "common_shares": 5061000,
            "book_valuer_per_share": 4.9,
            "book_valuer_per_share_4q_avg": 3.3,
            "equity": 9066000,
            "current_ratio": 86.28,
            "debt_ratio": 84.98,
            "inventory_turnover_ratio": 1.28,
            "account_receivable_turnover_ratio": 2.65,
            "reinvestment_rate": 34.22,
            "research_to_sale_ratio": 5.43,
            "price_fair": 127.66,
            "eps_avg_yearly": 3.65,
            "eps_latest_yearly": 6.44,
            "eps_growth_yearly": 112.36
        },
        "20082": {
            "year_quarter": 20082,
            "year": 2008,
            "quarter": 2,
            "eps": 1.16,
            "eps_growth_year": -14.17,
            "eps_4q": 5.53,
            "eps_4q_growth_year": 14.19,
            "roe": 9.64,
            "roe_4q": 54.41,
            "gross_profit": 3020000,
            "gross_margin": 17.8,
            "gross_margin_4q_avg": 19.27,
            "net_income": 851000,
            "revenue": 16962000,
            "common_shares": 5061000,
            "book_valuer_per_share": 4.22,
            "book_valuer_per_share_4q_avg": 4.03,
            "equity": 8594000,
            "current_ratio": 82.48,
            "debt_ratio": 85.31,
            "inventory_turnover_ratio": 1.37,
            "account_receivable_turnover_ratio": 2.82,
            "reinvestment_rate": 21.55,
            "research_to_sale_ratio": 5.93,
            "price_fair": 131.51,
            "eps_avg_yearly": 3.76,
            "eps_latest_yearly": 4.64,
            "eps_growth_yearly": 106.69
        },
        "20083": {
            "year_quarter": 20083,
            "year": 2008,
            "quarter": 3,
            "eps": 0.95,
            "eps_growth_year": -34.92,
            "eps_4q": 5.02,
            "eps_4q_growth_year": -2.82,
            "roe": 7.89,
            "roe_4q": 44.21,
            "gross_profit": 2752000,
            "gross_margin": 18,
            "gross_margin_4q_avg": 18.76,
            "net_income": 683000,
            "revenue": 15293000,
            "common_shares": 5061000,
            "book_valuer_per_share": 4.05,
            "book_valuer_per_share_4q_avg": 4.54,
            "equity": 8714000,
            "current_ratio": 82.9,
            "debt_ratio": 84.58,
            "inventory_turnover_ratio": 1.18,
            "account_receivable_turnover_ratio": 2.55,
            "reinvestment_rate": 7.75,
            "research_to_sale_ratio": 6.13,
            "price_fair": 135.1,
            "eps_avg_yearly": 3.86,
            "eps_latest_yearly": 3.8,
            "eps_growth_yearly": 108.41
        },
        "20084": {
            "year_quarter": 20084,
            "year": 2008,
            "quarter": 4,
            "eps": -0.12,
            "eps_growth_year": -109.54,
            "eps_4q": 3.6,
            "eps_4q_growth_year": -31.23,
            "roe": -2.32,
            "roe_4q": 28.560000000000002,
            "gross_profit": 1400000,
            "gross_margin": 11.05,
            "gross_margin_4q_avg": 17.01,
            "net_income": -86000,
            "revenue": 12664000,
            "common_shares": 5061000,
            "book_valuer_per_share": -10.5,
            "book_valuer_per_share_4q_avg": 0.67,
            "equity": -1294000,
            "current_ratio": 84.37,
            "debt_ratio": 102.41,
            "inventory_turnover_ratio": 0.84,
            "account_receivable_turnover_ratio": 2.1,
            "reinvestment_rate": -13.72,
            "research_to_sale_ratio": 7.56,
            "price_fair": 142.15,
            "eps_avg_yearly": 4.06,
            "eps_latest_yearly": 3.8,
            "eps_growth_yearly": 131.94
        },
        "20091": {
            "year_quarter": 20091,
            "year": 2009,
            "quarter": 1,
            "eps": 0.87,
            "eps_growth_year": -45.95,
            "eps_4q": 2.85,
            "eps_4q_growth_year": -50.08,
            "roe": -62.88,
            "roe_4q": -47.67,
            "gross_profit": 2757000,
            "gross_margin": 16.71,
            "gross_margin_4q_avg": 15.89,
            "net_income": 615000,
            "revenue": 16502000,
            "common_shares": 5061000,
            "book_valuer_per_share": -9.56,
            "book_valuer_per_share_4q_avg": -2.95,
            "equity": -662000,
            "current_ratio": 92.79,
            "debt_ratio": 101.2,
            "inventory_turnover_ratio": 0.88,
            "account_receivable_turnover_ratio": 2.62,
            "reinvestment_rate": -10.53,
            "research_to_sale_ratio": 5.88,
            "price_fair": 146.2,
            "eps_avg_yearly": 4.18,
            "eps_latest_yearly": 3.8,
            "eps_growth_yearly": 86.94
        },
        "20092": {
            "year_quarter": 20092,
            "year": 2009,
            "quarter": 2,
            "eps": 1.41,
            "eps_growth_year": 21.79,
            "eps_4q": 3.11,
            "eps_4q_growth_year": -43.77,
            "roe": -413.69,
            "roe_4q": -471,
            "gross_profit": 3347000,
            "gross_margin": 19.51,
            "gross_margin_4q_avg": 16.32,
            "net_income": 997000,
            "revenue": 17154000,
            "common_shares": 5061000,
            "book_valuer_per_share": -8.58,
            "book_valuer_per_share_4q_avg": -6.15,
            "equity": 180000,
            "current_ratio": 96.32,
            "debt_ratio": 99.69,
            "inventory_turnover_ratio": 0.84,
            "account_receivable_turnover_ratio": 2.51,
            "reinvestment_rate": -9.39,
            "research_to_sale_ratio": 5.6,
            "price_fair": 152.2,
            "eps_avg_yearly": 4.35,
            "eps_latest_yearly": 5.64,
            "eps_growth_yearly": 95.3
        },
        "20093": {
            "year_quarter": 20093,
            "year": 2009,
            "quarter": 3,
            "eps": -2.22,
            "eps_growth_year": -335.02,
            "eps_4q": -0.06,
            "eps_4q_growth_year": -101.25,
            "roe": 367.92,
            "roe_4q": -110.96999999999997,
            "gross_profit": 2208000,
            "gross_margin": 13.23,
            "gross_margin_4q_avg": 15.13,
            "net_income": -1560000,
            "revenue": 16688000,
            "common_shares": 5061000,
            "book_valuer_per_share": -11.34,
            "book_valuer_per_share_4q_avg": -10,
            "equity": -1028000,
            "current_ratio": 94.31,
            "debt_ratio": 101.75,
            "inventory_turnover_ratio": 0.87,
            "account_receivable_turnover_ratio": 2.37,
            "reinvestment_rate": -13.14,
            "research_to_sale_ratio": 21.42,
            "price_fair": 155.4,
            "eps_avg_yearly": 4.44,
            "eps_latest_yearly": 5.64,
            "eps_growth_yearly": 103.4
        },
        "20094": {
            "year_quarter": 20094,
            "year": 2009,
            "quarter": 4,
            "eps": 1.79,
            "eps_growth_year": null,
            "eps_4q": 1.85,
            "eps_4q_growth_year": -48.47,
            "roe": 233.27,
            "roe_4q": 124.62000000000006,
            "gross_profit": 3429000,
            "gross_margin": 19.12,
            "gross_margin_4q_avg": 17.14,
            "net_income": 1283000,
            "revenue": 17937000,
            "common_shares": 5061000,
            "book_valuer_per_share": -6.7,
            "book_valuer_per_share_4q_avg": -9.05,
            "equity": 2128000,
            "current_ratio": 107.27,
            "debt_ratio": 96.57,
            "inventory_turnover_ratio": 0.88,
            "account_receivable_turnover_ratio": 2.72,
            "reinvestment_rate": -17.86,
            "research_to_sale_ratio": 5.59,
            "price_fair": 161.82,
            "eps_avg_yearly": 4.62,
            "eps_latest_yearly": 5.64,
            "eps_growth_yearly": 121.72
        },
        "20101": {
            "year_quarter": 20101,
            "year": 2010,
            "quarter": 1,
            "eps": 0.7,
            "eps_growth_year": -19.29,
            "eps_4q": 1.68,
            "eps_4q_growth_year": -40.98,
            "roe": 20.47,
            "roe_4q": 207.97000000000008,
            "gross_profit": 3072000,
            "gross_margin": 20.19,
            "gross_margin_4q_avg": 18.01,
            "net_income": 519000,
            "revenue": 15216000,
            "common_shares": 5061000,
            "book_valuer_per_share": -5.61,
            "book_valuer_per_share_4q_avg": -8.06,
            "equity": 2942000,
            "current_ratio": 109.9,
            "debt_ratio": 95.33,
            "inventory_turnover_ratio": 0.68,
            "account_receivable_turnover_ratio": 2.38,
            "reinvestment_rate": -20.46,
            "research_to_sale_ratio": 6.57,
            "price_fair": 159.6,
            "eps_avg_yearly": 4.56,
            "eps_latest_yearly": 2.8,
            "eps_growth_yearly": 81.78
        },
        "20102": {
            "year_quarter": 20102,
            "year": 2010,
            "quarter": 2,
            "eps": 1.06,
            "eps_growth_year": -24.73,
            "eps_4q": 1.34,
            "eps_4q_growth_year": -57.02,
            "roe": 26.22,
            "roe_4q": 647.8800000000001,
            "gross_profit": 3033000,
            "gross_margin": 19.48,
            "gross_margin_4q_avg": 18.01,
            "net_income": 789000,
            "revenue": 15573000,
            "common_shares": 5061000,
            "book_valuer_per_share": -5.32,
            "book_valuer_per_share_4q_avg": -7.24,
            "equity": 3077000,
            "current_ratio": 112.44,
            "debt_ratio": 95.17,
            "inventory_turnover_ratio": 0.64,
            "account_receivable_turnover_ratio": 2.3,
            "reinvestment_rate": -17.61,
            "research_to_sale_ratio": 6.43,
            "price_fair": 168.82,
            "eps_avg_yearly": 4.82,
            "eps_latest_yearly": 4.24,
            "eps_growth_yearly": 122.14
        },
        "20103": {
            "year_quarter": 20103,
            "year": 2010,
            "quarter": 3,
            "eps": 1.11,
            "eps_growth_year": null,
            "eps_4q": 4.67,
            "eps_4q_growth_year": null,
            "roe": 22.23,
            "roe_4q": 302.19,
            "gross_profit": 3221000,
            "gross_margin": 18.98,
            "gross_margin_4q_avg": 19.44,
            "net_income": 837000,
            "revenue": 16967000,
            "common_shares": 5061000,
            "book_valuer_per_share": -4.7,
            "book_valuer_per_share_4q_avg": -5.58,
            "equity": 4454000,
            "current_ratio": 115.23,
            "debt_ratio": 93.17,
            "inventory_turnover_ratio": 0.65,
            "account_receivable_turnover_ratio": 2.49,
            "reinvestment_rate": -18.39,
            "research_to_sale_ratio": 5.81,
            "price_fair": 132.65,
            "eps_avg_yearly": 4.82,
            "eps_latest_yearly": 4.44,
            "eps_growth_yearly": 17.54
        },
        "20104": {
            "year_quarter": 20104,
            "year": 2010,
            "quarter": 4,
            "eps": 1.55,
            "eps_growth_year": -13.71,
            "eps_4q": 4.42,
            "eps_4q_growth_year": 138.81,
            "roe": 32.3,
            "roe_4q": 101.22,
            "gross_profit": 3137000,
            "gross_margin": 18.95,
            "gross_margin_4q_avg": 19.4,
            "net_income": 1166000,
            "revenue": 16550000,
            "common_shares": 5061000,
            "book_valuer_per_share": -7,
            "book_valuer_per_share_4q_avg": -5.66,
            "equity": 2766000,
            "current_ratio": 114.63,
            "debt_ratio": 95.97,
            "inventory_turnover_ratio": 0.58,
            "account_receivable_turnover_ratio": 2.66,
            "reinvestment_rate": -15.99,
            "research_to_sale_ratio": 6.85,
            "price_fair": 172.32,
            "eps_avg_yearly": 4.92,
            "eps_latest_yearly": 6.2,
            "eps_growth_yearly": 27.8
        },
        "20111": {
            "year_quarter": 20111,
            "year": 2011,
            "quarter": 1,
            "eps": 0.79,
            "eps_growth_year": 11.52,
            "eps_4q": 4.51,
            "eps_4q_growth_year": 167.48,
            "roe": 17.61,
            "roe_4q": 98.36,
            "gross_profit": 2861000,
            "gross_margin": 19.19,
            "gross_margin_4q_avg": 19.15,
            "net_income": 588000,
            "revenue": 14910000,
            "common_shares": 5061000,
            "book_valuer_per_share": -5.37,
            "book_valuer_per_share_4q_avg": -5.6,
            "equity": 3912000,
            "current_ratio": 116.31,
            "debt_ratio": 94.31,
            "inventory_turnover_ratio": 0.47,
            "account_receivable_turnover_ratio": 2.49,
            "reinvestment_rate": -18.29,
            "research_to_sale_ratio": 7.09,
            "price_fair": 117.64,
            "eps_avg_yearly": 4.81,
            "eps_latest_yearly": 3.16,
            "eps_growth_yearly": 14.44
        },
        "20112": {
            "year_quarter": 20112,
            "year": 2011,
            "quarter": 2,
            "eps": 1.23,
            "eps_growth_year": 16.1,
            "eps_4q": 4.68,
            "eps_4q_growth_year": 250.28,
            "roe": 21.79,
            "roe_4q": 93.92999999999999,
            "gross_profit": 3343000,
            "gross_margin": 20.21,
            "gross_margin_4q_avg": 19.33,
            "net_income": 942000,
            "revenue": 16543000,
            "common_shares": 5061000,
            "book_valuer_per_share": -4.53,
            "book_valuer_per_share_4q_avg": -5.4,
            "equity": 4733000,
            "current_ratio": 118.69,
            "debt_ratio": 93.44,
            "inventory_turnover_ratio": 0.47,
            "account_receivable_turnover_ratio": 2.6,
            "reinvestment_rate": -18.91,
            "research_to_sale_ratio": 6.33,
            "price_fair": 167.07,
            "eps_avg_yearly": 4.77,
            "eps_latest_yearly": 4.92,
            "eps_growth_yearly": 26.16
        },
        "20113": {
            "year_quarter": 20113,
            "year": 2011,
            "quarter": 3,
            "eps": 1.45,
            "eps_growth_year": 30.56,
            "eps_4q": 5.02,
            "eps_4q_growth_year": 7.41,
            "roe": 20.45,
            "roe_4q": 92.14999999999999,
            "gross_profit": 3370000,
            "gross_margin": 19.01,
            "gross_margin_4q_avg": 19.34,
            "net_income": 1094000,
            "revenue": 17727000,
            "common_shares": 5061000,
            "book_valuer_per_share": -2.78,
            "book_valuer_per_share_4q_avg": -4.92,
            "equity": 5967000,
            "current_ratio": 123.29,
            "debt_ratio": 91.95,
            "inventory_turnover_ratio": 0.48,
            "account_receivable_turnover_ratio": 2.72,
            "reinvestment_rate": -18.97,
            "research_to_sale_ratio": 5.08,
            "price_fair": 167.07,
            "eps_avg_yearly": 4.77,
            "eps_latest_yearly": 5.8,
            "eps_growth_yearly": 29.65
        },
        "20114": {
            "year_quarter": 20114,
            "year": 2011,
            "quarter": 4,
            "eps": 1.84,
            "eps_growth_year": 19,
            "eps_4q": 5.31,
            "eps_4q_growth_year": 20.02,
            "roe": 29.26,
            "roe_4q": 89.11,
            "gross_profit": 3294000,
            "gross_margin": 16.84,
            "gross_margin_4q_avg": 18.81,
            "net_income": 1387000,
            "revenue": 19555000,
            "common_shares": 5061000,
            "book_valuer_per_share": -6.01,
            "book_valuer_per_share_4q_avg": -4.67,
            "equity": 3515000,
            "current_ratio": 120.68,
            "debt_ratio": 95.61,
            "inventory_turnover_ratio": 0.52,
            "account_receivable_turnover_ratio": 3.04,
            "reinvestment_rate": -15.4,
            "research_to_sale_ratio": 4.67,
            "price_fair": 173.37,
            "eps_avg_yearly": 4.95,
            "eps_latest_yearly": 7.36,
            "eps_growth_yearly": 42.07
        },
        "20121": {
            "year_quarter": 20121,
            "year": 2012,
            "quarter": 1,
            "eps": 1.22,
            "eps_growth_year": 54.81,
            "eps_4q": 5.74,
            "eps_4q_growth_year": 27.41,
            "roe": 21.63,
            "roe_4q": 93.13,
            "gross_profit": 3309000,
            "gross_margin": 17.07,
            "gross_margin_4q_avg": 18.28,
            "net_income": 924000,
            "revenue": 19383000,
            "common_shares": 5061000,
            "book_valuer_per_share": -3.89,
            "book_valuer_per_share_4q_avg": -4.3,
            "equity": 5027000,
            "current_ratio": 121.37,
            "debt_ratio": 93.73,
            "inventory_turnover_ratio": 0.49,
            "account_receivable_turnover_ratio": 2.96,
            "reinvestment_rate": -19.64,
            "research_to_sale_ratio": 4.31,
            "price_fair": 158.62,
            "eps_avg_yearly": 4.82,
            "eps_latest_yearly": 4.88,
            "eps_growth_yearly": 22.89
        },
        "20122": {
            "year_quarter": 20122,
            "year": 2012,
            "quarter": 2,
            "eps": 1.27,
            "eps_growth_year": 2.87,
            "eps_4q": 5.78,
            "eps_4q_growth_year": 23.5,
            "roe": 17.86,
            "roe_4q": 89.2,
            "gross_profit": 3259000,
            "gross_margin": 16.29,
            "gross_margin_4q_avg": 17.3,
            "net_income": 967000,
            "revenue": 20005000,
            "common_shares": 5061000,
            "book_valuer_per_share": -2.84,
            "book_valuer_per_share_4q_avg": -3.88,
            "equity": 5804000,
            "current_ratio": 121.57,
            "debt_ratio": 92.89,
            "inventory_turnover_ratio": 0.49,
            "account_receivable_turnover_ratio": 3.06,
            "reinvestment_rate": -17.46,
            "research_to_sale_ratio": 4.28,
            "price_fair": 170.1,
            "eps_avg_yearly": 4.86,
            "eps_latest_yearly": 5.08,
            "eps_growth_yearly": 33.57
        },
        "20123": {
            "year_quarter": 20123,
            "year": 2012,
            "quarter": 3,
            "eps": 1.35,
            "eps_growth_year": -7.09,
            "eps_4q": 5.67,
            "eps_4q_growth_year": 13.09,
            "roe": 15.44,
            "roe_4q": 84.19,
            "gross_profit": 3209000,
            "gross_margin": 16.04,
            "gross_margin_4q_avg": 16.56,
            "net_income": 1034000,
            "revenue": 20008000,
            "common_shares": 5061000,
            "book_valuer_per_share": -0.4,
            "book_valuer_per_share_4q_avg": -3.29,
            "equity": 7588000,
            "current_ratio": 125.5,
            "debt_ratio": 90.93,
            "inventory_turnover_ratio": 0.47,
            "account_receivable_turnover_ratio": 3.34,
            "reinvestment_rate": 5.23,
            "research_to_sale_ratio": 4.26,
            "price_fair": 174.77,
            "eps_avg_yearly": 4.99,
            "eps_latest_yearly": 5.4,
            "eps_growth_yearly": 41.7
        },
        "20124": {
            "year_quarter": 20124,
            "year": 2012,
            "quarter": 4,
            "eps": 1.27,
            "eps_growth_year": -30.87,
            "eps_4q": 5.1,
            "eps_4q_growth_year": -3.86,
            "roe": 14.54,
            "roe_4q": 69.47,
            "gross_profit": 3261000,
            "gross_margin": 14.62,
            "gross_margin_4q_avg": 16.01,
            "net_income": 978000,
            "revenue": 22302000,
            "common_shares": 5061000,
            "book_valuer_per_share": -3.02,
            "book_valuer_per_share_4q_avg": -2.54,
            "equity": 5867000,
            "current_ratio": 127.4,
            "debt_ratio": 93.4,
            "inventory_turnover_ratio": 0.51,
            "account_receivable_turnover_ratio": 3.8,
            "reinvestment_rate": 6.22,
            "research_to_sale_ratio": 3.38,
            "price_fair": 175,
            "eps_avg_yearly": 5,
            "eps_latest_yearly": 5.08,
            "eps_growth_yearly": 36.67
        },
        "20131": {
            "year_quarter": 20131,
            "year": 2013,
            "quarter": 1,
            "eps": 1.42,
            "eps_growth_year": 16.57,
            "eps_4q": 5.31,
            "eps_4q_growth_year": -7.56,
            "roe": 16.6,
            "roe_4q": 64.44,
            "gross_profit": 3137000,
            "gross_margin": 16.6,
            "gross_margin_4q_avg": 15.89,
            "net_income": 1106000,
            "revenue": 18893000,
            "common_shares": 5061000,
            "book_valuer_per_share": -0.87,
            "book_valuer_per_share_4q_avg": -1.78,
            "equity": 7462000,
            "current_ratio": 130.27,
            "debt_ratio": 91.75,
            "inventory_turnover_ratio": 0.4,
            "account_receivable_turnover_ratio": 2.96,
            "reinvestment_rate": 7.03,
            "research_to_sale_ratio": 3.73,
            "price_fair": 176.7,
            "eps_avg_yearly": 5.05,
            "eps_latest_yearly": 5.68,
            "eps_growth_yearly": 37.43
        },
        "20132": {
            "year_quarter": 20132,
            "year": 2013,
            "quarter": 2,
            "eps": 1.41,
            "eps_growth_year": 10.84,
            "eps_4q": 5.44,
            "eps_4q_growth_year": -5.74,
            "roe": 14.5,
            "roe_4q": 61.08,
            "gross_profit": 3365000,
            "gross_margin": 15.43,
            "gross_margin_4q_avg": 15.67,
            "net_income": 1087000,
            "revenue": 21815000,
            "common_shares": 5061000,
            "book_valuer_per_share": -0.7,
            "book_valuer_per_share_4q_avg": -1.25,
            "equity": 7526000,
            "current_ratio": 130.59,
            "debt_ratio": 91.83,
            "inventory_turnover_ratio": 0.46,
            "account_receivable_turnover_ratio": 3.22,
            "reinvestment_rate": 7.21,
            "research_to_sale_ratio": 3.5,
            "price_fair": 148.89,
            "eps_avg_yearly": 5.05,
            "eps_latest_yearly": 5.64,
            "eps_growth_yearly": 19.49
        },
        "20133": {
            "year_quarter": 20133,
            "year": 2013,
            "quarter": 3,
            "eps": 1.51,
            "eps_growth_year": 11.74,
            "eps_4q": 5.6,
            "eps_4q_growth_year": -1.25,
            "roe": 14.08,
            "roe_4q": 59.72,
            "gross_profit": 3456000,
            "gross_margin": 15.62,
            "gross_margin_4q_avg": 15.57,
            "net_income": 1160000,
            "revenue": 22130000,
            "common_shares": 5061000,
            "book_valuer_per_share": 1.25,
            "book_valuer_per_share_4q_avg": -0.84,
            "equity": 8951000,
            "current_ratio": 129.15,
            "debt_ratio": 90.54,
            "inventory_turnover_ratio": 0.46,
            "account_receivable_turnover_ratio": 3.23,
            "reinvestment_rate": 8.45,
            "research_to_sale_ratio": 3.41,
            "price_fair": 153.87,
            "eps_avg_yearly": 5.11,
            "eps_latest_yearly": 6.04,
            "eps_growth_yearly": 20.08
        },
        "20134": {
            "year_quarter": 20134,
            "year": 2013,
            "quarter": 4,
            "eps": 1.62,
            "eps_growth_year": 27.38,
            "eps_4q": 5.95,
            "eps_4q_growth_year": 16.56,
            "roe": 10.35,
            "roe_4q": 55.53,
            "gross_profit": 3397000,
            "gross_margin": 14.28,
            "gross_margin_4q_avg": 15.48,
            "net_income": 1233000,
            "revenue": 23785000,
            "common_shares": 5061000,
            "book_valuer_per_share": 9.07,
            "book_valuer_per_share_4q_avg": 2.19,
            "equity": 14875000,
            "current_ratio": 126.39,
            "debt_ratio": 83.95,
            "inventory_turnover_ratio": 0.48,
            "account_receivable_turnover_ratio": 3.43,
            "reinvestment_rate": 10.78,
            "research_to_sale_ratio": 3.57,
            "price_fair": 159.38,
            "eps_avg_yearly": 5.2,
            "eps_latest_yearly": 6.48,
            "eps_growth_yearly": 20.65
        },
        "20141": {
            "year_quarter": 20141,
            "year": 2014,
            "quarter": 1,
            "eps": 1.28,
            "eps_growth_year": -9.67,
            "eps_4q": 5.81,
            "eps_4q_growth_year": 9.56,
            "roe": 6.57,
            "roe_4q": 45.5,
            "gross_profit": 3169000,
            "gross_margin": 15.48,
            "gross_margin_4q_avg": 15.2,
            "net_income": 965000,
            "revenue": 20465000,
            "common_shares": 5061000,
            "book_valuer_per_share": 8.86,
            "book_valuer_per_share_4q_avg": 4.62,
            "equity": 14520000,
            "current_ratio": 123.38,
            "debt_ratio": 84.14,
            "inventory_turnover_ratio": 0.39,
            "account_receivable_turnover_ratio": 2.83,
            "reinvestment_rate": 11.56,
            "research_to_sale_ratio": 3.95,
            "price_fair": 187.08,
            "eps_avg_yearly": 5.35,
            "eps_latest_yearly": 5.12,
            "eps_growth_yearly": 30.63
        },
        "20142": {
            "year_quarter": 20142,
            "year": 2014,
            "quarter": 2,
            "eps": 2.23,
            "eps_growth_year": 58.73,
            "eps_4q": 6.64,
            "eps_4q_growth_year": 21.97,
            "roe": 11.57,
            "roe_4q": 42.57,
            "gross_profit": 3375000,
            "gross_margin": 15.31,
            "gross_margin_4q_avg": 15.17,
            "net_income": 1653000,
            "revenue": 22045000,
            "common_shares": 5061000,
            "book_valuer_per_share": 8.2,
            "book_valuer_per_share_4q_avg": 6.85,
            "equity": 14061000,
            "current_ratio": 122.85,
            "debt_ratio": 84.84,
            "inventory_turnover_ratio": 0.41,
            "account_receivable_turnover_ratio": 2.84,
            "reinvestment_rate": 11.33,
            "research_to_sale_ratio": 3.33,
            "price_fair": 197.31,
            "eps_avg_yearly": 5.64,
            "eps_latest_yearly": 8.92,
            "eps_growth_yearly": 36.32
        },
        "20143": {
            "year_quarter": 20143,
            "year": 2014,
            "quarter": 3,
            "eps": 1.86,
            "eps_growth_year": 23.56,
            "eps_4q": 6.99,
            "eps_4q_growth_year": 24.86,
            "roe": 9.53,
            "roe_4q": 38.02,
            "gross_profit": 3709000,
            "gross_margin": 15.59,
            "gross_margin_4q_avg": 15.17,
            "net_income": 1362000,
            "revenue": 23784000,
            "common_shares": 5061000,
            "book_valuer_per_share": 9,
            "book_valuer_per_share_4q_avg": 8.78,
            "equity": 14511000,
            "current_ratio": 122.58,
            "debt_ratio": 84.34,
            "inventory_turnover_ratio": 0.43,
            "account_receivable_turnover_ratio": 2.98,
            "reinvestment_rate": 10.59,
            "research_to_sale_ratio": 3.15,
            "price_fair": 203.88,
            "eps_avg_yearly": 5.83,
            "eps_latest_yearly": 7.44,
            "eps_growth_yearly": 31
        },
        "20144": {
            "year_quarter": 20144,
            "year": 2014,
            "quarter": 4,
            "eps": 2.04,
            "eps_growth_year": 25.71,
            "eps_4q": 7.41,
            "eps_4q_growth_year": 24.55,
            "roe": 12.65,
            "roe_4q": 40.32,
            "gross_profit": 3757000,
            "gross_margin": 15.35,
            "gross_margin_4q_avg": 15.43,
            "net_income": 1466000,
            "revenue": 24468000,
            "common_shares": 5061000,
            "book_valuer_per_share": 0.96,
            "book_valuer_per_share_4q_avg": 6.76,
            "equity": 8665000,
            "current_ratio": 140.5,
            "debt_ratio": 90.67,
            "inventory_turnover_ratio": 0.44,
            "account_receivable_turnover_ratio": 3.06,
            "reinvestment_rate": 11.69,
            "research_to_sale_ratio": 3.09,
            "price_fair": 199.28,
            "eps_avg_yearly": 5.95,
            "eps_latest_yearly": 8.16,
            "eps_growth_yearly": 23.51
        },
        "20151": {
            "year_quarter": 20151,
            "year": 2015,
            "quarter": 1,
            "eps": 1.87,
            "eps_growth_year": 46.26,
            "eps_4q": 8,
            "eps_4q_growth_year": 37.67,
            "roe": 16.12,
            "roe_4q": 49.870000000000005,
            "gross_profit": 3653000,
            "gross_margin": 16.49,
            "gross_margin_4q_avg": 15.69,
            "net_income": 1336000,
            "revenue": 22149000,
            "common_shares": 5061000,
            "book_valuer_per_share": -0.01,
            "book_valuer_per_share_4q_avg": 4.54,
            "equity": 7906000,
            "current_ratio": 120.21,
            "debt_ratio": 91.91,
            "inventory_turnover_ratio": 0.39,
            "account_receivable_turnover_ratio": 2.74,
            "reinvestment_rate": 11.58,
            "research_to_sale_ratio": 3.47,
            "price_fair": 217.61,
            "eps_avg_yearly": 6.22,
            "eps_latest_yearly": 7.48,
            "eps_growth_yearly": 33.68
        },
        "20152": {
            "year_quarter": 20152,
            "year": 2015,
            "quarter": 2,
            "eps": 1.59,
            "eps_growth_year": -28.78,
            "eps_4q": 7.36,
            "eps_4q_growth_year": 10.85,
            "roe": 15.67,
            "roe_4q": 53.97,
            "gross_profit": 3193000,
            "gross_margin": 13.01,
            "gross_margin_4q_avg": 15.11,
            "net_income": 1110000,
            "revenue": 24543000,
            "common_shares": 5061000,
            "book_valuer_per_share": -2.39,
            "book_valuer_per_share_4q_avg": 1.89,
            "equity": 6264000,
            "current_ratio": 116.92,
            "debt_ratio": 93.61,
            "inventory_turnover_ratio": 0.44,
            "account_receivable_turnover_ratio": 2.99,
            "reinvestment_rate": 12.17,
            "research_to_sale_ratio": 3.26,
            "price_fair": 164.08,
            "eps_avg_yearly": 6.31,
            "eps_latest_yearly": 6.36,
            "eps_growth_yearly": 16.01
        },
        "20153": {
            "year_quarter": 20153,
            "year": 2015,
            "quarter": 3,
            "eps": 2.47,
            "eps_growth_year": 32.91,
            "eps_4q": 7.97,
            "eps_4q_growth_year": 13.99,
            "roe": 26.21,
            "roe_4q": 70.65,
            "gross_profit": 4249000,
            "gross_margin": 16.44,
            "gross_margin_4q_avg": 15.32,
            "net_income": 1704000,
            "revenue": 25849000,
            "common_shares": 5061000,
            "book_valuer_per_share": -1.62,
            "book_valuer_per_share_4q_avg": -0.77,
            "equity": 6740000,
            "current_ratio": 116.9,
            "debt_ratio": 93.19,
            "inventory_turnover_ratio": 0.44,
            "account_receivable_turnover_ratio": 3,
            "reinvestment_rate": 13.02,
            "research_to_sale_ratio": 3.32,
            "price_fair": 229.69,
            "eps_avg_yearly": 6.56,
            "eps_latest_yearly": 9.88,
            "eps_growth_yearly": 25.38
        },
        "20154": {
            "year_quarter": 20154,
            "year": 2015,
            "quarter": 4,
            "eps": 1.51,
            "eps_growth_year": -25.84,
            "eps_4q": 7.45,
            "eps_4q_growth_year": 0.48,
            "roe": 15.69,
            "roe_4q": 73.69,
            "gross_profit": 2931000,
            "gross_margin": 12.43,
            "gross_margin_4q_avg": 14.59,
            "net_income": 1026000,
            "revenue": 23573000,
            "common_shares": 5061000,
            "book_valuer_per_share": -2.17,
            "book_valuer_per_share_4q_avg": -1.55,
            "equity": 6335000,
            "current_ratio": 135.35,
            "debt_ratio": 93.29,
            "inventory_turnover_ratio": 0.43,
            "account_receivable_turnover_ratio": 2.62,
            "reinvestment_rate": 15.3,
            "research_to_sale_ratio": 3.84,
            "price_fair": 122.71,
            "eps_avg_yearly": 6.48,
            "eps_latest_yearly": 6.04,
            "eps_growth_yearly": 8.94
        },
        "20161": {
            "year_quarter": 20161,
            "year": 2016,
            "quarter": 1,
            "eps": 1.83,
            "eps_growth_year": -2.42,
            "eps_4q": 7.4,
            "eps_4q_growth_year": -7.52,
            "roe": 23.49,
            "roe_4q": 81.06,
            "gross_profit": 3535000,
            "gross_margin": 15.62,
            "gross_margin_4q_avg": 14.38,
            "net_income": 1219000,
            "revenue": 22632000,
            "common_shares": 5061000,
            "book_valuer_per_share": -5.76,
            "book_valuer_per_share_4q_avg": -2.99,
            "equity": 4043000,
            "current_ratio": 132.45,
            "debt_ratio": 95.58,
            "inventory_turnover_ratio": 0.4,
            "account_receivable_turnover_ratio": 2.4,
            "reinvestment_rate": 16.02,
            "research_to_sale_ratio": 4.05,
            "price_fair": 216.61,
            "eps_avg_yearly": 6.63,
            "eps_latest_yearly": 7.32,
            "eps_growth_yearly": 22.66
        },
        "20162": {
            "year_quarter": 20162,
            "year": 2016,
            "quarter": 2,
            "eps": -0.36,
            "eps_growth_year": -122.32,
            "eps_4q": 5.46,
            "eps_4q_growth_year": -25.88,
            "roe": -10.11,
            "roe_4q": 55.28,
            "gross_profit": 2430000,
            "gross_margin": 9.82,
            "gross_margin_4q_avg": 13.58,
            "net_income": -234000,
            "revenue": 24755000,
            "common_shares": 5061000,
            "book_valuer_per_share": -11.32,
            "book_valuer_per_share_4q_avg": -5.22,
            "equity": 585000,
            "current_ratio": 127.37,
            "debt_ratio": 99.35,
            "inventory_turnover_ratio": 0.49,
            "account_receivable_turnover_ratio": 2.47,
            "reinvestment_rate": 17.32,
            "research_to_sale_ratio": 8.59,
            "price_fair": 222.81,
            "eps_avg_yearly": 6.74,
            "eps_latest_yearly": 7.32,
            "eps_growth_yearly": 23.08
        },
        "20163": {
            "year_quarter": 20163,
            "year": 2016,
            "quarter": 3,
            "eps": 3.6,
            "eps_growth_year": 45.65,
            "eps_4q": 6.59,
            "eps_4q_growth_year": -17.41,
            "roe": 170.46,
            "roe_4q": 199.53000000000003,
            "gross_profit": 3994000,
            "gross_margin": 16.71,
            "gross_margin_4q_avg": 13.65,
            "net_income": 2279000,
            "revenue": 23898000,
            "common_shares": 5061000,
            "book_valuer_per_share": -8.93,
            "book_valuer_per_share_4q_avg": -7.05,
            "equity": 2089000,
            "current_ratio": 128.35,
            "debt_ratio": 97.65,
            "inventory_turnover_ratio": 0.46,
            "account_receivable_turnover_ratio": 2.4,
            "reinvestment_rate": 16.33,
            "research_to_sale_ratio": 3.59,
            "price_fair": 224.93,
            "eps_avg_yearly": 6.83,
            "eps_latest_yearly": 7.32,
            "eps_growth_yearly": 22.93
        },
        "20164": {
            "year_quarter": 20164,
            "year": 2016,
            "quarter": 4,
            "eps": 2.8,
            "eps_growth_year": 85.63,
            "eps_4q": 7.88,
            "eps_4q_growth_year": 5.8,
            "roe": 121.82,
            "roe_4q": 305.65999999999997,
            "gross_profit": 4511000,
            "gross_margin": 20.31,
            "gross_margin_4q_avg": 15.62,
            "net_income": 1770000,
            "revenue": 22211000,
            "common_shares": 5061000,
            "book_valuer_per_share": -11.42,
            "book_valuer_per_share_4q_avg": -9.36,
            "equity": 817000,
            "current_ratio": 124.64,
            "debt_ratio": 99.09,
            "inventory_turnover_ratio": 0.41,
            "account_receivable_turnover_ratio": 2.32,
            "reinvestment_rate": 15.86,
            "research_to_sale_ratio": 3.26,
            "price_fair": 205.48,
            "eps_avg_yearly": 7.27,
            "eps_latest_yearly": 11.2,
            "eps_growth_yearly": 18.27
        },
        "20171": {
            "year_quarter": 20171,
            "year": 2017,
            "quarter": 1,
            "eps": 2.54,
            "eps_growth_year": 39.05,
            "eps_4q": 8.59,
            "eps_4q_growth_year": 16.08,
            "roe": 346.27,
            "roe_4q": 628.4399999999999,
            "gross_profit": 3888000,
            "gross_margin": 17.7,
            "gross_margin_4q_avg": 16.14,
            "net_income": 1579000,
            "revenue": 21961000,
            "common_shares": 5061000,
            "book_valuer_per_share": -12.78,
            "book_valuer_per_share_4q_avg": -11.11,
            "equity": 95000,
            "current_ratio": 125.28,
            "debt_ratio": 99.89,
            "inventory_turnover_ratio": 0.42,
            "account_receivable_turnover_ratio": 2.29,
            "reinvestment_rate": 15.36,
            "research_to_sale_ratio": 3.81,
            "price_fair": 168.78,
            "eps_avg_yearly": 7.59,
            "eps_latest_yearly": 10.16,
            "eps_growth_yearly": 12.24
        },
        "20172": {
            "year_quarter": 20172,
            "year": 2017,
            "quarter": 2,
            "eps": 2.87,
            "eps_growth_year": null,
            "eps_4q": 11.82,
            "eps_4q_growth_year": 116.61,
            "roe": -180.12,
            "roe_4q": 458.42999999999995,
            "gross_profit": 4349000,
            "gross_margin": 18.87,
            "gross_margin_4q_avg": 18.4,
            "net_income": 1749000,
            "revenue": 23051000,
            "common_shares": 5061000,
            "book_valuer_per_share": -16.78,
            "book_valuer_per_share_4q_avg": -12.48,
            "equity": -2037000,
            "current_ratio": 118.75,
            "debt_ratio": 102.26,
            "inventory_turnover_ratio": 0.44,
            "account_receivable_turnover_ratio": 2.31,
            "reinvestment_rate": 13.77,
            "research_to_sale_ratio": 3.53,
            "price_fair": 209.39,
            "eps_avg_yearly": 8.01,
            "eps_latest_yearly": 11.48,
            "eps_growth_yearly": 16.16
        },
        "20173": {
            "year_quarter": 20173,
            "year": 2017,
            "quarter": 3,
            "eps": 2.99,
            "eps_growth_year": -17.15,
            "eps_4q": 11.2,
            "eps_4q_growth_year": 70.08,
            "roe": -380.65,
            "roe_4q": -92.68,
            "gross_profit": 4267000,
            "gross_margin": 17.62,
            "gross_margin_4q_avg": 18.63,
            "net_income": 1810000,
            "revenue": 24223000,
            "common_shares": 5061000,
            "book_valuer_per_share": -11.35,
            "book_valuer_per_share_4q_avg": -13.08,
            "equity": 1086000,
            "current_ratio": 117.89,
            "debt_ratio": 98.81,
            "inventory_turnover_ratio": 0.47,
            "account_receivable_turnover_ratio": 2.29,
            "reinvestment_rate": 11.59,
            "research_to_sale_ratio": 3.17,
            "price_fair": 213.44,
            "eps_avg_yearly": 8.43,
            "eps_latest_yearly": 11.96,
            "eps_growth_yearly": 15.32
        },
        "20174": {
            "year_quarter": 20174,
            "year": 2017,
            "quarter": 4,
            "eps": 3.36,
            "eps_growth_year": 20.01,
            "eps_4q": 11.76,
            "eps_4q_growth_year": 49.28,
            "roe": 149.45,
            "roe_4q": -65.05000000000001,
            "gross_profit": 4889000,
            "gross_margin": 19.74,
            "gross_margin_4q_avg": 18.48,
            "net_income": 2049000,
            "revenue": 24770000,
            "common_shares": 5061000,
            "book_valuer_per_share": -10.96,
            "book_valuer_per_share_4q_avg": -12.97,
            "equity": 1656000,
            "current_ratio": 114.13,
            "debt_ratio": 98.53,
            "inventory_turnover_ratio": 0.38,
            "account_receivable_turnover_ratio": 2.2,
            "reinvestment_rate": 10.77,
            "research_to_sale_ratio": 3.08,
            "price_fair": 239.01,
            "eps_avg_yearly": 8.93,
            "eps_latest_yearly": 13.44,
            "eps_growth_yearly": 16.78
        },
        "20181": {
            "year_quarter": 20181,
            "year": 2018,
            "quarter": 1,
            "eps": 4.14,
            "eps_growth_year": 63.09,
            "eps_4q": 13.36,
            "eps_4q_growth_year": 55.54,
            "roe": 172.13,
            "roe_4q": -239.19,
            "gross_profit": 4558000,
            "gross_margin": 19.49,
            "gross_margin_4q_avg": 18.93,
            "net_income": 2477000,
            "revenue": 23382000,
            "common_shares": 5061000,
            "book_valuer_per_share": -11.74,
            "book_valuer_per_share_4q_avg": -12.71,
            "equity": 1222000,
            "current_ratio": 114.58,
            "debt_ratio": 98.92,
            "inventory_turnover_ratio": 0.31,
            "account_receivable_turnover_ratio": 1.93,
            "reinvestment_rate": 9.16,
            "research_to_sale_ratio": 3.27,
            "price_fair": 341,
            "eps_avg_yearly": 9.74,
            "eps_latest_yearly": 16.56,
            "eps_growth_yearly": 29.41
        },
        "20182": {
            "year_quarter": 20182,
            "year": 2018,
            "quarter": 2,
            "eps": 3.73,
            "eps_growth_year": 29.76,
            "eps_4q": 14.22,
            "eps_4q_growth_year": 20.31,
            "roe": -2005.48,
            "roe_4q": -2064.5499999999997,
            "gross_profit": 4722000,
            "gross_margin": 19.47,
            "gross_margin_4q_avg": 19.08,
            "net_income": 2196000,
            "revenue": 24258000,
            "common_shares": 5061000,
            "book_valuer_per_share": -16.47,
            "book_valuer_per_share_4q_avg": -12.63,
            "equity": -1441000,
            "current_ratio": 111.16,
            "debt_ratio": 101.27,
            "inventory_turnover_ratio": 0.32,
            "account_receivable_turnover_ratio": 1.88,
            "reinvestment_rate": 7.62,
            "research_to_sale_ratio": 3.41,
            "price_fair": 156.35,
            "eps_avg_yearly": 10.17,
            "eps_latest_yearly": 14.92,
            "eps_growth_yearly": 5.37
        },
        "20183": {
            "year_quarter": 20183,
            "year": 2018,
            "quarter": 3,
            "eps": 3.99,
            "eps_growth_year": 33.71,
            "eps_4q": 15.22,
            "eps_4q_growth_year": 35.93,
            "roe": -173.11,
            "roe_4q": -1857.01,
            "gross_profit": 4106000,
            "gross_margin": 16.33,
            "gross_margin_4q_avg": 18.76,
            "net_income": 2363000,
            "revenue": 25146000,
            "common_shares": 5061000,
            "book_valuer_per_share": -16.77,
            "book_valuer_per_share_4q_avg": -13.99,
            "equity": -1289000,
            "current_ratio": 110.41,
            "debt_ratio": 101.12,
            "inventory_turnover_ratio": 0.34,
            "account_receivable_turnover_ratio": 1.92,
            "reinvestment_rate": 6.18,
            "research_to_sale_ratio": 3.28,
            "price_fair": 238.28,
            "eps_avg_yearly": 10.78,
            "eps_latest_yearly": 15.96,
            "eps_growth_yearly": 12.1
        },
        "20184": {
            "year_quarter": 20184,
            "year": 2018,
            "quarter": 4,
            "eps": 5.93,
            "eps_growth_year": 76.19,
            "eps_4q": 17.79,
            "eps_4q_growth_year": 51.24,
            "roe": -720.84,
            "roe_4q": -2727.3,
            "gross_profit": 6251000,
            "gross_margin": 22.06,
            "gross_margin_4q_avg": 19.34,
            "net_income": 3424000,
            "revenue": 28341000,
            "common_shares": 5061000,
            "book_valuer_per_share": -19.26,
            "book_valuer_per_share_4q_avg": -16.06,
            "equity": 339000,
            "current_ratio": 107.65,
            "debt_ratio": 99.71,
            "inventory_turnover_ratio": 0.35,
            "account_receivable_turnover_ratio": 2.05,
            "reinvestment_rate": 5.05,
            "research_to_sale_ratio": 3.01,
            "price_fair": 395.16,
            "eps_avg_yearly": 11.89,
            "eps_latest_yearly": 23.72,
            "eps_growth_yearly": 23.23
        },
        "20191": {
            "year_quarter": 20191,
            "year": 2019,
            "quarter": 1,
            "eps": 3.98,
            "eps_growth_year": -3.92,
            "eps_4q": 17.63,
            "eps_4q_growth_year": 31.89,
            "roe": 926.29,
            "roe_4q": -1973.14,
            "gross_profit": 4272000,
            "gross_margin": 18.64,
            "gross_margin_4q_avg": 19.13,
            "net_income": 2149000,
            "revenue": 22917000,
            "common_shares": 5061000,
            "book_valuer_per_share": -20.13,
            "book_valuer_per_share_4q_avg": -18.16,
            "equity": 125000,
            "current_ratio": 107.05,
            "debt_ratio": 99.9,
            "inventory_turnover_ratio": 0.29,
            "account_receivable_turnover_ratio": 1.6,
            "reinvestment_rate": 7.64,
            "research_to_sale_ratio": 3.78,
            "price_fair": 327.56,
            "eps_avg_yearly": 12.49,
            "eps_latest_yearly": 15.92,
            "eps_growth_yearly": 16.22
        },
        "20192": {
            "year_quarter": 20192,
            "year": 2019,
            "quarter": 2,
            "eps": 1.15,
            "eps_growth_year": -69.08,
            "eps_4q": 15.05,
            "eps_4q_growth_year": 5.86,
            "roe": 113.22,
            "roe_4q": 145.55999999999995,
            "gross_profit": 3551000,
            "gross_margin": 16.62,
            "gross_margin_4q_avg": 18.41,
            "net_income": -2942000,
            "revenue": 21361000,
            "common_shares": 5061000,
            "book_valuer_per_share": -30.45,
            "book_valuer_per_share_4q_avg": -21.65,
            "equity": -5322000,
            "current_ratio": 103.17,
            "debt_ratio": 104.22,
            "inventory_turnover_ratio": 0.27,
            "account_receivable_turnover_ratio": 1.53,
            "reinvestment_rate": 7.78,
            "research_to_sale_ratio": 3.87,
            "price_fair": 123.69,
            "eps_avg_yearly": 12.37,
            "eps_latest_yearly": 4.6,
            "eps_growth_yearly": 0.18
        },
        "20193": {
            "year_quarter": 20193,
            "year": 2019,
            "quarter": 3,
            "eps": 2.06,
            "eps_growth_year": -48.46,
            "eps_4q": 13.12,
            "eps_4q_growth_year": -13.84,
            "roe": -24.73,
            "roe_4q": 293.93999999999994,
            "gross_profit": 3050000,
            "gross_margin": 15.27,
            "gross_margin_4q_avg": 18.15,
            "net_income": 1167000,
            "revenue": 19980000,
            "common_shares": 5061000,
            "book_valuer_per_share": -28.01,
            "book_valuer_per_share_4q_avg": -24.46,
            "equity": -4116000,
            "current_ratio": 110.68,
            "debt_ratio": 103.1,
            "inventory_turnover_ratio": 0.24,
            "account_receivable_turnover_ratio": 1.4,
            "reinvestment_rate": 6.07,
            "research_to_sale_ratio": 3.89,
            "price_fair": 207.96,
            "eps_avg_yearly": 12.25,
            "eps_latest_yearly": 8.24,
            "eps_growth_yearly": 6.97
        },
        "20194": {
            "year_quarter": 20194,
            "year": 2019,
            "quarter": 4,
            "eps": 1.14,
            "eps_growth_year": -80.8,
            "eps_4q": 8.33,
            "eps_4q_growth_year": -53.19,
            "roe": 15.86,
            "roe_4q": 1030.6399999999999,
            "gross_profit": 1852000,
            "gross_margin": 9.01,
            "gross_margin_4q_avg": 14.89,
            "net_income": -1010000,
            "revenue": 20560000,
            "common_shares": 5061000,
            "book_valuer_per_share": -35.56,
            "book_valuer_per_share_4q_avg": -28.54,
            "equity": -8617000,
            "current_ratio": 105.05,
            "debt_ratio": 106.45,
            "inventory_turnover_ratio": 0.25,
            "account_receivable_turnover_ratio": 1.51,
            "reinvestment_rate": 5.49,
            "research_to_sale_ratio": 3.64,
            "price_fair": 186.06,
            "eps_avg_yearly": 12.15,
            "eps_latest_yearly": 4.56,
            "eps_growth_yearly": 5.32
        },
        "20201": {
            "year_quarter": 20201,
            "year": 2020,
            "quarter": 1,
            "eps": 0.41,
            "eps_growth_year": -89.67,
            "eps_4q": 4.76,
            "eps_4q_growth_year": -73,
            "roe": 7.01,
            "roe_4q": 111.36,
            "gross_profit": 140000,
            "gross_margin": 0.83,
            "gross_margin_4q_avg": 10.43,
            "net_income": -641000,
            "revenue": 16908000,
            "common_shares": 5061000,
            "book_valuer_per_share": -37.17,
            "book_valuer_per_share_4q_avg": -32.8,
            "equity": -9665000,
            "current_ratio": 117.47,
            "debt_ratio": 106.76,
            "inventory_turnover_ratio": 0.21,
            "account_receivable_turnover_ratio": 1.34,
            "reinvestment_rate": -1.57,
            "research_to_sale_ratio": 3.97,
            "price_fair": 35.22,
            "eps_avg_yearly": 11.74,
            "eps_latest_yearly": 1.64,
            "eps_growth_yearly": -19.03
        },
        "20202": {
            "year_quarter": 20202,
            "year": 2020,
            "quarter": 2,
            "eps": -1.11,
            "eps_growth_year": -196.07,
            "eps_4q": 2.5,
            "eps_4q_growth_year": -83.39,
            "roe": 22.45,
            "roe_4q": 20.59,
            "gross_profit": -1171000,
            "gross_margin": -9.92,
            "gross_margin_4q_avg": 3.8,
            "net_income": -2395000,
            "revenue": 11807000,
            "common_shares": 5061000,
            "book_valuer_per_share": -39.21,
            "book_valuer_per_share_4q_avg": -34.99,
            "equity": -11667000,
            "current_ratio": 140.87,
            "debt_ratio": 107.16,
            "inventory_turnover_ratio": 0.16,
            "account_receivable_turnover_ratio": 0.98,
            "reinvestment_rate": -4.27,
            "research_to_sale_ratio": 5.29,
            "price_fair": 35.22,
            "eps_avg_yearly": 11.74,
            "eps_latest_yearly": 1.64,
            "eps_growth_yearly": -19.03
        },
        "20203": {
            "year_quarter": 20203,
            "year": 2020,
            "quarter": 3,
            "eps": -0.09,
            "eps_growth_year": -104.17,
            "eps_4q": 0.36,
            "eps_4q_growth_year": -97.28,
            "roe": 3.97,
            "roe_4q": 49.29,
            "gross_profit": 1034000,
            "gross_margin": 7.31,
            "gross_margin_4q_avg": 1.81,
            "net_income": -466000,
            "revenue": 14139000,
            "common_shares": 5061000,
            "book_valuer_per_share": -39.26,
            "book_valuer_per_share_4q_avg": -37.8,
            "equity": -11821000,
            "current_ratio": 141.93,
            "debt_ratio": 107.33,
            "inventory_turnover_ratio": 0.15,
            "account_receivable_turnover_ratio": 1.22,
            "reinvestment_rate": -7.24,
            "research_to_sale_ratio": 4.06,
            "price_fair": 35.22,
            "eps_avg_yearly": 11.74,
            "eps_latest_yearly": 1.64,
            "eps_growth_yearly": -19.03
        },
        "20204": {
            "year_quarter": 20204,
            "year": 2020,
            "quarter": 4,
            "eps": -14.8,
            "eps_growth_year": -1400.36,
            "eps_4q": -15.58,
            "eps_4q_growth_year": -287.11,
            "roe": 63.8,
            "roe_4q": 97.23,
            "gross_profit": -5190000,
            "gross_margin": -32.84,
            "gross_margin_4q_avg": -8.66,
            "net_income": -9614000,
            "revenue": 15802000,
            "common_shares": 5061000,
            "book_valuer_per_share": -48.96,
            "book_valuer_per_share_4q_avg": -41.15,
            "equity": -18316000,
            "current_ratio": 139.37,
            "debt_ratio": 112.04,
            "inventory_turnover_ratio": 0.25,
            "account_receivable_turnover_ratio": 1.45,
            "reinvestment_rate": -1.91,
            "research_to_sale_ratio": 3.83,
            "price_fair": 35.34,
            "eps_avg_yearly": 11.78,
            "eps_latest_yearly": 1.64,
            "eps_growth_yearly": -13.66
        },
        "20211": {
            "year_quarter": 20211,
            "year": 2021,
            "quarter": 1,
            "eps": -0.21,
            "eps_growth_year": -151.64,
            "eps_4q": -16.2,
            "eps_4q_growth_year": -440.52,
            "roe": 3.08,
            "roe_4q": 93.3,
            "gross_profit": 1409000,
            "gross_margin": 9.26,
            "gross_margin_4q_avg": -6.55,
            "net_income": -561000,
            "revenue": 15217000,
            "common_shares": 5061000,
            "book_valuer_per_share": -47.89,
            "book_valuer_per_share_4q_avg": -43.83,
            "equity": -18058000,
            "current_ratio": 133.43,
            "debt_ratio": 112.04,
            "inventory_turnover_ratio": 0.17,
            "account_receivable_turnover_ratio": 1.43,
            "reinvestment_rate": -88.7,
            "research_to_sale_ratio": 3.28,
            "price_fair": 35.75,
            "eps_avg_yearly": 11.92,
            "eps_latest_yearly": 1.64,
            "eps_growth_yearly": -11.7
        },
        "20212": {
            "year_quarter": 20212,
            "year": 2021,
            "quarter": 2,
            "eps": 1.52,
            "eps_growth_year": null,
            "eps_4q": -13.58,
            "eps_4q_growth_year": -643.15,
            "roe": -3.26,
            "roe_4q": 67.59,
            "gross_profit": 2410000,
            "gross_margin": 14.18,
            "gross_margin_4q_avg": -0.52,
            "net_income": 567000,
            "revenue": 16998000,
            "common_shares": 5061000,
            "book_valuer_per_share": -45.4,
            "book_valuer_per_share_4q_avg": -45.38,
            "equity": -16682000,
            "current_ratio": 134.99,
            "debt_ratio": 111.2,
            "inventory_turnover_ratio": 0.18,
            "account_receivable_turnover_ratio": 1.48,
            "reinvestment_rate": -381.34,
            "research_to_sale_ratio": 2.92,
            "price_fair": 35.87,
            "eps_avg_yearly": 11.96,
            "eps_latest_yearly": 1.64,
            "eps_growth_yearly": -17.49
        },
        "20213": {
            "year_quarter": 20213,
            "year": 2021,
            "quarter": 3,
            "eps": 0.16,
            "eps_growth_year": null,
            "eps_4q": -13.33,
            "eps_4q_growth_year": -3837.36,
            "roe": 0.85,
            "roe_4q": 64.47,
            "gross_profit": 1712000,
            "gross_margin": 11.21,
            "gross_margin_4q_avg": 0.45,
            "net_income": -132000,
            "revenue": 15278000,
            "common_shares": 5061000,
            "book_valuer_per_share": -41.24,
            "book_valuer_per_share_4q_avg": -45.87,
            "equity": -14440000,
            "current_ratio": 136.28,
            "debt_ratio": 109.83,
            "inventory_turnover_ratio": 0.17,
            "account_receivable_turnover_ratio": 1.27,
            "reinvestment_rate": 123.4,
            "research_to_sale_ratio": 3.76,
            "price_fair": 32.78,
            "eps_avg_yearly": 10.93,
            "eps_latest_yearly": 0.64,
            "eps_growth_yearly": -51.55
        },
        "20214": {
            "year_quarter": 20214,
            "year": 2021,
            "quarter": 4,
            "eps": -6.53,
            "eps_growth_year": null,
            "eps_4q": -5.06,
            "eps_4q_growth_year": null,
            "roe": 28.27,
            "roe_4q": 28.939999999999998,
            "gross_profit": -2514000,
            "gross_margin": -16.99,
            "gross_margin_4q_avg": 4.42,
            "net_income": -4161000,
            "revenue": 14793000,
            "common_shares": 5061000,
            "book_valuer_per_share": -41.86,
            "book_valuer_per_share_4q_avg": -44.1,
            "equity": -14999000,
            "current_ratio": 132.53,
            "debt_ratio": 110.83,
            "inventory_turnover_ratio": 0.22,
            "account_receivable_turnover_ratio": 1.25,
            "reinvestment_rate": 25.64,
            "research_to_sale_ratio": 4.58,
            "price_fair": 32.03,
            "eps_avg_yearly": 10.68,
            "eps_latest_yearly": 0.64,
            "eps_growth_yearly": -61.65
        },
        "20221": {
            "year_quarter": 20221,
            "year": 2022,
            "quarter": 1,
            "eps": -1.43,
            "eps_growth_year": null,
            "eps_4q": -6.28,
            "eps_4q_growth_year": null,
            "roe": 8.17,
            "roe_4q": 34.03,
            "gross_profit": 353000,
            "gross_margin": 2.52,
            "gross_margin_4q_avg": 2.73,
            "net_income": -1242000,
            "revenue": 13991000,
            "common_shares": 5061000,
            "book_valuer_per_share": -42.16,
            "book_valuer_per_share_4q_avg": -42.67,
            "equity": -15398000,
            "current_ratio": 129.77,
            "debt_ratio": 111.34,
            "inventory_turnover_ratio": 0.17,
            "account_receivable_turnover_ratio": 1.22,
            "reinvestment_rate": 17.96,
            "research_to_sale_ratio": 4.52,
            "price_fair": 30.07,
            "eps_avg_yearly": 10.02,
            "eps_latest_yearly": 0.64,
            "eps_growth_yearly": -78.82
        },
        "20222": {
            "year_quarter": 20222,
            "year": 2022,
            "quarter": 2,
            "eps": 0.6,
            "eps_growth_year": -60.7,
            "eps_4q": -7.2,
            "eps_4q_growth_year": null,
            "roe": -1.06,
            "roe_4q": 36.23,
            "gross_profit": 2122000,
            "gross_margin": 12.72,
            "gross_margin_4q_avg": 2.37,
            "net_income": 160000,
            "revenue": 16681000,
            "common_shares": 5061000,
            "book_valuer_per_share": -41.3,
            "book_valuer_per_share_4q_avg": -41.64,
            "equity": -14888000,
            "current_ratio": 125,
            "debt_ratio": 110.99,
            "inventory_turnover_ratio": 0.18,
            "account_receivable_turnover_ratio": 1.38,
            "reinvestment_rate": 15.97,
            "research_to_sale_ratio": 4.18,
            "price_fair": 28.23,
            "eps_avg_yearly": 9.41,
            "eps_latest_yearly": 0.64,
            "eps_growth_yearly": -83.72
        },
        "20223": {
            "year_quarter": 20223,
            "year": 2022,
            "quarter": 3,
            "eps": -5,
            "eps_growth_year": -3157.95,
            "eps_4q": -12.37,
            "eps_4q_growth_year": null,
            "roe": 20.3,
            "roe_4q": 55.68000000000001,
            "gross_profit": -822000,
            "gross_margin": -5.15,
            "gross_margin_4q_avg": -1.73,
            "net_income": -3308000,
            "revenue": 15956000,
            "common_shares": 5061000,
            "book_valuer_per_share": -45.7,
            "book_valuer_per_share_4q_avg": -42.76,
            "equity": -17699000,
            "current_ratio": 121.91,
            "debt_ratio": 112.87,
            "inventory_turnover_ratio": 0.21,
            "account_receivable_turnover_ratio": 1.29,
            "reinvestment_rate": 11.66,
            "research_to_sale_ratio": 4.56,
            "price_fair": 25.42,
            "eps_avg_yearly": 8.47,
            "eps_latest_yearly": 0.64,
            "eps_growth_yearly": -99.66
        },
        "20224": {
            "year_quarter": 20224,
            "year": 2022,
            "quarter": 4,
            "eps": -0.57,
            "eps_growth_year": null,
            "eps_4q": -6.41,
            "eps_4q_growth_year": null,
            "roe": 3.98,
            "roe_4q": 31.39,
            "gross_profit": 1856000,
            "gross_margin": 9.29,
            "gross_margin_4q_avg": 4.85,
            "net_income": -668000,
            "revenue": 19980000,
            "common_shares": 5061000,
            "book_valuer_per_share": -42.34,
            "book_valuer_per_share_4q_avg": -42.88,
            "equity": -15883000,
            "current_ratio": 121.62,
            "debt_ratio": 111.58,
            "inventory_turnover_ratio": 0.23,
            "account_receivable_turnover_ratio": 1.7,
            "reinvestment_rate": 13.91,
            "research_to_sale_ratio": 3.97,
            "price_fair": 17.8,
            "eps_avg_yearly": 5.93,
            "eps_latest_yearly": 0.64,
            "eps_growth_yearly": -148.69
        },
        "20231": {
            "year_quarter": 20231,
            "year": 2023,
            "quarter": 1,
            "eps": -0.69,
            "eps_growth_year": null,
            "eps_4q": -5.67,
            "eps_4q_growth_year": null,
            "roe": 2.71,
            "roe_4q": 25.930000000000003,
            "gross_profit": 1923000,
            "gross_margin": 10.73,
            "gross_margin_4q_avg": 6.9,
            "net_income": -425000,
            "revenue": 17921000,
            "common_shares": 5061000,
            "book_valuer_per_share": -43.1,
            "book_valuer_per_share_4q_avg": -43.11,
            "equity": -15508000,
            "current_ratio": 116.36,
            "debt_ratio": 111.37,
            "inventory_turnover_ratio": 0.2,
            "account_receivable_turnover_ratio": 1.49,
            "reinvestment_rate": 12.89,
            "research_to_sale_ratio": 4.13,
            "price_fair": 11.81,
            "eps_avg_yearly": 3.94,
            "eps_latest_yearly": 0.64,
            "eps_growth_yearly": -152.12
        }
    },
    "months": {
        "2001-01": {
            "month": "2001-01",
            "price": "58.79",
            "revenue": 0
        },
        "2001-02": {
            "month": "2001-02",
            "price": "59.71",
            "revenue": 0
        },
        "2001-03": {
            "month": "2001-03",
            "price": "57.94",
            "revenue": 0
        },
        "2001-04": {
            "month": "2001-04",
            "price": "59.15",
            "revenue": 0
        },
        "2001-05": {
            "month": "2001-05",
            "price": "65.46",
            "revenue": 0
        },
        "2001-06": {
            "month": "2001-06",
            "price": "62.14",
            "revenue": 0
        },
        "2001-07": {
            "month": "2001-07",
            "price": "55.90",
            "revenue": 0
        },
        "2001-08": {
            "month": "2001-08",
            "price": "54.75",
            "revenue": 0
        },
        "2001-09": {
            "month": "2001-09",
            "price": "37.92",
            "revenue": 0
        },
        "2001-10": {
            "month": "2001-10",
            "price": "34.85",
            "revenue": 0
        },
        "2001-11": {
            "month": "2001-11",
            "price": "34.64",
            "revenue": 0
        },
        "2001-12": {
            "month": "2001-12",
            "price": "37.41",
            "revenue": 0
        },
        "2002-01": {
            "month": "2002-01",
            "price": "39.61",
            "revenue": 0
        },
        "2002-02": {
            "month": "2002-02",
            "price": "43.47",
            "revenue": 0
        },
        "2002-03": {
            "month": "2002-03",
            "price": "48.14",
            "revenue": 0
        },
        "2002-04": {
            "month": "2002-04",
            "price": "46.16",
            "revenue": 0
        },
        "2002-05": {
            "month": "2002-05",
            "price": "44.23",
            "revenue": 0
        },
        "2002-06": {
            "month": "2002-06",
            "price": "43.05",
            "revenue": 0
        },
        "2002-07": {
            "month": "2002-07",
            "price": "41.86",
            "revenue": 0
        },
        "2002-08": {
            "month": "2002-08",
            "price": "38.47",
            "revenue": 0
        },
        "2002-09": {
            "month": "2002-09",
            "price": "36.13",
            "revenue": 0
        },
        "2002-10": {
            "month": "2002-10",
            "price": "31.20",
            "revenue": 0
        },
        "2002-11": {
            "month": "2002-11",
            "price": "32.23",
            "revenue": 0
        },
        "2002-12": {
            "month": "2002-12",
            "price": "32.68",
            "revenue": 0
        },
        "2003-01": {
            "month": "2003-01",
            "price": "32.81",
            "revenue": 0
        },
        "2003-02": {
            "month": "2003-02",
            "price": "29.58",
            "revenue": 0
        },
        "2003-03": {
            "month": "2003-03",
            "price": "26.53",
            "revenue": 0
        },
        "2003-04": {
            "month": "2003-04",
            "price": "27.09",
            "revenue": 0
        },
        "2003-05": {
            "month": "2003-05",
            "price": "29.21",
            "revenue": 0
        },
        "2003-06": {
            "month": "2003-06",
            "price": "34.56",
            "revenue": 0
        },
        "2003-07": {
            "month": "2003-07",
            "price": "33.64",
            "revenue": 0
        },
        "2003-08": {
            "month": "2003-08",
            "price": "33.79",
            "revenue": 0
        },
        "2003-09": {
            "month": "2003-09",
            "price": "35.76",
            "revenue": 0
        },
        "2003-10": {
            "month": "2003-10",
            "price": "36.73",
            "revenue": 0
        },
        "2003-11": {
            "month": "2003-11",
            "price": "38.92",
            "revenue": 0
        },
        "2003-12": {
            "month": "2003-12",
            "price": "40.12",
            "revenue": 0
        },
        "2004-01": {
            "month": "2004-01",
            "price": "42.50",
            "revenue": 0
        },
        "2004-02": {
            "month": "2004-02",
            "price": "43.87",
            "revenue": 0
        },
        "2004-03": {
            "month": "2004-03",
            "price": "40.72",
            "revenue": 0
        },
        "2004-04": {
            "month": "2004-04",
            "price": "42.07",
            "revenue": 0
        },
        "2004-05": {
            "month": "2004-05",
            "price": "43.79",
            "revenue": 0
        },
        "2004-06": {
            "month": "2004-06",
            "price": "49.04",
            "revenue": 0
        },
        "2004-07": {
            "month": "2004-07",
            "price": "49.06",
            "revenue": 0
        },
        "2004-08": {
            "month": "2004-08",
            "price": "50.59",
            "revenue": 0
        },
        "2004-09": {
            "month": "2004-09",
            "price": "53.46",
            "revenue": 0
        },
        "2004-10": {
            "month": "2004-10",
            "price": "50.34",
            "revenue": 0
        },
        "2004-11": {
            "month": "2004-11",
            "price": "53.05",
            "revenue": 0
        },
        "2004-12": {
            "month": "2004-12",
            "price": "53.20",
            "revenue": 0
        },
        "2005-01": {
            "month": "2005-01",
            "price": "50.65",
            "revenue": 0
        },
        "2005-02": {
            "month": "2005-02",
            "price": "53.35",
            "revenue": 0
        },
        "2005-03": {
            "month": "2005-03",
            "price": "57.39",
            "revenue": 0
        },
        "2005-04": {
            "month": "2005-04",
            "price": "58.51",
            "revenue": 0
        },
        "2005-05": {
            "month": "2005-05",
            "price": "61.13",
            "revenue": 0
        },
        "2005-06": {
            "month": "2005-06",
            "price": "63.73",
            "revenue": 0
        },
        "2005-07": {
            "month": "2005-07",
            "price": "65.33",
            "revenue": 0
        },
        "2005-08": {
            "month": "2005-08",
            "price": "66.78",
            "revenue": 0
        },
        "2005-09": {
            "month": "2005-09",
            "price": "64.94",
            "revenue": 0
        },
        "2005-10": {
            "month": "2005-10",
            "price": "66.83",
            "revenue": 0
        },
        "2005-11": {
            "month": "2005-11",
            "price": "66.91",
            "revenue": 0
        },
        "2005-12": {
            "month": "2005-12",
            "price": "70.37",
            "revenue": 0
        },
        "2006-01": {
            "month": "2006-01",
            "price": "68.82",
            "revenue": 0
        },
        "2006-02": {
            "month": "2006-02",
            "price": "72.53",
            "revenue": 0
        },
        "2006-03": {
            "month": "2006-03",
            "price": "76.10",
            "revenue": 0
        },
        "2006-04": {
            "month": "2006-04",
            "price": "82.57",
            "revenue": 0
        },
        "2006-05": {
            "month": "2006-05",
            "price": "85.37",
            "revenue": 0
        },
        "2006-06": {
            "month": "2006-06",
            "price": "82.60",
            "revenue": 0
        },
        "2006-07": {
            "month": "2006-07",
            "price": "80.12",
            "revenue": 0
        },
        "2006-08": {
            "month": "2006-08",
            "price": "76.83",
            "revenue": 0
        },
        "2006-09": {
            "month": "2006-09",
            "price": "75.96",
            "revenue": 0
        },
        "2006-10": {
            "month": "2006-10",
            "price": "81.98",
            "revenue": 0
        },
        "2006-11": {
            "month": "2006-11",
            "price": "86.19",
            "revenue": 0
        },
        "2006-12": {
            "month": "2006-12",
            "price": "89.76",
            "revenue": 0
        },
        "2007-01": {
            "month": "2007-01",
            "price": "87.88",
            "revenue": 0
        },
        "2007-02": {
            "month": "2007-02",
            "price": "89.98",
            "revenue": 0
        },
        "2007-03": {
            "month": "2007-03",
            "price": "89.58",
            "revenue": 0
        },
        "2007-04": {
            "month": "2007-04",
            "price": "91.82",
            "revenue": 0
        },
        "2007-05": {
            "month": "2007-05",
            "price": "95.64",
            "revenue": 0
        },
        "2007-06": {
            "month": "2007-06",
            "price": "97.25",
            "revenue": 0
        },
        "2007-07": {
            "month": "2007-07",
            "price": "101.82",
            "revenue": 0
        },
        "2007-08": {
            "month": "2007-08",
            "price": "98.94",
            "revenue": 0
        },
        "2007-09": {
            "month": "2007-09",
            "price": "99.79",
            "revenue": 0
        },
        "2007-10": {
            "month": "2007-10",
            "price": "98.46",
            "revenue": 0
        },
        "2007-11": {
            "month": "2007-11",
            "price": "92.96",
            "revenue": 0
        },
        "2007-12": {
            "month": "2007-12",
            "price": "89.24",
            "revenue": 0
        },
        "2008-01": {
            "month": "2008-01",
            "price": "80.77",
            "revenue": 0
        },
        "2008-02": {
            "month": "2008-02",
            "price": "83.10",
            "revenue": 0
        },
        "2008-03": {
            "month": "2008-03",
            "price": "75.93",
            "revenue": 0
        },
        "2008-04": {
            "month": "2008-04",
            "price": "78.93",
            "revenue": 0
        },
        "2008-05": {
            "month": "2008-05",
            "price": "84.24",
            "revenue": 0
        },
        "2008-06": {
            "month": "2008-06",
            "price": "74.08",
            "revenue": 0
        },
        "2008-07": {
            "month": "2008-07",
            "price": "64.89",
            "revenue": 0
        },
        "2008-08": {
            "month": "2008-08",
            "price": "64.54",
            "revenue": 0
        },
        "2008-09": {
            "month": "2008-09",
            "price": "60.68",
            "revenue": 0
        },
        "2008-10": {
            "month": "2008-10",
            "price": "47.58",
            "revenue": 0
        },
        "2008-11": {
            "month": "2008-11",
            "price": "43.42",
            "revenue": 0
        },
        "2008-12": {
            "month": "2008-12",
            "price": "40.65",
            "revenue": 0
        },
        "2009-01": {
            "month": "2009-01",
            "price": "43.10",
            "revenue": 0
        },
        "2009-02": {
            "month": "2009-02",
            "price": "38.55",
            "revenue": 0
        },
        "2009-03": {
            "month": "2009-03",
            "price": "33.49",
            "revenue": 0
        },
        "2009-04": {
            "month": "2009-04",
            "price": "37.89",
            "revenue": 0
        },
        "2009-05": {
            "month": "2009-05",
            "price": "43.75",
            "revenue": 0
        },
        "2009-06": {
            "month": "2009-06",
            "price": "47.91",
            "revenue": 0
        },
        "2009-07": {
            "month": "2009-07",
            "price": "41.52",
            "revenue": 0
        },
        "2009-08": {
            "month": "2009-08",
            "price": "46.22",
            "revenue": 0
        },
        "2009-09": {
            "month": "2009-09",
            "price": "51.50",
            "revenue": 0
        },
        "2009-10": {
            "month": "2009-10",
            "price": "51.03",
            "revenue": 0
        },
        "2009-11": {
            "month": "2009-11",
            "price": "50.99",
            "revenue": 0
        },
        "2009-12": {
            "month": "2009-12",
            "price": "54.89",
            "revenue": 0
        },
        "2010-01": {
            "month": "2010-01",
            "price": "60.05",
            "revenue": 0
        },
        "2010-02": {
            "month": "2010-02",
            "price": "61.35",
            "revenue": 0
        },
        "2010-03": {
            "month": "2010-03",
            "price": "69.66",
            "revenue": 0
        },
        "2010-04": {
            "month": "2010-04",
            "price": "72.60",
            "revenue": 0
        },
        "2010-05": {
            "month": "2010-05",
            "price": "67.97",
            "revenue": 0
        },
        "2010-06": {
            "month": "2010-06",
            "price": "65.02",
            "revenue": 0
        },
        "2010-07": {
            "month": "2010-07",
            "price": "64.90",
            "revenue": 0
        },
        "2010-08": {
            "month": "2010-08",
            "price": "65.32",
            "revenue": 0
        },
        "2010-09": {
            "month": "2010-09",
            "price": "63.85",
            "revenue": 0
        },
        "2010-10": {
            "month": "2010-10",
            "price": "70.01",
            "revenue": 0
        },
        "2010-11": {
            "month": "2010-11",
            "price": "66.16",
            "revenue": 0
        },
        "2010-12": {
            "month": "2010-12",
            "price": "64.98",
            "revenue": 0
        },
        "2011-01": {
            "month": "2011-01",
            "price": "69.92",
            "revenue": 0
        },
        "2011-02": {
            "month": "2011-02",
            "price": "71.76",
            "revenue": 0
        },
        "2011-03": {
            "month": "2011-03",
            "price": "71.44",
            "revenue": 0
        },
        "2011-04": {
            "month": "2011-04",
            "price": "74.39",
            "revenue": 0
        },
        "2011-05": {
            "month": "2011-05",
            "price": "78.08",
            "revenue": 0
        },
        "2011-06": {
            "month": "2011-06",
            "price": "73.57",
            "revenue": 0
        },
        "2011-07": {
            "month": "2011-07",
            "price": "72.25",
            "revenue": 0
        },
        "2011-08": {
            "month": "2011-08",
            "price": "62.44",
            "revenue": 0
        },
        "2011-09": {
            "month": "2011-09",
            "price": "62.71",
            "revenue": 0
        },
        "2011-10": {
            "month": "2011-10",
            "price": "63.45",
            "revenue": 0
        },
        "2011-11": {
            "month": "2011-11",
            "price": "65.65",
            "revenue": 0
        },
        "2011-12": {
            "month": "2011-12",
            "price": "71.89",
            "revenue": 0
        },
        "2012-01": {
            "month": "2012-01",
            "price": "74.84",
            "revenue": 0
        },
        "2012-02": {
            "month": "2012-02",
            "price": "75.46",
            "revenue": 0
        },
        "2012-03": {
            "month": "2012-03",
            "price": "74.44",
            "revenue": 0
        },
        "2012-04": {
            "month": "2012-04",
            "price": "73.98",
            "revenue": 0
        },
        "2012-05": {
            "month": "2012-05",
            "price": "72.84",
            "revenue": 0
        },
        "2012-06": {
            "month": "2012-06",
            "price": "70.99",
            "revenue": 0
        },
        "2012-07": {
            "month": "2012-07",
            "price": "73.64",
            "revenue": 0
        },
        "2012-08": {
            "month": "2012-08",
            "price": "72.81",
            "revenue": 0
        },
        "2012-09": {
            "month": "2012-09",
            "price": "70.74",
            "revenue": 0
        },
        "2012-10": {
            "month": "2012-10",
            "price": "71.64",
            "revenue": 0
        },
        "2012-11": {
            "month": "2012-11",
            "price": "72.40",
            "revenue": 0
        },
        "2012-12": {
            "month": "2012-12",
            "price": "75.08",
            "revenue": 0
        },
        "2013-01": {
            "month": "2013-01",
            "price": "75.45",
            "revenue": 0
        },
        "2013-02": {
            "month": "2013-02",
            "price": "75.78",
            "revenue": 0
        },
        "2013-03": {
            "month": "2013-03",
            "price": "83.30",
            "revenue": 0
        },
        "2013-04": {
            "month": "2013-04",
            "price": "87.83",
            "revenue": 0
        },
        "2013-05": {
            "month": "2013-05",
            "price": "96.65",
            "revenue": 0
        },
        "2013-06": {
            "month": "2013-06",
            "price": "101.09",
            "revenue": 0
        },
        "2013-07": {
            "month": "2013-07",
            "price": "105.18",
            "revenue": 0
        },
        "2013-08": {
            "month": "2013-08",
            "price": "105.10",
            "revenue": 0
        },
        "2013-09": {
            "month": "2013-09",
            "price": "113.37",
            "revenue": 0
        },
        "2013-10": {
            "month": "2013-10",
            "price": "122.05",
            "revenue": 0
        },
        "2013-11": {
            "month": "2013-11",
            "price": "134.01",
            "revenue": 0
        },
        "2013-12": {
            "month": "2013-12",
            "price": "134.86",
            "revenue": 0
        },
        "2014-01": {
            "month": "2014-01",
            "price": "138.10",
            "revenue": 0
        },
        "2014-02": {
            "month": "2014-02",
            "price": "127.30",
            "revenue": 0
        },
        "2014-03": {
            "month": "2014-03",
            "price": "125.18",
            "revenue": 0
        },
        "2014-04": {
            "month": "2014-04",
            "price": "126.93",
            "revenue": 0
        },
        "2014-05": {
            "month": "2014-05",
            "price": "131.87",
            "revenue": 0
        },
        "2014-06": {
            "month": "2014-06",
            "price": "132.82",
            "revenue": 0
        },
        "2014-07": {
            "month": "2014-07",
            "price": "126.45",
            "revenue": 0
        },
        "2014-08": {
            "month": "2014-08",
            "price": "123.94",
            "revenue": 0
        },
        "2014-09": {
            "month": "2014-09",
            "price": "127.45",
            "revenue": 0
        },
        "2014-10": {
            "month": "2014-10",
            "price": "123.27",
            "revenue": 0
        },
        "2014-11": {
            "month": "2014-11",
            "price": "129.06",
            "revenue": 0
        },
        "2014-12": {
            "month": "2014-12",
            "price": "128.52",
            "revenue": 0
        },
        "2015-01": {
            "month": "2015-01",
            "price": "133.30",
            "revenue": 0
        },
        "2015-02": {
            "month": "2015-02",
            "price": "150.35",
            "revenue": 0
        },
        "2015-03": {
            "month": "2015-03",
            "price": "152.65",
            "revenue": 0
        },
        "2015-04": {
            "month": "2015-04",
            "price": "150.62",
            "revenue": 0
        },
        "2015-05": {
            "month": "2015-05",
            "price": "144.62",
            "revenue": 0
        },
        "2015-06": {
            "month": "2015-06",
            "price": "142.38",
            "revenue": 0
        },
        "2015-07": {
            "month": "2015-07",
            "price": "144.22",
            "revenue": 0
        },
        "2015-08": {
            "month": "2015-08",
            "price": "139.00",
            "revenue": 0
        },
        "2015-09": {
            "month": "2015-09",
            "price": "132.63",
            "revenue": 0
        },
        "2015-10": {
            "month": "2015-10",
            "price": "140.34",
            "revenue": 0
        },
        "2015-11": {
            "month": "2015-11",
            "price": "146.80",
            "revenue": 0
        },
        "2015-12": {
            "month": "2015-12",
            "price": "145.18",
            "revenue": 0
        },
        "2016-01": {
            "month": "2016-01",
            "price": "127.97",
            "revenue": 0
        },
        "2016-02": {
            "month": "2016-02",
            "price": "117.18",
            "revenue": 0
        },
        "2016-03": {
            "month": "2016-03",
            "price": "127.02",
            "revenue": 0
        },
        "2016-04": {
            "month": "2016-04",
            "price": "130.54",
            "revenue": 0
        },
        "2016-05": {
            "month": "2016-05",
            "price": "130.99",
            "revenue": 0
        },
        "2016-06": {
            "month": "2016-06",
            "price": "129.59",
            "revenue": 0
        },
        "2016-07": {
            "month": "2016-07",
            "price": "131.90",
            "revenue": 0
        },
        "2016-08": {
            "month": "2016-08",
            "price": "132.93",
            "revenue": 0
        },
        "2016-09": {
            "month": "2016-09",
            "price": "130.26",
            "revenue": 0
        },
        "2016-10": {
            "month": "2016-10",
            "price": "136.41",
            "revenue": 0
        },
        "2016-11": {
            "month": "2016-11",
            "price": "146.37",
            "revenue": 0
        },
        "2016-12": {
            "month": "2016-12",
            "price": "155.33",
            "revenue": 0
        },
        "2017-01": {
            "month": "2017-01",
            "price": "160.67",
            "revenue": 0
        },
        "2017-02": {
            "month": "2017-02",
            "price": "169.88",
            "revenue": 0
        },
        "2017-03": {
            "month": "2017-03",
            "price": "179.09",
            "revenue": 0
        },
        "2017-04": {
            "month": "2017-04",
            "price": "179.30",
            "revenue": 0
        },
        "2017-05": {
            "month": "2017-05",
            "price": "183.78",
            "revenue": 0
        },
        "2017-06": {
            "month": "2017-06",
            "price": "194.48",
            "revenue": 0
        },
        "2017-07": {
            "month": "2017-07",
            "price": "213.45",
            "revenue": 0
        },
        "2017-08": {
            "month": "2017-08",
            "price": "237.67",
            "revenue": 0
        },
        "2017-09": {
            "month": "2017-09",
            "price": "247.48",
            "revenue": 0
        },
        "2017-10": {
            "month": "2017-10",
            "price": "259.54",
            "revenue": 0
        },
        "2017-11": {
            "month": "2017-11",
            "price": "264.64",
            "revenue": 0
        },
        "2017-12": {
            "month": "2017-12",
            "price": "289.37",
            "revenue": 0
        },
        "2018-01": {
            "month": "2018-01",
            "price": "328.80",
            "revenue": 0
        },
        "2018-02": {
            "month": "2018-02",
            "price": "349.38",
            "revenue": 0
        },
        "2018-03": {
            "month": "2018-03",
            "price": "336.43",
            "revenue": 0
        },
        "2018-04": {
            "month": "2018-04",
            "price": "333.88",
            "revenue": 0
        },
        "2018-05": {
            "month": "2018-05",
            "price": "345.99",
            "revenue": 0
        },
        "2018-06": {
            "month": "2018-06",
            "price": "351.93",
            "revenue": 0
        },
        "2018-07": {
            "month": "2018-07",
            "price": "349.60",
            "revenue": 0
        },
        "2018-08": {
            "month": "2018-08",
            "price": "346.83",
            "revenue": 0
        },
        "2018-09": {
            "month": "2018-09",
            "price": "358.59",
            "revenue": 0
        },
        "2018-10": {
            "month": "2018-10",
            "price": "366.38",
            "revenue": 0
        },
        "2018-11": {
            "month": "2018-11",
            "price": "343.60",
            "revenue": 0
        },
        "2018-12": {
            "month": "2018-12",
            "price": "322.23",
            "revenue": 0
        },
        "2019-01": {
            "month": "2019-01",
            "price": "352.31",
            "revenue": 0
        },
        "2019-02": {
            "month": "2019-02",
            "price": "414.60",
            "revenue": 0
        },
        "2019-03": {
            "month": "2019-03",
            "price": "390.74",
            "revenue": 0
        },
        "2019-04": {
            "month": "2019-04",
            "price": "379.66",
            "revenue": 0
        },
        "2019-05": {
            "month": "2019-05",
            "price": "355.74",
            "revenue": 0
        },
        "2019-06": {
            "month": "2019-06",
            "price": "358.66",
            "revenue": 0
        },
        "2019-07": {
            "month": "2019-07",
            "price": "357.45",
            "revenue": 0
        },
        "2019-08": {
            "month": "2019-08",
            "price": "341.08",
            "revenue": 0
        },
        "2019-09": {
            "month": "2019-09",
            "price": "375.46",
            "revenue": 0
        },
        "2019-10": {
            "month": "2019-10",
            "price": "359.13",
            "revenue": 0
        },
        "2019-11": {
            "month": "2019-11",
            "price": "363.72",
            "revenue": 0
        },
        "2019-12": {
            "month": "2019-12",
            "price": "339.14",
            "revenue": 0
        },
        "2020-01": {
            "month": "2020-01",
            "price": "325.87",
            "revenue": 0
        },
        "2020-02": {
            "month": "2020-02",
            "price": "326.10",
            "revenue": 0
        },
        "2020-03": {
            "month": "2020-03",
            "price": "178.74",
            "revenue": 0
        },
        "2020-04": {
            "month": "2020-04",
            "price": "138.65",
            "revenue": 0
        },
        "2020-05": {
            "month": "2020-05",
            "price": "132.90",
            "revenue": 0
        },
        "2020-06": {
            "month": "2020-06",
            "price": "187.00",
            "revenue": 0
        },
        "2020-07": {
            "month": "2020-07",
            "price": "175.80",
            "revenue": 0
        },
        "2020-08": {
            "month": "2020-08",
            "price": "172.71",
            "revenue": 0
        },
        "2020-09": {
            "month": "2020-09",
            "price": "162.51",
            "revenue": 0
        },
        "2020-10": {
            "month": "2020-10",
            "price": "162.84",
            "revenue": 0
        },
        "2020-11": {
            "month": "2020-11",
            "price": "188.93",
            "revenue": 0
        },
        "2020-12": {
            "month": "2020-12",
            "price": "224.60",
            "revenue": 0
        },
        "2021-01": {
            "month": "2021-01",
            "price": "205.84",
            "revenue": 0
        },
        "2021-02": {
            "month": "2021-02",
            "price": "211.83",
            "revenue": 0
        },
        "2021-03": {
            "month": "2021-03",
            "price": "244.46",
            "revenue": 0
        },
        "2021-04": {
            "month": "2021-04",
            "price": "245.64",
            "revenue": 0
        },
        "2021-05": {
            "month": "2021-05",
            "price": "232.78",
            "revenue": 0
        },
        "2021-06": {
            "month": "2021-06",
            "price": "246.23",
            "revenue": 0
        },
        "2021-07": {
            "month": "2021-07",
            "price": "227.57",
            "revenue": 0
        },
        "2021-08": {
            "month": "2021-08",
            "price": "225.22",
            "revenue": 0
        },
        "2021-09": {
            "month": "2021-09",
            "price": "216.16",
            "revenue": 0
        },
        "2021-10": {
            "month": "2021-10",
            "price": "218.05",
            "revenue": 0
        },
        "2021-11": {
            "month": "2021-11",
            "price": "215.84",
            "revenue": 0
        },
        "2021-12": {
            "month": "2021-12",
            "price": "200.46",
            "revenue": 0
        },
        "2022-01": {
            "month": "2022-01",
            "price": "209.94",
            "revenue": 0
        },
        "2022-02": {
            "month": "2022-02",
            "price": "208.97",
            "revenue": 0
        },
        "2022-03": {
            "month": "2022-03",
            "price": "185.88",
            "revenue": 0
        },
        "2022-04": {
            "month": "2022-04",
            "price": "176.02",
            "revenue": 0
        },
        "2022-05": {
            "month": "2022-05",
            "price": "132.90",
            "revenue": 0
        },
        "2022-06": {
            "month": "2022-06",
            "price": "134.99",
            "revenue": 0
        },
        "2022-07": {
            "month": "2022-07",
            "price": "149.24",
            "revenue": 0
        },
        "2022-08": {
            "month": "2022-08",
            "price": "165.82",
            "revenue": 0
        },
        "2022-09": {
            "month": "2022-09",
            "price": "143.68",
            "revenue": 0
        },
        "2022-10": {
            "month": "2022-10",
            "price": "135.90",
            "revenue": 0
        },
        "2022-11": {
            "month": "2022-11",
            "price": "169.47",
            "revenue": 0
        },
        "2022-12": {
            "month": "2022-12",
            "price": "185.33",
            "revenue": 0
        },
        "2023-01": {
            "month": "2023-01",
            "price": "209.23",
            "revenue": 0
        },
        "2023-02": {
            "month": "2023-02",
            "price": "209.74",
            "revenue": 0
        },
        "2023-03": {
            "month": "2023-03",
            "price": "204.88",
            "revenue": 0
        },
        "2023-04": {
            "month": "2023-04",
            "price": "208.41",
            "revenue": 0
        },
        "2023-05": {
            "month": "2023-05",
            "price": "202.36",
            "revenue": 0
        },
        "2023-06": {
            "month": "2023-06",
            "price": "215.24",
            "revenue": 0
        }
    }
}
