{
    "summary": {
        "stock_name": "Berkshire Hathaway Inc",
        "stock_id": "BRK.A",
        "category": "Finance",
        "main_business": "伯克希爾哈撒韋公司是一家控股公司，擁有從事大量不同業務活動的子公司。其中最重要的是同時進行基本保險和再保險的保險業務，鐵路運輸業務以及公用事業，能源生產和配電業務。",
        "website_url": "https://www.berkshirehathaway.com/",
        "ceo": "Warren E. Buffett",
        "pe_ratio": 94,
        "report_year_from": 1998,
        "report_year_to": 2023,
        "age": 25,
        "eps_negative_percentage": 4,
        "eps_growth_avg": {
            "last_all": 14.97,
            "last_2y": -17.17,
            "last_4y": -5.86,
            "last_8y": -4.07,
            "last_12y": 5.46,
            "last_16y": 6.96,
            "last_20y": 14.97,
            "at_2006_last_3y": 31.25,
            "at_2007_last_3y": 13.67,
            "at_2008_last_3y": 0.72,
            "at_2009_last_3y": 11.83,
            "at_2010_last_3y": 17.8,
            "at_2011_last_3y": 7.48,
            "at_2012_last_3y": 34.16,
            "at_2013_last_3y": 26.92,
            "at_2014_last_3y": 14.2,
            "at_2015_last_3y": 24.93,
            "at_2016_last_3y": 13.79,
            "at_2017_last_3y": -1.83,
            "at_2018_last_3y": -21.79,
            "at_2019_last_3y": -2.09,
            "at_2020_last_3y": -10.72,
            "at_2021_last_3y": 17.67,
            "at_2022_last_3y": 12.12,
            "at_2023_last_3y": 12.12,
            "at_2006_last_all": 45,
            "at_2007_last_all": 40.77,
            "at_2008_last_all": 26.05,
            "at_2009_last_all": 30.41,
            "at_2010_last_all": 32.91,
            "at_2011_last_all": 27.45,
            "at_2012_last_all": 29,
            "at_2013_last_all": 29.25,
            "at_2014_last_all": 27.15,
            "at_2015_last_all": 26.73,
            "at_2016_last_all": 24.94,
            "at_2017_last_all": 21.48,
            "at_2018_last_all": 15.64,
            "at_2019_last_all": 20.32,
            "at_2020_last_all": 17.43,
            "at_2021_last_all": 20.72,
            "at_2022_last_all": 14.97,
            "at_2023_last_all": 14.97
        },
        "latest_eps": 5203.79,
        "latest_price": 488023.98,
        "latest_roe": 1.71,
        "latest_gross_margin": null,
        "latest_equity": 504554000,
        "latest_revenue": 85393000,
        "latest_gross_profit": null,
        "latest_net_income": 35757000,
        "latest_debt_ratio": 49.4,
        "latest_current_ratio": null,
        "latest_account_receivable_turnover_ratio": null,
        "latest_inventory_turnover_ratio": null,
        "latest_reinvestment_rate": null,
        "latest_research_to_sale_ratio": null
    },
    "eps_dividends": {
        "2001": {
            "cash": 0,
            "stock": 0,
            "eps": 1137.07
        },
        "2002": {
            "cash": 0,
            "stock": 0,
            "eps": 2795.45
        },
        "2003": {
            "cash": 0,
            "stock": 0,
            "eps": 5309.32
        },
        "2004": {
            "cash": 0,
            "stock": 0,
            "eps": 4752.88
        },
        "2005": {
            "cash": 0,
            "stock": 0,
            "eps": 5537.42
        },
        "2006": {
            "cash": 0,
            "stock": 0,
            "eps": 7145.7
        },
        "2007": {
            "cash": 0,
            "stock": 0,
            "eps": 8546.49
        },
        "2008": {
            "cash": 0,
            "stock": 0,
            "eps": 3224.16
        },
        "2009": {
            "cash": 0,
            "stock": 0,
            "eps": 5189.78
        },
        "2010": {
            "cash": 0,
            "stock": 0,
            "eps": 7935.54
        },
        "2011": {
            "cash": 0,
            "stock": 0,
            "eps": 6214.64
        },
        "2012": {
            "cash": 0,
            "stock": 0,
            "eps": 8977.35
        },
        "2013": {
            "cash": 0,
            "stock": 0,
            "eps": 11849.49
        },
        "2014": {
            "cash": 0,
            "stock": 0,
            "eps": 12090.85
        },
        "2015": {
            "cash": 0,
            "stock": 0,
            "eps": 14656.04
        },
        "2016": {
            "cash": 0,
            "stock": 0,
            "eps": 14644.96
        },
        "2017": {
            "cash": 0,
            "stock": 0,
            "eps": 10178.95
        },
        "2018": {
            "cash": 0,
            "stock": 0,
            "eps": 2258.98
        },
        "2019": {
            "cash": 0,
            "stock": 0,
            "eps": 49845.81
        },
        "2020": {
            "cash": 0,
            "stock": 0,
            "eps": 32613.51
        },
        "2021": {
            "cash": 0,
            "stock": 0,
            "eps": 59702.47
        },
        "2022": {
            "cash": 0,
            "stock": 0,
            "eps": -15389.69
        },
        "2023": {
            "cash": 0,
            "stock": 0,
            "eps": 24377.28
        }
    },
    "dividends": [],
    "prices": {
        "200101": "67919.05",
        "200102": "69434.21",
        "200103": "67581.82",
        "200104": "66410.00",
        "200105": "68008.64",
        "200106": "67464.29",
        "200107": "68840.48",
        "200108": "69394.78",
        "200109": "66436.67",
        "200110": "73071.74",
        "200111": "69116.19",
        "200112": "70522.50",
        "200201": "73814.29",
        "200202": "73126.32",
        "200203": "71955.00",
        "200204": "71254.55",
        "200205": "76118.18",
        "200206": "72199.50",
        "200207": "66357.05",
        "200208": "72906.59",
        "200209": "73575.00",
        "200210": "72506.30",
        "200211": "73035.75",
        "200212": "71572.62",
        "200301": "69376.90",
        "200302": "63826.32",
        "200303": "66478.57",
        "200304": "70336.67",
        "200305": "72884.76",
        "200306": "73225.95",
        "200307": "72198.18",
        "200308": "74619.76",
        "200309": "75463.33",
        "200310": "76397.61",
        "200311": "81475.79",
        "200312": "83611.36",
        "200401": "87052.45",
        "200402": "92360.79",
        "200403": "92406.00",
        "200404": "93563.71",
        "200405": "88868.20",
        "200406": "88526.95",
        "200407": "89339.76",
        "200408": "85973.86",
        "200409": "86418.33",
        "200410": "84821.43",
        "200411": "84359.48",
        "200412": "86413.14",
        "200501": "87652.35",
        "200502": "90710.63",
        "200503": "88687.45",
        "200504": "85296.43",
        "200505": "83892.14",
        "200506": "83406.14",
        "200507": "84155.25",
        "200508": "83725.43",
        "200509": "82512.86",
        "200510": "84309.52",
        "200511": "88932.86",
        "200512": "89250.00",
        "200601": "89593.50",
        "200602": "87763.68",
        "200603": "89236.96",
        "200604": "88007.79",
        "200605": "90563.73",
        "200606": "91559.23",
        "200607": "90653.00",
        "200608": "94030.17",
        "200609": "95498.85",
        "200610": "100064.64",
        "200611": "106603.43",
        "200612": "109655.75",
        "200701": "108697.75",
        "200702": "108086.95",
        "200703": "107821.09",
        "200704": "109258.45",
        "200705": "109139.00",
        "200706": "108832.86",
        "200707": "110528.57",
        "200708": "115070.00",
        "200709": "118331.05",
        "200710": "125542.57",
        "200711": "135387.62",
        "200712": "141535.00",
        "200801": "134828.33",
        "200802": "139733.25",
        "200803": "131845.75",
        "200804": "129874.09",
        "200805": "126890.00",
        "200806": "126103.10",
        "200807": "116502.50",
        "200808": "116226.43",
        "200809": "125700.43",
        "200810": "119005.04",
        "200811": "101753.53",
        "200812": "98598.18",
        "200901": "92345.95",
        "200902": "84443.53",
        "200903": "82651.05",
        "200904": "90025.95",
        "200905": "91715.40",
        "200906": "89205.27",
        "200907": "91196.18",
        "200908": "101639.90",
        "200909": "100102.48",
        "200910": "100363.82",
        "200911": "102097.70",
        "200912": "99239.05",
        "201001": "102636.32",
        "201002": "114569.63",
        "201003": "123106.70",
        "201004": "119143.86",
        "201005": "112191.60",
        "201006": "114228.45",
        "201007": "117728.76",
        "201008": "117633.00",
        "201009": "123712.86",
        "201010": "123926.67",
        "201011": "121038.52",
        "201012": "120239.82",
        "201101": "121702.10",
        "201102": "126409.11",
        "201103": "126997.04",
        "201104": "123042.25",
        "201105": "119510.57",
        "201106": "113494.27",
        "201107": "114188.10",
        "201108": "106760.61",
        "201109": "104816.05",
        "201110": "112877.10",
        "201111": "114103.62",
        "201112": "115106.29",
        "201201": "117426.45",
        "201202": "118899.20",
        "201203": "120766.59",
        "201204": "120083.15",
        "201205": "121282.27",
        "201206": "121960.62",
        "201207": "126113.57",
        "201208": "127509.70",
        "201209": "131571.53",
        "201210": "133137.48",
        "201211": "130149.57",
        "201212": "133310.05",
        "201301": "143337.38",
        "201302": "148796.00",
        "201303": "154372.15",
        "201304": "158373.73",
        "201305": "167085.18",
        "201306": "170070.15",
        "201307": "174409.27",
        "201308": "173009.86",
        "201309": "171508.85",
        "201310": "173095.09",
        "201311": "173249.45",
        "201312": "174138.38",
        "201401": "172019.38",
        "201402": "169608.58",
        "201403": "184355.14",
        "201404": "187867.10",
        "201405": "190792.81",
        "201406": "190792.76",
        "201407": "192049.23",
        "201408": "200057.14",
        "201409": "207710.33",
        "201410": "207093.74",
        "201411": "217931.23",
        "201412": "225079.67",
        "201501": "222160.37",
        "201502": "222878.03",
        "201503": "218404.36",
        "201504": "214743.23",
        "201505": "218181.07",
        "201506": "211025.24",
        "201507": "211861.38",
        "201508": "209231.98",
        "201509": "196724.02",
        "201510": "201087.40",
        "201511": "202835.10",
        "201512": "200051.27",
        "201601": "192074.34",
        "201602": "194498.09",
        "201603": "210496.10",
        "201604": "216270.45",
        "201605": "214474.07",
        "201606": "212707.27",
        "201607": "216667.02",
        "201608": "220969.31",
        "201609": "220130.61",
        "201610": "216128.08",
        "201611": "230364.61",
        "201612": "245955.51",
        "201701": "243407.99",
        "201702": "249758.18",
        "201703": "258262.35",
        "201704": "248428.63",
        "201705": "247030.54",
        "201706": "253372.64",
        "201707": "257602.30",
        "201708": "267709.88",
        "201709": "270484.39",
        "201710": "281290.80",
        "201711": "277610.29",
        "201712": "296218.19",
        "201801": "314568.72",
        "201802": "304421.21",
        "201803": "305283.50",
        "201804": "296620.14",
        "201805": "294181.32",
        "201806": "287902.76",
        "201807": "293320.95",
        "201808": "312262.74",
        "201809": "324617.90",
        "201810": "314099.87",
        "201811": "322459.13",
        "201812": "301490.58",
        "201901": "298878.24",
        "201902": "306379.05",
        "201903": "303381.64",
        "201904": "313352.76",
        "201905": "309753.62",
        "201906": "309591.81",
        "201907": "316221.39",
        "201908": "300341.65",
        "201909": "312009.76",
        "201910": "313520.83",
        "201911": "329231.35",
        "201912": "335769.43",
        "202001": "340705.00",
        "202002": "335645.47",
        "202003": "283127.45",
        "202004": "279992.06",
        "202005": "264635.60",
        "202006": "276891.68",
        "202007": "282490.10",
        "202008": "315013.33",
        "202009": "324215.52",
        "202010": "315614.52",
        "202011": "335689.90",
        "202012": "341429.06",
        "202101": "349329.05",
        "202102": "362252.42",
        "202103": "384611.03",
        "202104": "404364.33",
        "202105": "431703.19",
        "202106": "425255.88",
        "202107": "418728.23",
        "202108": "429866.87",
        "202109": "418954.35",
        "202110": "426861.09",
        "202111": "429674.80",
        "202112": "438589.08",
        "202201": "470592.57",
        "202202": "474485.68",
        "202203": "507541.51",
        "202204": "514368.18",
        "202205": "470104.51",
        "202206": "431102.92",
        "202207": "424381.74",
        "202208": "442929.70",
        "202209": "415485.69",
        "202210": "422058.68",
        "202211": "459457.44",
        "202212": "464769.03",
        "202301": "473559.41",
        "202302": "467107.23",
        "202303": "460806.07",
        "202304": "488614.73",
        "202305": "494267.35",
        "202306": "無"
    },
    "quarters": {
        "20011": {
            "year_quarter": 20011,
            "year": 2001,
            "quarter": 1,
            "eps": 549.9,
            "eps_growth_year": -17.01,
            "eps_4q": 2838.94,
            "eps_4q_growth_year": 64.9,
            "roe": 1.03,
            "roe_4q": 1.03,
            "gross_profit": null,
            "gross_margin": null,
            "gross_margin_4q_avg": 0,
            "net_income": 618000,
            "revenue": 8142000,
            "common_shares": 8000,
            "book_valuer_per_share": 24217.06,
            "book_valuer_per_share_4q_avg": 24217.06,
            "equity": 58390000,
            "current_ratio": null,
            "debt_ratio": 60.19,
            "inventory_turnover_ratio": null,
            "account_receivable_turnover_ratio": null,
            "reinvestment_rate": null,
            "research_to_sale_ratio": null,
            "price_fair": 0,
            "eps_avg_yearly": 0,
            "eps_latest_yearly": 0,
            "eps_growth_yearly": 0
        },
        "20012": {
            "year_quarter": 20012,
            "year": 2001,
            "quarter": 2,
            "eps": 657.86,
            "eps_growth_year": 18.79,
            "eps_4q": 2942.98,
            "eps_4q_growth_year": 66.39,
            "roe": 1.25,
            "roe_4q": 2.2800000000000002,
            "gross_profit": null,
            "gross_margin": null,
            "gross_margin_4q_avg": 0,
            "net_income": 734000,
            "revenue": 11048000,
            "common_shares": 8000,
            "book_valuer_per_share": 24529.03,
            "book_valuer_per_share_4q_avg": 24373.05,
            "equity": 58730000,
            "current_ratio": null,
            "debt_ratio": 60.52,
            "inventory_turnover_ratio": null,
            "account_receivable_turnover_ratio": null,
            "reinvestment_rate": null,
            "research_to_sale_ratio": null,
            "price_fair": 0,
            "eps_avg_yearly": 0,
            "eps_latest_yearly": 0,
            "eps_growth_yearly": 0
        },
        "20013": {
            "year_quarter": 20013,
            "year": 2001,
            "quarter": 3,
            "eps": -287.98,
            "eps_growth_year": -143.81,
            "eps_4q": 1997.7,
            "eps_4q_growth_year": -1.14,
            "roe": -1.25,
            "roe_4q": 1.03,
            "gross_profit": null,
            "gross_margin": null,
            "gross_margin_4q_avg": 0,
            "net_income": -724000,
            "revenue": 9554000,
            "common_shares": 8000,
            "book_valuer_per_share": 23215.52,
            "book_valuer_per_share_4q_avg": 23987.2,
            "equity": 57108000,
            "current_ratio": null,
            "debt_ratio": 63.06,
            "inventory_turnover_ratio": null,
            "account_receivable_turnover_ratio": null,
            "reinvestment_rate": null,
            "research_to_sale_ratio": null,
            "price_fair": 0,
            "eps_avg_yearly": 0,
            "eps_latest_yearly": 0,
            "eps_growth_yearly": 0
        },
        "20014": {
            "year_quarter": 20014,
            "year": 2001,
            "quarter": 4,
            "eps": 217.29,
            "eps_growth_year": -79.84,
            "eps_4q": 1137.07,
            "eps_4q_growth_year": -61.48,
            "roe": 0.18,
            "roe_4q": 1.21,
            "gross_profit": null,
            "gross_margin": null,
            "gross_margin_4q_avg": 0,
            "net_income": 106000,
            "revenue": 9899000,
            "common_shares": 8000,
            "book_valuer_per_share": 23828.83,
            "book_valuer_per_share_4q_avg": 23947.61,
            "equity": 57950000,
            "current_ratio": null,
            "debt_ratio": 64.39,
            "inventory_turnover_ratio": null,
            "account_receivable_turnover_ratio": null,
            "reinvestment_rate": null,
            "research_to_sale_ratio": null,
            "price_fair": 0,
            "eps_avg_yearly": 0,
            "eps_latest_yearly": 0,
            "eps_growth_yearly": 0
        },
        "20021": {
            "year_quarter": 20021,
            "year": 2002,
            "quarter": 1,
            "eps": 598.32,
            "eps_growth_year": 8.8,
            "eps_4q": 1185.48,
            "eps_4q_growth_year": -58.24,
            "roe": 1.47,
            "roe_4q": 1.65,
            "gross_profit": null,
            "gross_margin": null,
            "gross_margin_4q_avg": 0,
            "net_income": 872000,
            "revenue": 9506000,
            "common_shares": 8000,
            "book_valuer_per_share": 25069.9,
            "book_valuer_per_share_4q_avg": 24160.82,
            "equity": 60498000,
            "current_ratio": null,
            "debt_ratio": 63.25,
            "inventory_turnover_ratio": null,
            "account_receivable_turnover_ratio": null,
            "reinvestment_rate": null,
            "research_to_sale_ratio": null,
            "price_fair": 83764.8,
            "eps_avg_yearly": 2393.28,
            "eps_latest_yearly": 2393.28,
            "eps_growth_yearly": 701.42
        },
        "20022": {
            "year_quarter": 20022,
            "year": 2002,
            "quarter": 2,
            "eps": 681.35,
            "eps_growth_year": 3.57,
            "eps_4q": 1208.97,
            "eps_4q_growth_year": -58.92,
            "roe": 1.58,
            "roe_4q": 1.98,
            "gross_profit": null,
            "gross_margin": null,
            "gross_margin_4q_avg": 0,
            "net_income": 968000,
            "revenue": 10030000,
            "common_shares": 8000,
            "book_valuer_per_share": 26200.2,
            "book_valuer_per_share_4q_avg": 24578.61,
            "equity": 62370000,
            "current_ratio": null,
            "debt_ratio": 62.76,
            "inventory_turnover_ratio": null,
            "account_receivable_turnover_ratio": null,
            "reinvestment_rate": null,
            "research_to_sale_ratio": null,
            "price_fair": 89576.9,
            "eps_avg_yearly": 2559.34,
            "eps_latest_yearly": 2725.4,
            "eps_growth_yearly": 378.47
        },
        "20023": {
            "year_quarter": 20023,
            "year": 2002,
            "quarter": 3,
            "eps": 743.78,
            "eps_growth_year": null,
            "eps_4q": 2240.73,
            "eps_4q_growth_year": 12.17,
            "roe": 1.62,
            "roe_4q": 4.85,
            "gross_profit": null,
            "gross_margin": null,
            "gross_margin_4q_avg": 0,
            "net_income": 1010000,
            "revenue": 10603000,
            "common_shares": 8000,
            "book_valuer_per_share": 26278.04,
            "book_valuer_per_share_4q_avg": 25344.24,
            "equity": 62617000,
            "current_ratio": null,
            "debt_ratio": 62.67,
            "inventory_turnover_ratio": null,
            "account_receivable_turnover_ratio": null,
            "reinvestment_rate": null,
            "research_to_sale_ratio": null,
            "price_fair": 94427.67,
            "eps_avg_yearly": 2697.93,
            "eps_latest_yearly": 2975.12,
            "eps_growth_yearly": 264.53
        },
        "20024": {
            "year_quarter": 20024,
            "year": 2002,
            "quarter": 4,
            "eps": 772,
            "eps_growth_year": 255.29,
            "eps_4q": 2795.44,
            "eps_4q_growth_year": 145.85,
            "roe": 1.72,
            "roe_4q": 6.39,
            "gross_profit": null,
            "gross_margin": null,
            "gross_margin_4q_avg": 0,
            "net_income": 1091000,
            "revenue": 12096000,
            "common_shares": 8000,
            "book_valuer_per_share": 27177.72,
            "book_valuer_per_share_4q_avg": 26181.47,
            "equity": 64037000,
            "current_ratio": null,
            "debt_ratio": 62.23,
            "inventory_turnover_ratio": null,
            "account_receivable_turnover_ratio": null,
            "reinvestment_rate": null,
            "research_to_sale_ratio": null,
            "price_fair": 97840.75,
            "eps_avg_yearly": 2795.45,
            "eps_latest_yearly": 3088,
            "eps_growth_yearly": 202.19
        },
        "20031": {
            "year_quarter": 20031,
            "year": 2003,
            "quarter": 1,
            "eps": 1127.18,
            "eps_growth_year": 88.39,
            "eps_4q": 3324.31,
            "eps_4q_growth_year": 180.42,
            "roe": 2.5,
            "roe_4q": 7.42,
            "gross_profit": null,
            "gross_margin": null,
            "gross_margin_4q_avg": 0,
            "net_income": 1617000,
            "revenue": 11376000,
            "common_shares": 8000,
            "book_valuer_per_share": 28029.97,
            "book_valuer_per_share_4q_avg": 26921.48,
            "equity": 65358000,
            "current_ratio": null,
            "debt_ratio": 61.47,
            "inventory_turnover_ratio": null,
            "account_receivable_turnover_ratio": null,
            "reinvestment_rate": null,
            "research_to_sale_ratio": null,
            "price_fair": 109833.64,
            "eps_avg_yearly": 3138.1,
            "eps_latest_yearly": 4508.72,
            "eps_growth_yearly": 198.56
        },
        "20032": {
            "year_quarter": 20032,
            "year": 2003,
            "quarter": 2,
            "eps": 1452.02,
            "eps_growth_year": 113.11,
            "eps_4q": 4094.98,
            "eps_4q_growth_year": 238.72,
            "roe": 3.19,
            "roe_4q": 9.03,
            "gross_profit": null,
            "gross_margin": null,
            "gross_margin_4q_avg": 0,
            "net_income": 2167000,
            "revenue": 14396000,
            "common_shares": 8000,
            "book_valuer_per_share": 31399.16,
            "book_valuer_per_share_4q_avg": 28221.22,
            "equity": 70605000,
            "current_ratio": null,
            "debt_ratio": 59.17,
            "inventory_turnover_ratio": null,
            "account_receivable_turnover_ratio": null,
            "reinvestment_rate": null,
            "research_to_sale_ratio": null,
            "price_fair": 125408.5,
            "eps_avg_yearly": 3583.1,
            "eps_latest_yearly": 5808.08,
            "eps_growth_yearly": 184.68
        },
        "20033": {
            "year_quarter": 20033,
            "year": 2003,
            "quarter": 3,
            "eps": 1176.14,
            "eps_growth_year": 58.13,
            "eps_4q": 4527.35,
            "eps_4q_growth_year": 102.05,
            "roe": 2.39,
            "roe_4q": 9.8,
            "gross_profit": null,
            "gross_margin": null,
            "gross_margin_4q_avg": 0,
            "net_income": 1704000,
            "revenue": 18232000,
            "common_shares": 8000,
            "book_valuer_per_share": 32026.49,
            "book_valuer_per_share_4q_avg": 29658.34,
            "equity": 71968000,
            "current_ratio": null,
            "debt_ratio": 58.22,
            "inventory_turnover_ratio": null,
            "account_receivable_turnover_ratio": null,
            "reinvestment_rate": null,
            "research_to_sale_ratio": null,
            "price_fair": 131015.8,
            "eps_avg_yearly": 3743.31,
            "eps_latest_yearly": 4704.56,
            "eps_growth_yearly": 147.44
        },
        "20034": {
            "year_quarter": 20034,
            "year": 2003,
            "quarter": 4,
            "eps": 1553.98,
            "eps_growth_year": 101.29,
            "eps_4q": 5309.33,
            "eps_4q_growth_year": 89.93,
            "roe": 3.07,
            "roe_4q": 11.15,
            "gross_profit": null,
            "gross_margin": null,
            "gross_margin_4q_avg": 0,
            "net_income": 2298000,
            "revenue": 19855000,
            "common_shares": 8000,
            "book_valuer_per_share": 35534.17,
            "book_valuer_per_share_4q_avg": 31747.45,
            "equity": 77596000,
            "current_ratio": null,
            "debt_ratio": 57.02,
            "inventory_turnover_ratio": null,
            "account_receivable_turnover_ratio": null,
            "reinvestment_rate": null,
            "research_to_sale_ratio": null,
            "price_fair": 141833.48,
            "eps_avg_yearly": 4052.39,
            "eps_latest_yearly": 6215.92,
            "eps_growth_yearly": 145.07
        },
        "20041": {
            "year_quarter": 20041,
            "year": 2004,
            "quarter": 1,
            "eps": 1008.41,
            "eps_growth_year": -10.54,
            "eps_4q": 5190.55,
            "eps_4q_growth_year": 56.14,
            "roe": 1.82,
            "roe_4q": 10.469999999999999,
            "gross_profit": null,
            "gross_margin": null,
            "gross_margin_4q_avg": 0,
            "net_income": 1429000,
            "revenue": 17184000,
            "common_shares": 8000,
            "book_valuer_per_share": 36890.98,
            "book_valuer_per_share_4q_avg": 33962.7,
            "equity": 79724000,
            "current_ratio": null,
            "debt_ratio": 62.21,
            "inventory_turnover_ratio": null,
            "account_receivable_turnover_ratio": null,
            "reinvestment_rate": null,
            "research_to_sale_ratio": null,
            "price_fair": 141760.58,
            "eps_avg_yearly": 4050.3,
            "eps_latest_yearly": 4033.64,
            "eps_growth_yearly": 113.35
        },
        "20042": {
            "year_quarter": 20042,
            "year": 2004,
            "quarter": 2,
            "eps": 833.75,
            "eps_growth_year": -42.58,
            "eps_4q": 4572.28,
            "eps_4q_growth_year": 11.66,
            "roe": 1.53,
            "roe_4q": 8.81,
            "gross_profit": null,
            "gross_margin": null,
            "gross_margin_4q_avg": 0,
            "net_income": 1226000,
            "revenue": 17996000,
            "common_shares": 8000,
            "book_valuer_per_share": 37341.23,
            "book_valuer_per_share_4q_avg": 35448.22,
            "equity": 80438000,
            "current_ratio": null,
            "debt_ratio": 60.46,
            "inventory_turnover_ratio": null,
            "account_receivable_turnover_ratio": null,
            "reinvestment_rate": null,
            "research_to_sale_ratio": null,
            "price_fair": 139257.02,
            "eps_avg_yearly": 3978.77,
            "eps_latest_yearly": 3335,
            "eps_growth_yearly": 95.09
        },
        "20043": {
            "year_quarter": 20043,
            "year": 2004,
            "quarter": 3,
            "eps": 739.32,
            "eps_growth_year": -37.14,
            "eps_4q": 4135.46,
            "eps_4q_growth_year": -8.66,
            "roe": 1.59,
            "roe_4q": 8.01,
            "gross_profit": null,
            "gross_margin": null,
            "gross_margin_4q_avg": 0,
            "net_income": 1283000,
            "revenue": 19172000,
            "common_shares": 8000,
            "book_valuer_per_share": 37451.6,
            "book_valuer_per_share_4q_avg": 36804.5,
            "equity": 80677000,
            "current_ratio": null,
            "debt_ratio": 55.64,
            "inventory_turnover_ratio": null,
            "account_receivable_turnover_ratio": null,
            "reinvestment_rate": null,
            "research_to_sale_ratio": null,
            "price_fair": 136006.82,
            "eps_avg_yearly": 3885.91,
            "eps_latest_yearly": 2957.28,
            "eps_growth_yearly": 82.32
        },
        "20044": {
            "year_quarter": 20044,
            "year": 2004,
            "quarter": 4,
            "eps": 2171.4,
            "eps_growth_year": 39.73,
            "eps_4q": 4752.87,
            "eps_4q_growth_year": -10.48,
            "roe": 3.83,
            "roe_4q": 8.77,
            "gross_profit": null,
            "gross_margin": null,
            "gross_margin_4q_avg": 0,
            "net_income": 3192000,
            "revenue": 20030000,
            "common_shares": 8000,
            "book_valuer_per_share": 41425.23,
            "book_valuer_per_share_4q_avg": 38277.26,
            "equity": 85900000,
            "current_ratio": null,
            "debt_ratio": 54.52,
            "inventory_turnover_ratio": null,
            "account_receivable_turnover_ratio": null,
            "reinvestment_rate": null,
            "research_to_sale_ratio": null,
            "price_fair": 150005.92,
            "eps_avg_yearly": 4285.88,
            "eps_latest_yearly": 8685.6,
            "eps_growth_yearly": 140.03
        },
        "20051": {
            "year_quarter": 20051,
            "year": 2005,
            "quarter": 1,
            "eps": 885.58,
            "eps_growth_year": -12.18,
            "eps_4q": 4630.05,
            "eps_4q_growth_year": -10.8,
            "roe": 1.43,
            "roe_4q": 8.379999999999999,
            "gross_profit": null,
            "gross_margin": null,
            "gross_margin_4q_avg": 0,
            "net_income": 1232000,
            "revenue": 17634000,
            "common_shares": 8000,
            "book_valuer_per_share": 41172.62,
            "book_valuer_per_share_4q_avg": 39347.67,
            "equity": 86456000,
            "current_ratio": null,
            "debt_ratio": 54.75,
            "inventory_turnover_ratio": null,
            "account_receivable_turnover_ratio": null,
            "reinvestment_rate": null,
            "research_to_sale_ratio": null,
            "price_fair": 148004.02,
            "eps_avg_yearly": 4228.69,
            "eps_latest_yearly": 3542.32,
            "eps_growth_yearly": 111.04
        },
        "20052": {
            "year_quarter": 20052,
            "year": 2005,
            "quarter": 2,
            "eps": 941.12,
            "eps_growth_year": 12.88,
            "eps_4q": 4737.42,
            "eps_4q_growth_year": 3.61,
            "roe": 1.56,
            "roe_4q": 8.41,
            "gross_profit": null,
            "gross_margin": null,
            "gross_margin_4q_avg": 0,
            "net_income": 1363000,
            "revenue": 18128000,
            "common_shares": 8000,
            "book_valuer_per_share": 42097.68,
            "book_valuer_per_share_4q_avg": 40536.78,
            "equity": 88086000,
            "current_ratio": null,
            "debt_ratio": 54.79,
            "inventory_turnover_ratio": null,
            "account_receivable_turnover_ratio": null,
            "reinvestment_rate": null,
            "research_to_sale_ratio": null,
            "price_fair": 146843.5,
            "eps_avg_yearly": 4195.53,
            "eps_latest_yearly": 3764.48,
            "eps_growth_yearly": 104.9
        },
        "20053": {
            "year_quarter": 20053,
            "year": 2005,
            "quarter": 3,
            "eps": 380.55,
            "eps_growth_year": -48.53,
            "eps_4q": 4378.64,
            "eps_4q_growth_year": 5.88,
            "roe": 0.52,
            "roe_4q": 7.34,
            "gross_profit": null,
            "gross_margin": null,
            "gross_margin_4q_avg": 0,
            "net_income": 462000,
            "revenue": 20533000,
            "common_shares": 8000,
            "book_valuer_per_share": 42729.9,
            "book_valuer_per_share_4q_avg": 41856.36,
            "equity": 89518000,
            "current_ratio": null,
            "debt_ratio": 54.49,
            "inventory_turnover_ratio": null,
            "account_receivable_turnover_ratio": null,
            "reinvestment_rate": null,
            "research_to_sale_ratio": null,
            "price_fair": 140605.73,
            "eps_avg_yearly": 4017.31,
            "eps_latest_yearly": 1522.2,
            "eps_growth_yearly": 82.02
        },
        "20054": {
            "year_quarter": 20054,
            "year": 2005,
            "quarter": 4,
            "eps": 3330.17,
            "eps_growth_year": 53.37,
            "eps_4q": 5537.42,
            "eps_4q_growth_year": 16.51,
            "roe": 5.58,
            "roe_4q": 9.09,
            "gross_profit": null,
            "gross_margin": null,
            "gross_margin_4q_avg": 0,
            "net_income": 5052000,
            "revenue": 25368000,
            "common_shares": 8000,
            "book_valuer_per_share": 43991.39,
            "book_valuer_per_share_4q_avg": 42497.9,
            "equity": 91484000,
            "current_ratio": null,
            "debt_ratio": 53.87,
            "inventory_turnover_ratio": null,
            "account_receivable_turnover_ratio": null,
            "reinvestment_rate": null,
            "research_to_sale_ratio": null,
            "price_fair": 160956.86,
            "eps_avg_yearly": 4598.77,
            "eps_latest_yearly": 13320.68,
            "eps_growth_yearly": 270.67
        },
        "20061": {
            "year_quarter": 20061,
            "year": 2006,
            "quarter": 1,
            "eps": 1501.03,
            "eps_growth_year": 69.5,
            "eps_4q": 6152.87,
            "eps_4q_growth_year": 32.89,
            "roe": 2.54,
            "roe_4q": 10.200000000000001,
            "gross_profit": null,
            "gross_margin": null,
            "gross_margin_4q_avg": 0,
            "net_income": 2371000,
            "revenue": 22763000,
            "common_shares": 8000,
            "book_valuer_per_share": 46794.56,
            "book_valuer_per_share_4q_avg": 43903.38,
            "equity": 95349000,
            "current_ratio": null,
            "debt_ratio": 58.58,
            "inventory_turnover_ratio": null,
            "account_receivable_turnover_ratio": null,
            "reinvestment_rate": null,
            "research_to_sale_ratio": null,
            "price_fair": 168855.58,
            "eps_avg_yearly": 4824.45,
            "eps_latest_yearly": 6004.12,
            "eps_growth_yearly": 213.1
        },
        "20062": {
            "year_quarter": 20062,
            "year": 2006,
            "quarter": 2,
            "eps": 1522.4,
            "eps_growth_year": 61.77,
            "eps_4q": 6734.16,
            "eps_4q_growth_year": 42.15,
            "roe": 2.48,
            "roe_4q": 11.12,
            "gross_profit": null,
            "gross_margin": null,
            "gross_margin_4q_avg": 0,
            "net_income": 2394000,
            "revenue": 24185000,
            "common_shares": 8000,
            "book_valuer_per_share": 43892.29,
            "book_valuer_per_share_4q_avg": 44352.04,
            "equity": 97613000,
            "current_ratio": null,
            "debt_ratio": 57.99,
            "inventory_turnover_ratio": null,
            "account_receivable_turnover_ratio": null,
            "reinvestment_rate": null,
            "research_to_sale_ratio": null,
            "price_fair": 176214.76,
            "eps_avg_yearly": 5034.71,
            "eps_latest_yearly": 6089.6,
            "eps_growth_yearly": 209.98
        },
        "20063": {
            "year_quarter": 20063,
            "year": 2006,
            "quarter": 3,
            "eps": 1797.47,
            "eps_growth_year": 372.34,
            "eps_4q": 8151.08,
            "eps_4q_growth_year": 86.16,
            "roe": 2.85,
            "roe_4q": 13.45,
            "gross_profit": null,
            "gross_margin": null,
            "gross_margin_4q_avg": 0,
            "net_income": 2850000,
            "revenue": 25360000,
            "common_shares": 8000,
            "book_valuer_per_share": 45342.59,
            "book_valuer_per_share_4q_avg": 45005.21,
            "equity": 102244000,
            "current_ratio": null,
            "debt_ratio": 57.4,
            "inventory_turnover_ratio": null,
            "account_receivable_turnover_ratio": null,
            "reinvestment_rate": null,
            "research_to_sale_ratio": null,
            "price_fair": 185434.55,
            "eps_avg_yearly": 5298.13,
            "eps_latest_yearly": 7189.88,
            "eps_growth_yearly": 212.21
        },
        "20064": {
            "year_quarter": 20064,
            "year": 2006,
            "quarter": 4,
            "eps": 2324.8,
            "eps_growth_year": -30.19,
            "eps_4q": 7145.7,
            "eps_4q_growth_year": 29.04,
            "roe": 3.48,
            "roe_4q": 11.350000000000001,
            "gross_profit": null,
            "gross_margin": null,
            "gross_margin_4q_avg": 0,
            "net_income": 3661000,
            "revenue": 26231000,
            "common_shares": 8000,
            "book_valuer_per_share": 49440.57,
            "book_valuer_per_share_4q_avg": 46367.5,
            "equity": 108419000,
            "current_ratio": null,
            "debt_ratio": 56.36,
            "inventory_turnover_ratio": null,
            "account_receivable_turnover_ratio": null,
            "reinvestment_rate": null,
            "research_to_sale_ratio": null,
            "price_fair": 199021.55,
            "eps_avg_yearly": 5686.33,
            "eps_latest_yearly": 9299.2,
            "eps_growth_yearly": 218.6
        },
        "20071": {
            "year_quarter": 20071,
            "year": 2007,
            "quarter": 1,
            "eps": 1682,
            "eps_growth_year": 12.06,
            "eps_4q": 7326.67,
            "eps_4q_growth_year": 19.08,
            "roe": 2.46,
            "roe_4q": 11.27,
            "gross_profit": null,
            "gross_margin": null,
            "gross_margin_4q_avg": 0,
            "net_income": 2684000,
            "revenue": 32918000,
            "common_shares": 8000,
            "book_valuer_per_share": 50009.06,
            "book_valuer_per_share_4q_avg": 47171.13,
            "equity": 109891000,
            "current_ratio": null,
            "debt_ratio": 58.01,
            "inventory_turnover_ratio": null,
            "account_receivable_turnover_ratio": null,
            "reinvestment_rate": null,
            "research_to_sale_ratio": null,
            "price_fair": 203876.23,
            "eps_avg_yearly": 5825.04,
            "eps_latest_yearly": 6728,
            "eps_growth_yearly": 200.18
        },
        "20072": {
            "year_quarter": 20072,
            "year": 2007,
            "quarter": 2,
            "eps": 2017.85,
            "eps_growth_year": 32.54,
            "eps_4q": 7822.11,
            "eps_4q_growth_year": 16.16,
            "roe": 2.84,
            "roe_4q": 11.629999999999999,
            "gross_profit": null,
            "gross_margin": null,
            "gross_margin_4q_avg": 0,
            "net_income": 3199000,
            "revenue": 27347000,
            "common_shares": 8000,
            "book_valuer_per_share": 53460.5,
            "book_valuer_per_share_4q_avg": 49563.18,
            "equity": 115272000,
            "current_ratio": null,
            "debt_ratio": 57.16,
            "inventory_turnover_ratio": null,
            "account_receivable_turnover_ratio": null,
            "reinvestment_rate": null,
            "research_to_sale_ratio": null,
            "price_fair": 208827.24,
            "eps_avg_yearly": 5966.49,
            "eps_latest_yearly": 8071.4,
            "eps_growth_yearly": 197.97
        },
        "20073": {
            "year_quarter": 20073,
            "year": 2007,
            "quarter": 3,
            "eps": 2942.41,
            "eps_growth_year": 63.7,
            "eps_4q": 8967.05,
            "eps_4q_growth_year": 10.01,
            "roe": 3.95,
            "roe_4q": 12.73,
            "gross_profit": null,
            "gross_margin": null,
            "gross_margin_4q_avg": 0,
            "net_income": 4650000,
            "revenue": 29937000,
            "common_shares": 8000,
            "book_valuer_per_share": 56249.27,
            "book_valuer_per_share_4q_avg": 52289.85,
            "equity": 119903000,
            "current_ratio": null,
            "debt_ratio": 56.64,
            "inventory_turnover_ratio": null,
            "account_receivable_turnover_ratio": null,
            "reinvestment_rate": null,
            "research_to_sale_ratio": null,
            "price_fair": 224282.1,
            "eps_avg_yearly": 6408.06,
            "eps_latest_yearly": 11769.64,
            "eps_growth_yearly": 214.17
        },
        "20074": {
            "year_quarter": 20074,
            "year": 2007,
            "quarter": 4,
            "eps": 1904.23,
            "eps_growth_year": -18.09,
            "eps_4q": 8546.48,
            "eps_4q_growth_year": 19.6,
            "roe": 2.52,
            "roe_4q": 11.77,
            "gross_profit": null,
            "gross_margin": null,
            "gross_margin_4q_avg": 0,
            "net_income": 3034000,
            "revenue": 28043000,
            "common_shares": 8000,
            "book_valuer_per_share": 56690.24,
            "book_valuer_per_share_4q_avg": 54102.27,
            "equity": 120733000,
            "current_ratio": null,
            "debt_ratio": 55.8,
            "inventory_turnover_ratio": null,
            "account_receivable_turnover_ratio": null,
            "reinvestment_rate": null,
            "research_to_sale_ratio": null,
            "price_fair": 227346.79,
            "eps_avg_yearly": 6495.62,
            "eps_latest_yearly": 7616.92,
            "eps_growth_yearly": 197.32
        },
        "20081": {
            "year_quarter": 20081,
            "year": 2008,
            "quarter": 1,
            "eps": 607.08,
            "eps_growth_year": -63.91,
            "eps_4q": 7471.57,
            "eps_4q_growth_year": 1.98,
            "roe": 0.87,
            "roe_4q": 10.18,
            "gross_profit": null,
            "gross_margin": null,
            "gross_margin_4q_avg": 0,
            "net_income": 1045000,
            "revenue": 25175000,
            "common_shares": 8000,
            "book_valuer_per_share": 55330.78,
            "book_valuer_per_share_4q_avg": 55432.7,
            "equity": 119372000,
            "current_ratio": null,
            "debt_ratio": 57.53,
            "inventory_turnover_ratio": null,
            "account_receivable_turnover_ratio": null,
            "reinvestment_rate": null,
            "research_to_sale_ratio": null,
            "price_fair": 223835.15,
            "eps_avg_yearly": 6395.29,
            "eps_latest_yearly": 2428.32,
            "eps_growth_yearly": 189.07
        },
        "20082": {
            "year_quarter": 20082,
            "year": 2008,
            "quarter": 2,
            "eps": 1859.29,
            "eps_growth_year": -7.86,
            "eps_4q": 7313,
            "eps_4q_growth_year": -6.51,
            "roe": 2.55,
            "roe_4q": 9.89,
            "gross_profit": null,
            "gross_margin": null,
            "gross_margin_4q_avg": 0,
            "net_income": 3028000,
            "revenue": 30093000,
            "common_shares": 8000,
            "book_valuer_per_share": 54439.88,
            "book_valuer_per_share_4q_avg": 55677.54,
            "equity": 117994000,
            "current_ratio": null,
            "debt_ratio": 57.52,
            "inventory_turnover_ratio": null,
            "account_receivable_turnover_ratio": null,
            "reinvestment_rate": null,
            "research_to_sale_ratio": null,
            "price_fair": 232808.63,
            "eps_avg_yearly": 6651.68,
            "eps_latest_yearly": 7437.16,
            "eps_growth_yearly": 244.97
        },
        "20083": {
            "year_quarter": 20083,
            "year": 2008,
            "quarter": 3,
            "eps": 682.27,
            "eps_growth_year": -76.81,
            "eps_4q": 5052.86,
            "eps_4q_growth_year": -43.65,
            "roe": 1.01,
            "roe_4q": 6.949999999999999,
            "gross_profit": null,
            "gross_margin": null,
            "gross_margin_4q_avg": 0,
            "net_income": 1208000,
            "revenue": 27926000,
            "common_shares": 8000,
            "book_valuer_per_share": 55827.02,
            "book_valuer_per_share_4q_avg": 55571.98,
            "equity": 120155000,
            "current_ratio": null,
            "debt_ratio": 57.35,
            "inventory_turnover_ratio": null,
            "account_receivable_turnover_ratio": null,
            "reinvestment_rate": null,
            "research_to_sale_ratio": null,
            "price_fair": 232309.44,
            "eps_avg_yearly": 6637.41,
            "eps_latest_yearly": 2729.08,
            "eps_growth_yearly": 231.97
        },
        "20084": {
            "year_quarter": 20084,
            "year": 2008,
            "quarter": 4,
            "eps": 75.52,
            "eps_growth_year": -96.03,
            "eps_4q": 3224.16,
            "eps_4q_growth_year": -62.28,
            "roe": 0.27,
            "roe_4q": 4.7,
            "gross_profit": null,
            "gross_margin": null,
            "gross_margin_4q_avg": 0,
            "net_income": 315000,
            "revenue": 24592000,
            "common_shares": 8000,
            "book_valuer_per_share": 48647.92,
            "book_valuer_per_share_4q_avg": 53561.4,
            "equity": 109267000,
            "current_ratio": null,
            "debt_ratio": 59.14,
            "inventory_turnover_ratio": null,
            "account_receivable_turnover_ratio": null,
            "reinvestment_rate": null,
            "research_to_sale_ratio": null,
            "price_fair": 213970.49,
            "eps_avg_yearly": 6113.44,
            "eps_latest_yearly": 302.08,
            "eps_growth_yearly": 161.31
        },
        "20091": {
            "year_quarter": 20091,
            "year": 2009,
            "quarter": 1,
            "eps": -990.01,
            "eps_growth_year": -263.08,
            "eps_4q": 1627.07,
            "eps_4q_growth_year": -78.22,
            "roe": -1.44,
            "roe_4q": 2.3899999999999997,
            "gross_profit": null,
            "gross_margin": null,
            "gross_margin_4q_avg": 0,
            "net_income": -1529000,
            "revenue": 22784000,
            "common_shares": null,
            "book_valuer_per_share": 44408.34,
            "book_valuer_per_share_4q_avg": 50830.79,
            "equity": 102798000,
            "current_ratio": null,
            "debt_ratio": 60.54,
            "inventory_turnover_ratio": null,
            "account_receivable_turnover_ratio": null,
            "reinvestment_rate": null,
            "research_to_sale_ratio": null,
            "price_fair": 219969.77,
            "eps_avg_yearly": 6284.85,
            "eps_latest_yearly": 302.08,
            "eps_growth_yearly": 187.86
        },
        "20092": {
            "year_quarter": 20092,
            "year": 2009,
            "quarter": 2,
            "eps": 2123.44,
            "eps_growth_year": 14.21,
            "eps_4q": 1891.23,
            "eps_4q_growth_year": -74.14,
            "roe": 3.01,
            "roe_4q": 2.8499999999999996,
            "gross_profit": null,
            "gross_margin": null,
            "gross_margin_4q_avg": 0,
            "net_income": 3271000,
            "revenue": 29607000,
            "common_shares": null,
            "book_valuer_per_share": 51862.69,
            "book_valuer_per_share_4q_avg": 50186.49,
            "equity": 114527000,
            "current_ratio": null,
            "debt_ratio": 58.45,
            "inventory_turnover_ratio": null,
            "account_receivable_turnover_ratio": null,
            "reinvestment_rate": null,
            "research_to_sale_ratio": null,
            "price_fair": 226270.7,
            "eps_avg_yearly": 6464.88,
            "eps_latest_yearly": 302.08,
            "eps_growth_yearly": 199.49
        },
        "20093": {
            "year_quarter": 20093,
            "year": 2009,
            "quarter": 3,
            "eps": 2086.71,
            "eps_growth_year": 205.85,
            "eps_4q": 3295.67,
            "eps_4q_growth_year": -34.78,
            "roe": 2.69,
            "roe_4q": 4.529999999999999,
            "gross_profit": null,
            "gross_margin": null,
            "gross_margin_4q_avg": 0,
            "net_income": 3238000,
            "revenue": 29904000,
            "common_shares": null,
            "book_valuer_per_share": 59258.14,
            "book_valuer_per_share_4q_avg": 51044.27,
            "equity": 126073000,
            "current_ratio": null,
            "debt_ratio": 56.83,
            "inventory_turnover_ratio": null,
            "account_receivable_turnover_ratio": null,
            "reinvestment_rate": null,
            "research_to_sale_ratio": null,
            "price_fair": 243332.3,
            "eps_avg_yearly": 6952.35,
            "eps_latest_yearly": 8346.84,
            "eps_growth_yearly": 216.01
        },
        "20094": {
            "year_quarter": 20094,
            "year": 2009,
            "quarter": 4,
            "eps": 1969.64,
            "eps_growth_year": 2508.06,
            "eps_4q": 5189.79,
            "eps_4q_growth_year": 60.97,
            "roe": 2.36,
            "roe_4q": 6.619999999999999,
            "gross_profit": null,
            "gross_margin": null,
            "gross_margin_4q_avg": 0,
            "net_income": 3034000,
            "revenue": 30198000,
            "common_shares": 8000,
            "book_valuer_per_share": 62493.97,
            "book_valuer_per_share_4q_avg": 54505.79,
            "equity": 131102000,
            "current_ratio": null,
            "debt_ratio": 55.88,
            "inventory_turnover_ratio": null,
            "account_receivable_turnover_ratio": null,
            "reinvestment_rate": null,
            "research_to_sale_ratio": null,
            "price_fair": 19690.89,
            "eps_avg_yearly": 6563.63,
            "eps_latest_yearly": 7878.56,
            "eps_growth_yearly": -7.05
        },
        "20101": {
            "year_quarter": 20101,
            "year": 2010,
            "quarter": 1,
            "eps": 2271.81,
            "eps_growth_year": null,
            "eps_4q": 8451.6,
            "eps_4q_growth_year": 419.44,
            "roe": 2.7,
            "roe_4q": 10.76,
            "gross_profit": null,
            "gross_margin": null,
            "gross_margin_4q_avg": 0,
            "net_income": 3762000,
            "revenue": 32037000,
            "common_shares": 8000,
            "book_valuer_per_share": 59683.09,
            "book_valuer_per_share_4q_avg": 58324.47,
            "equity": 147209000,
            "current_ratio": null,
            "debt_ratio": 58.69,
            "inventory_turnover_ratio": null,
            "account_receivable_turnover_ratio": null,
            "reinvestment_rate": null,
            "research_to_sale_ratio": null,
            "price_fair": 156215.39,
            "eps_avg_yearly": 6783.85,
            "eps_latest_yearly": 9087.24,
            "eps_growth_yearly": 13.03
        },
        "20102": {
            "year_quarter": 20102,
            "year": 2010,
            "quarter": 2,
            "eps": 1194.77,
            "eps_growth_year": -43.73,
            "eps_4q": 7522.93,
            "eps_4q_growth_year": 297.78,
            "roe": 1.44,
            "roe_4q": 9.19,
            "gross_profit": null,
            "gross_margin": null,
            "gross_margin_4q_avg": 0,
            "net_income": 2090000,
            "revenue": 31709000,
            "common_shares": 8000,
            "book_valuer_per_share": 56734.88,
            "book_valuer_per_share_4q_avg": 59542.52,
            "equity": 142763000,
            "current_ratio": null,
            "debt_ratio": 59.12,
            "inventory_turnover_ratio": null,
            "account_receivable_turnover_ratio": null,
            "reinvestment_rate": null,
            "research_to_sale_ratio": null,
            "price_fair": 20070.73,
            "eps_avg_yearly": 6690.24,
            "eps_latest_yearly": 4779.08,
            "eps_growth_yearly": -0.92
        },
        "20103": {
            "year_quarter": 20103,
            "year": 2010,
            "quarter": 3,
            "eps": 1814.16,
            "eps_growth_year": -13.06,
            "eps_4q": 7250.39,
            "eps_4q_growth_year": 120,
            "roe": 2.13,
            "roe_4q": 8.629999999999999,
            "gross_profit": null,
            "gross_margin": null,
            "gross_margin_4q_avg": 0,
            "net_income": 3119000,
            "revenue": 36274000,
            "common_shares": 8000,
            "book_valuer_per_share": 60843.05,
            "book_valuer_per_share_4q_avg": 59938.75,
            "equity": 149671000,
            "current_ratio": null,
            "debt_ratio": 58.88,
            "inventory_turnover_ratio": null,
            "account_receivable_turnover_ratio": null,
            "reinvestment_rate": null,
            "research_to_sale_ratio": null,
            "price_fair": 125363.88,
            "eps_avg_yearly": 6695.01,
            "eps_latest_yearly": 7256.64,
            "eps_growth_yearly": 8.72
        },
        "20104": {
            "year_quarter": 20104,
            "year": 2010,
            "quarter": 4,
            "eps": 2654.8,
            "eps_growth_year": 34.79,
            "eps_4q": 7935.55,
            "eps_4q_growth_year": 52.91,
            "roe": 2.91,
            "roe_4q": 9.18,
            "gross_profit": null,
            "gross_margin": null,
            "gross_margin_4q_avg": 0,
            "net_income": 4473000,
            "revenue": 36165000,
            "common_shares": 8000,
            "book_valuer_per_share": 61399.11,
            "book_valuer_per_share_4q_avg": 59665.03,
            "equity": 157318000,
            "current_ratio": null,
            "debt_ratio": 57.74,
            "inventory_turnover_ratio": null,
            "account_receivable_turnover_ratio": null,
            "reinvestment_rate": null,
            "research_to_sale_ratio": null,
            "price_fair": 160106.64,
            "eps_avg_yearly": 6789.3,
            "eps_latest_yearly": 10619.2,
            "eps_growth_yearly": 13.58
        },
        "20111": {
            "year_quarter": 20111,
            "year": 2011,
            "quarter": 1,
            "eps": 916.64,
            "eps_growth_year": -59.65,
            "eps_4q": 6580.38,
            "eps_4q_growth_year": -22.14,
            "roe": 1.01,
            "roe_4q": 7.49,
            "gross_profit": null,
            "gross_margin": null,
            "gross_margin_4q_avg": 0,
            "net_income": 1605000,
            "revenue": 33720000,
            "common_shares": 8000,
            "book_valuer_per_share": 63083.39,
            "book_valuer_per_share_4q_avg": 60515.11,
            "equity": 160055000,
            "current_ratio": null,
            "debt_ratio": 57.49,
            "inventory_turnover_ratio": null,
            "account_receivable_turnover_ratio": null,
            "reinvestment_rate": null,
            "research_to_sale_ratio": null,
            "price_fair": 83944.55,
            "eps_avg_yearly": 6570.62,
            "eps_latest_yearly": 3666.56,
            "eps_growth_yearly": 2.78
        },
        "20112": {
            "year_quarter": 20112,
            "year": 2011,
            "quarter": 2,
            "eps": 2072.1,
            "eps_growth_year": 73.43,
            "eps_4q": 7457.71,
            "eps_4q_growth_year": -0.87,
            "roe": 2.19,
            "roe_4q": 8.24,
            "gross_profit": null,
            "gross_margin": null,
            "gross_margin_4q_avg": 0,
            "net_income": 3540000,
            "revenue": 38274000,
            "common_shares": 8000,
            "book_valuer_per_share": 64825.39,
            "book_valuer_per_share_4q_avg": 62537.74,
            "equity": 163007000,
            "current_ratio": null,
            "debt_ratio": 57.41,
            "inventory_turnover_ratio": null,
            "account_receivable_turnover_ratio": null,
            "reinvestment_rate": null,
            "research_to_sale_ratio": null,
            "price_fair": 230514.3,
            "eps_avg_yearly": 6586.12,
            "eps_latest_yearly": 8288.4,
            "eps_growth_yearly": 33.09
        },
        "20113": {
            "year_quarter": 20113,
            "year": 2011,
            "quarter": 3,
            "eps": 1379.53,
            "eps_growth_year": -23.96,
            "eps_4q": 7023.07,
            "eps_4q_growth_year": -3.14,
            "roe": 1.49,
            "roe_4q": 7.6,
            "gross_profit": null,
            "gross_margin": null,
            "gross_margin_4q_avg": 0,
            "net_income": 2410000,
            "revenue": 33739000,
            "common_shares": 8000,
            "book_valuer_per_share": 58338.92,
            "book_valuer_per_share_4q_avg": 61911.7,
            "equity": 159957000,
            "current_ratio": null,
            "debt_ratio": 58.51,
            "inventory_turnover_ratio": null,
            "account_receivable_turnover_ratio": null,
            "reinvestment_rate": null,
            "research_to_sale_ratio": null,
            "price_fair": 125526.43,
            "eps_avg_yearly": 6139.59,
            "eps_latest_yearly": 5518.12,
            "eps_growth_yearly": 10.45
        },
        "20114": {
            "year_quarter": 20114,
            "year": 2011,
            "quarter": 4,
            "eps": 1846.37,
            "eps_growth_year": -30.45,
            "eps_4q": 6214.63,
            "eps_4q_growth_year": -21.69,
            "roe": 1.96,
            "roe_4q": 6.65,
            "gross_profit": null,
            "gross_margin": null,
            "gross_margin_4q_avg": 0,
            "net_income": 3191000,
            "revenue": 37955000,
            "common_shares": 8000,
            "book_valuer_per_share": 61337.55,
            "book_valuer_per_share_4q_avg": 61896.31,
            "equity": 164850000,
            "current_ratio": null,
            "debt_ratio": 58.02,
            "inventory_turnover_ratio": null,
            "account_receivable_turnover_ratio": null,
            "reinvestment_rate": null,
            "research_to_sale_ratio": null,
            "price_fair": 214306.9,
            "eps_avg_yearly": 6123.05,
            "eps_latest_yearly": 7385.48,
            "eps_growth_yearly": 30.2
        },
        "20121": {
            "year_quarter": 20121,
            "year": 2012,
            "quarter": 1,
            "eps": 1965.54,
            "eps_growth_year": 114.43,
            "eps_4q": 7263.53,
            "eps_4q_growth_year": 10.38,
            "roe": 1.98,
            "roe_4q": 7.619999999999999,
            "gross_profit": null,
            "gross_margin": null,
            "gross_margin_4q_avg": 0,
            "net_income": 3366000,
            "revenue": 38147000,
            "common_shares": 8000,
            "book_valuer_per_share": 68179.65,
            "book_valuer_per_share_4q_avg": 63170.38,
            "equity": 175997000,
            "current_ratio": null,
            "debt_ratio": 57.22,
            "inventory_turnover_ratio": null,
            "account_receivable_turnover_ratio": null,
            "reinvestment_rate": null,
            "research_to_sale_ratio": null,
            "price_fair": 227891.5,
            "eps_avg_yearly": 6511.19,
            "eps_latest_yearly": 7862.16,
            "eps_growth_yearly": 51.5
        },
        "20122": {
            "year_quarter": 20122,
            "year": 2012,
            "quarter": 2,
            "eps": 1881.91,
            "eps_growth_year": -9.18,
            "eps_4q": 7073.35,
            "eps_4q_growth_year": -5.15,
            "roe": 1.83,
            "roe_4q": 7.26,
            "gross_profit": null,
            "gross_margin": null,
            "gross_margin_4q_avg": 0,
            "net_income": 3231000,
            "revenue": 38546000,
            "common_shares": 8000,
            "book_valuer_per_share": 69122.46,
            "book_valuer_per_share_4q_avg": 64244.65,
            "equity": 177379000,
            "current_ratio": null,
            "debt_ratio": 56.88,
            "inventory_turnover_ratio": null,
            "account_receivable_turnover_ratio": null,
            "reinvestment_rate": null,
            "research_to_sale_ratio": null,
            "price_fair": 19552.95,
            "eps_avg_yearly": 6517.65,
            "eps_latest_yearly": 7527.64,
            "eps_growth_yearly": -8.65
        },
        "20123": {
            "year_quarter": 20123,
            "year": 2012,
            "quarter": 3,
            "eps": 2372.62,
            "eps_growth_year": 71.99,
            "eps_4q": 8066.44,
            "eps_4q_growth_year": 14.86,
            "roe": 2.24,
            "roe_4q": 8.010000000000002,
            "gross_profit": null,
            "gross_margin": null,
            "gross_margin_4q_avg": 0,
            "net_income": 4054000,
            "revenue": 41050000,
            "common_shares": 8000,
            "book_valuer_per_share": 72872.03,
            "book_valuer_per_share_4q_avg": 67877.92,
            "equity": 184602000,
            "current_ratio": null,
            "debt_ratio": 56.47,
            "inventory_turnover_ratio": null,
            "account_receivable_turnover_ratio": null,
            "reinvestment_rate": null,
            "research_to_sale_ratio": null,
            "price_fair": 188244.08,
            "eps_avg_yearly": 7000.61,
            "eps_latest_yearly": 9490.48,
            "eps_growth_yearly": 16.89
        },
        "20124": {
            "year_quarter": 20124,
            "year": 2012,
            "quarter": 4,
            "eps": 2757.28,
            "eps_growth_year": 49.34,
            "eps_4q": 8977.36,
            "eps_4q_growth_year": 44.46,
            "roe": 2.5,
            "roe_4q": 8.55,
            "gross_profit": null,
            "gross_margin": null,
            "gross_margin_4q_avg": 0,
            "net_income": 4661000,
            "revenue": 44720000,
            "common_shares": 8000,
            "book_valuer_per_share": 74774.85,
            "book_valuer_per_share_4q_avg": 71237.25,
            "equity": 187647000,
            "current_ratio": null,
            "debt_ratio": 56.1,
            "inventory_turnover_ratio": null,
            "account_receivable_turnover_ratio": null,
            "reinvestment_rate": null,
            "research_to_sale_ratio": null,
            "price_fair": 271838.8,
            "eps_avg_yearly": 7766.82,
            "eps_latest_yearly": 11029.12,
            "eps_growth_yearly": 46.93
        },
        "20131": {
            "year_quarter": 20131,
            "year": 2013,
            "quarter": 1,
            "eps": 2977.15,
            "eps_growth_year": 51.47,
            "eps_4q": 9988.97,
            "eps_4q_growth_year": 37.52,
            "roe": 2.6,
            "roe_4q": 9.17,
            "gross_profit": null,
            "gross_margin": null,
            "gross_margin_4q_avg": 0,
            "net_income": 5017000,
            "revenue": 43867000,
            "common_shares": 8000,
            "book_valuer_per_share": 81331.39,
            "book_valuer_per_share_4q_avg": 74525.18,
            "equity": 198071000,
            "current_ratio": null,
            "debt_ratio": 55.22,
            "inventory_turnover_ratio": null,
            "account_receivable_turnover_ratio": null,
            "reinvestment_rate": null,
            "research_to_sale_ratio": null,
            "price_fair": 281502.95,
            "eps_avg_yearly": 8042.94,
            "eps_latest_yearly": 11908.6,
            "eps_growth_yearly": 45.93
        },
        "20132": {
            "year_quarter": 20132,
            "year": 2013,
            "quarter": 2,
            "eps": 2762.84,
            "eps_growth_year": 46.81,
            "eps_4q": 10869.89,
            "eps_4q_growth_year": 53.67,
            "roe": 2.31,
            "roe_4q": 9.65,
            "gross_profit": null,
            "gross_margin": null,
            "gross_margin_4q_avg": 0,
            "net_income": 4612000,
            "revenue": 44693000,
            "common_shares": 8000,
            "book_valuer_per_share": 83861.39,
            "book_valuer_per_share_4q_avg": 78209.92,
            "equity": 202016000,
            "current_ratio": null,
            "debt_ratio": 54.76,
            "inventory_turnover_ratio": null,
            "account_receivable_turnover_ratio": null,
            "reinvestment_rate": null,
            "research_to_sale_ratio": null,
            "price_fair": 288083.86,
            "eps_avg_yearly": 8230.97,
            "eps_latest_yearly": 11051.36,
            "eps_growth_yearly": 41.26
        },
        "20133": {
            "year_quarter": 20133,
            "year": 2013,
            "quarter": 3,
            "eps": 3074.01,
            "eps_growth_year": 29.56,
            "eps_4q": 11571.29,
            "eps_4q_growth_year": 43.45,
            "roe": 2.51,
            "roe_4q": 9.92,
            "gross_profit": null,
            "gross_margin": null,
            "gross_margin_4q_avg": 0,
            "net_income": 5153000,
            "revenue": 46541000,
            "common_shares": 8000,
            "book_valuer_per_share": 87458.5,
            "book_valuer_per_share_4q_avg": 81856.53,
            "equity": 208382000,
            "current_ratio": null,
            "debt_ratio": 54.51,
            "inventory_turnover_ratio": null,
            "account_receivable_turnover_ratio": null,
            "reinvestment_rate": null,
            "research_to_sale_ratio": null,
            "price_fair": 296722.74,
            "eps_avg_yearly": 8477.79,
            "eps_latest_yearly": 12296.04,
            "eps_growth_yearly": 44.51
        },
        "20134": {
            "year_quarter": 20134,
            "year": 2013,
            "quarter": 4,
            "eps": 3035.49,
            "eps_growth_year": 10.09,
            "eps_4q": 11849.5,
            "eps_4q_growth_year": 31.99,
            "roe": 2.35,
            "roe_4q": 9.77,
            "gross_profit": null,
            "gross_margin": null,
            "gross_margin_4q_avg": 0,
            "net_income": 5063000,
            "revenue": 47049000,
            "common_shares": 8000,
            "book_valuer_per_share": 94482.61,
            "book_valuer_per_share_4q_avg": 86783.47,
            "equity": 221890000,
            "current_ratio": null,
            "debt_ratio": 54.24,
            "inventory_turnover_ratio": null,
            "account_receivable_turnover_ratio": null,
            "reinvestment_rate": null,
            "research_to_sale_ratio": null,
            "price_fair": 306048.93,
            "eps_avg_yearly": 8744.26,
            "eps_latest_yearly": 12141.96,
            "eps_growth_yearly": 45.6
        },
        "20141": {
            "year_quarter": 20141,
            "year": 2014,
            "quarter": 1,
            "eps": 2861.82,
            "eps_growth_year": -3.87,
            "eps_4q": 11734.16,
            "eps_4q_growth_year": 17.47,
            "roe": 2.12,
            "roe_4q": 9.290000000000001,
            "gross_profit": null,
            "gross_margin": null,
            "gross_margin_4q_avg": 0,
            "net_income": 4773000,
            "revenue": 45453000,
            "common_shares": 8000,
            "book_valuer_per_share": 96743.76,
            "book_valuer_per_share_4q_avg": 90636.57,
            "equity": 227612000,
            "current_ratio": null,
            "debt_ratio": 54.01,
            "inventory_turnover_ratio": null,
            "account_receivable_turnover_ratio": null,
            "reinvestment_rate": null,
            "research_to_sale_ratio": null,
            "price_fair": 311211.51,
            "eps_avg_yearly": 8891.76,
            "eps_latest_yearly": 11447.28,
            "eps_growth_yearly": 40.33
        },
        "20142": {
            "year_quarter": 20142,
            "year": 2014,
            "quarter": 2,
            "eps": 3889.03,
            "eps_growth_year": 40.76,
            "eps_4q": 12860.35,
            "eps_4q_growth_year": 18.31,
            "roe": 2.8,
            "roe_4q": 9.78,
            "gross_profit": null,
            "gross_margin": null,
            "gross_margin_4q_avg": 0,
            "net_income": 6458000,
            "revenue": 49762000,
            "common_shares": 8000,
            "book_valuer_per_share": 100517.53,
            "book_valuer_per_share_4q_avg": 94800.6,
            "equity": 234005000,
            "current_ratio": null,
            "debt_ratio": 53.61,
            "inventory_turnover_ratio": null,
            "account_receivable_turnover_ratio": null,
            "reinvestment_rate": null,
            "research_to_sale_ratio": null,
            "price_fair": 334786.29,
            "eps_avg_yearly": 9565.32,
            "eps_latest_yearly": 15556.12,
            "eps_growth_yearly": 61.16
        },
        "20143": {
            "year_quarter": 20143,
            "year": 2014,
            "quarter": 3,
            "eps": 2810.86,
            "eps_growth_year": -8.56,
            "eps_4q": 12597.2,
            "eps_4q_growth_year": 8.87,
            "roe": 2,
            "roe_4q": 9.27,
            "gross_profit": null,
            "gross_margin": null,
            "gross_margin_4q_avg": 0,
            "net_income": 4721000,
            "revenue": 51199000,
            "common_shares": 8000,
            "book_valuer_per_share": 102586.74,
            "book_valuer_per_share_4q_avg": 98582.66,
            "equity": 237456000,
            "current_ratio": null,
            "debt_ratio": 54.1,
            "inventory_turnover_ratio": null,
            "account_receivable_turnover_ratio": null,
            "reinvestment_rate": null,
            "research_to_sale_ratio": null,
            "price_fair": 343507.41,
            "eps_avg_yearly": 9814.5,
            "eps_latest_yearly": 11243.44,
            "eps_growth_yearly": 41.26
        },
        "20144": {
            "year_quarter": 20144,
            "year": 2014,
            "quarter": 4,
            "eps": 2529.14,
            "eps_growth_year": -16.68,
            "eps_4q": 12090.84,
            "eps_4q_growth_year": 2.04,
            "roe": 1.77,
            "roe_4q": 8.690000000000001,
            "gross_profit": null,
            "gross_margin": null,
            "gross_margin_4q_avg": 0,
            "net_income": 4218000,
            "revenue": 48259000,
            "common_shares": 8000,
            "book_valuer_per_share": 97357.6,
            "book_valuer_per_share_4q_avg": 99301.41,
            "equity": 240170000,
            "current_ratio": null,
            "debt_ratio": 54.33,
            "inventory_turnover_ratio": null,
            "account_receivable_turnover_ratio": null,
            "reinvestment_rate": null,
            "research_to_sale_ratio": null,
            "price_fair": 342407.89,
            "eps_avg_yearly": 9783.08,
            "eps_latest_yearly": 10116.56,
            "eps_growth_yearly": 27.17
        },
        "20151": {
            "year_quarter": 20151,
            "year": 2015,
            "quarter": 1,
            "eps": 3143.12,
            "eps_growth_year": 9.83,
            "eps_4q": 12372.15,
            "eps_4q_growth_year": 5.44,
            "roe": 2.17,
            "roe_4q": 8.739999999999998,
            "gross_profit": null,
            "gross_margin": null,
            "gross_margin_4q_avg": 0,
            "net_income": 5233000,
            "revenue": 48644000,
            "common_shares": 8000,
            "book_valuer_per_share": 102173.56,
            "book_valuer_per_share_4q_avg": 100658.86,
            "equity": 241458000,
            "current_ratio": null,
            "debt_ratio": 54.53,
            "inventory_turnover_ratio": null,
            "account_receivable_turnover_ratio": null,
            "reinvestment_rate": null,
            "research_to_sale_ratio": null,
            "price_fair": 361889.59,
            "eps_avg_yearly": 10339.7,
            "eps_latest_yearly": 12572.48,
            "eps_growth_yearly": 49.61
        },
        "20152": {
            "year_quarter": 20152,
            "year": 2015,
            "quarter": 2,
            "eps": 2442.36,
            "eps_growth_year": -37.2,
            "eps_4q": 10925.48,
            "eps_4q_growth_year": -15.05,
            "roe": 1.68,
            "roe_4q": 7.619999999999999,
            "gross_profit": null,
            "gross_margin": null,
            "gross_margin_4q_avg": 0,
            "net_income": 4107000,
            "revenue": 51368000,
            "common_shares": 8000,
            "book_valuer_per_share": 104894.53,
            "book_valuer_per_share_4q_avg": 101753.11,
            "equity": 246043000,
            "current_ratio": null,
            "debt_ratio": 54.5,
            "inventory_turnover_ratio": null,
            "account_receivable_turnover_ratio": null,
            "reinvestment_rate": null,
            "research_to_sale_ratio": null,
            "price_fair": 234978.43,
            "eps_avg_yearly": 10432.27,
            "eps_latest_yearly": 9769.44,
            "eps_growth_yearly": 12.52
        },
        "20153": {
            "year_quarter": 20153,
            "year": 2015,
            "quarter": 3,
            "eps": 5737.18,
            "eps_growth_year": 104.11,
            "eps_4q": 13851.8,
            "eps_4q_growth_year": 9.96,
            "roe": 3.85,
            "roe_4q": 9.47,
            "gross_profit": null,
            "gross_margin": null,
            "gross_margin_4q_avg": 0,
            "net_income": 9527000,
            "revenue": 58989000,
            "common_shares": 8000,
            "book_valuer_per_share": 106457.58,
            "book_valuer_per_share_4q_avg": 102720.82,
            "equity": 248283000,
            "current_ratio": null,
            "debt_ratio": 54.48,
            "inventory_turnover_ratio": null,
            "account_receivable_turnover_ratio": null,
            "reinvestment_rate": null,
            "research_to_sale_ratio": null,
            "price_fair": 403258.8,
            "eps_avg_yearly": 11521.68,
            "eps_latest_yearly": 22948.72,
            "eps_growth_yearly": 54.61
        },
        "20154": {
            "year_quarter": 20154,
            "year": 2015,
            "quarter": 4,
            "eps": 3333.38,
            "eps_growth_year": 31.8,
            "eps_4q": 14656.04,
            "eps_4q_growth_year": 21.22,
            "roe": 2.2,
            "roe_4q": 9.9,
            "gross_profit": null,
            "gross_margin": null,
            "gross_margin_4q_avg": 0,
            "net_income": 5547000,
            "revenue": 51942000,
            "common_shares": 8000,
            "book_valuer_per_share": 105547.56,
            "book_valuer_per_share_4q_avg": 104768.31,
            "equity": 255550000,
            "current_ratio": null,
            "debt_ratio": 53.73,
            "inventory_turnover_ratio": null,
            "account_receivable_turnover_ratio": null,
            "reinvestment_rate": null,
            "research_to_sale_ratio": null,
            "price_fair": 416270.14,
            "eps_avg_yearly": 11893.43,
            "eps_latest_yearly": 13333.52,
            "eps_growth_yearly": 35.67
        },
        "20161": {
            "year_quarter": 20161,
            "year": 2016,
            "quarter": 1,
            "eps": 3400.7,
            "eps_growth_year": 8.19,
            "eps_4q": 14913.61,
            "eps_4q_growth_year": 20.54,
            "roe": 2.2,
            "roe_4q": 9.93,
            "gross_profit": null,
            "gross_margin": null,
            "gross_margin_4q_avg": 0,
            "net_income": 5657000,
            "revenue": 52163000,
            "common_shares": 8000,
            "book_valuer_per_share": 87168.66,
            "book_valuer_per_share_4q_avg": 101017.08,
            "equity": 258661000,
            "current_ratio": null,
            "debt_ratio": 55.88,
            "inventory_turnover_ratio": null,
            "account_receivable_turnover_ratio": null,
            "reinvestment_rate": null,
            "research_to_sale_ratio": null,
            "price_fair": 428827.79,
            "eps_avg_yearly": 12252.22,
            "eps_latest_yearly": 13602.8,
            "eps_growth_yearly": 34.56
        },
        "20162": {
            "year_quarter": 20162,
            "year": 2016,
            "quarter": 2,
            "eps": 3042.44,
            "eps_growth_year": 24.57,
            "eps_4q": 15513.7,
            "eps_4q_growth_year": 42,
            "roe": 1.95,
            "roe_4q": 10.200000000000001,
            "gross_profit": null,
            "gross_margin": null,
            "gross_margin_4q_avg": 0,
            "net_income": 5082000,
            "revenue": 54254000,
            "common_shares": 8000,
            "book_valuer_per_share": 89830.16,
            "book_valuer_per_share_4q_avg": 97250.99,
            "equity": 263025000,
            "current_ratio": null,
            "debt_ratio": 55.63,
            "inventory_turnover_ratio": null,
            "account_receivable_turnover_ratio": null,
            "reinvestment_rate": null,
            "research_to_sale_ratio": null,
            "price_fair": 438982.43,
            "eps_avg_yearly": 12542.36,
            "eps_latest_yearly": 12169.76,
            "eps_growth_yearly": 32.99
        },
        "20163": {
            "year_quarter": 20163,
            "year": 2016,
            "quarter": 3,
            "eps": 4378.58,
            "eps_growth_year": -23.68,
            "eps_4q": 14155.09,
            "eps_4q_growth_year": 2.19,
            "roe": 2.76,
            "roe_4q": 9.11,
            "gross_profit": null,
            "gross_margin": null,
            "gross_margin_4q_avg": 0,
            "net_income": 7333000,
            "revenue": 58843000,
            "common_shares": 8000,
            "book_valuer_per_share": 93561.93,
            "book_valuer_per_share_4q_avg": 94027.08,
            "equity": 269264000,
            "current_ratio": null,
            "debt_ratio": 55.42,
            "inventory_turnover_ratio": null,
            "account_receivable_turnover_ratio": null,
            "reinvestment_rate": null,
            "research_to_sale_ratio": null,
            "price_fair": 456534.58,
            "eps_avg_yearly": 13043.85,
            "eps_latest_yearly": 17514.32,
            "eps_growth_yearly": 37.45
        },
        "20164": {
            "year_quarter": 20164,
            "year": 2016,
            "quarter": 4,
            "eps": 3823.24,
            "eps_growth_year": 14.7,
            "eps_4q": 14644.95,
            "eps_4q_growth_year": -0.08,
            "roe": 2.31,
            "roe_4q": 9.22,
            "gross_profit": null,
            "gross_margin": null,
            "gross_margin_4q_avg": 0,
            "net_income": 6355000,
            "revenue": 57673000,
            "common_shares": 8000,
            "book_valuer_per_share": 102203,
            "book_valuer_per_share_4q_avg": 93190.94,
            "equity": 282070000,
            "current_ratio": null,
            "debt_ratio": 54.57,
            "inventory_turnover_ratio": null,
            "account_receivable_turnover_ratio": null,
            "reinvestment_rate": null,
            "research_to_sale_ratio": null,
            "price_fair": 465861.73,
            "eps_avg_yearly": 13310.34,
            "eps_latest_yearly": 15292.96,
            "eps_growth_yearly": 30.23
        },
        "20171": {
            "year_quarter": 20171,
            "year": 2017,
            "quarter": 1,
            "eps": 2468.95,
            "eps_growth_year": -27.4,
            "eps_4q": 13713.21,
            "eps_4q_growth_year": -8.05,
            "roe": 1.44,
            "roe_4q": 8.459999999999999,
            "gross_profit": null,
            "gross_margin": null,
            "gross_margin_4q_avg": 0,
            "net_income": 4139000,
            "revenue": 64370000,
            "common_shares": 8000,
            "book_valuer_per_share": 108448.46,
            "book_valuer_per_share_4q_avg": 98510.89,
            "equity": 292851000,
            "current_ratio": null,
            "debt_ratio": 55.25,
            "inventory_turnover_ratio": null,
            "account_receivable_turnover_ratio": null,
            "reinvestment_rate": null,
            "research_to_sale_ratio": null,
            "price_fair": 387321.19,
            "eps_avg_yearly": 13183.29,
            "eps_latest_yearly": 9875.8,
            "eps_growth_yearly": 19.38
        },
        "20172": {
            "year_quarter": 20172,
            "year": 2017,
            "quarter": 2,
            "eps": 2591.54,
            "eps_growth_year": -14.82,
            "eps_4q": 13262.31,
            "eps_4q_growth_year": -14.51,
            "roe": 1.47,
            "roe_4q": 7.98,
            "gross_profit": null,
            "gross_margin": null,
            "gross_margin_4q_avg": 0,
            "net_income": 4355000,
            "revenue": 57256000,
            "common_shares": 8000,
            "book_valuer_per_share": 113204.45,
            "book_valuer_per_share_4q_avg": 104354.46,
            "equity": 300659000,
            "current_ratio": null,
            "debt_ratio": 54.83,
            "inventory_turnover_ratio": null,
            "account_receivable_turnover_ratio": null,
            "reinvestment_rate": null,
            "research_to_sale_ratio": null,
            "price_fair": 426022.37,
            "eps_avg_yearly": 13140.46,
            "eps_latest_yearly": 10366.16,
            "eps_growth_yearly": 22.42
        },
        "20173": {
            "year_quarter": 20173,
            "year": 2017,
            "quarter": 3,
            "eps": 2472.86,
            "eps_growth_year": -43.52,
            "eps_4q": 11356.59,
            "eps_4q_growth_year": -19.77,
            "roe": 1.38,
            "roe_4q": 6.6,
            "gross_profit": null,
            "gross_margin": null,
            "gross_margin_4q_avg": 0,
            "net_income": 4203000,
            "revenue": 59507000,
            "common_shares": 8000,
            "book_valuer_per_share": 117496.07,
            "book_valuer_per_share_4q_avg": 110338,
            "equity": 308278000,
            "current_ratio": null,
            "debt_ratio": 54.77,
            "inventory_turnover_ratio": null,
            "account_receivable_turnover_ratio": null,
            "reinvestment_rate": null,
            "research_to_sale_ratio": null,
            "price_fair": 369701.71,
            "eps_avg_yearly": 12990.17,
            "eps_latest_yearly": 9891.44,
            "eps_growth_yearly": 18.46
        },
        "20174": {
            "year_quarter": 20174,
            "year": 2017,
            "quarter": 4,
            "eps": 2645.6,
            "eps_growth_year": -30.8,
            "eps_4q": 10178.95,
            "eps_4q_growth_year": -30.5,
            "roe": 1.36,
            "roe_4q": 5.65,
            "gross_profit": null,
            "gross_margin": null,
            "gross_margin_4q_avg": 0,
            "net_income": 4456000,
            "revenue": 58800000,
            "common_shares": 8000,
            "book_valuer_per_share": 141789.34,
            "book_valuer_per_share_4q_avg": 120234.58,
            "equity": 348296000,
            "current_ratio": null,
            "debt_ratio": 50.39,
            "inventory_turnover_ratio": null,
            "account_receivable_turnover_ratio": null,
            "reinvestment_rate": null,
            "research_to_sale_ratio": null,
            "price_fair": 393481.82,
            "eps_avg_yearly": 12892.7,
            "eps_latest_yearly": 10582.4,
            "eps_growth_yearly": 20.52
        },
        "20181": {
            "year_quarter": 20181,
            "year": 2018,
            "quarter": 1,
            "eps": -691.81,
            "eps_growth_year": -128.02,
            "eps_4q": 7018.19,
            "eps_4q_growth_year": -48.82,
            "roe": -0.31,
            "roe_4q": 3.8999999999999995,
            "gross_profit": null,
            "gross_margin": null,
            "gross_margin_4q_avg": 0,
            "net_income": -1071000,
            "revenue": 58473000,
            "common_shares": 8000,
            "book_valuer_per_share": 141342.83,
            "book_valuer_per_share_4q_avg": 128458.17,
            "equity": 347401000,
            "current_ratio": null,
            "debt_ratio": 50.56,
            "inventory_turnover_ratio": null,
            "account_receivable_turnover_ratio": null,
            "reinvestment_rate": null,
            "research_to_sale_ratio": null,
            "price_fair": 434008.77,
            "eps_avg_yearly": 12989.06,
            "eps_latest_yearly": 10582.4,
            "eps_growth_yearly": 23.41
        },
        "20182": {
            "year_quarter": 20182,
            "year": 2018,
            "quarter": 2,
            "eps": 7301.27,
            "eps_growth_year": 181.73,
            "eps_4q": 11727.92,
            "eps_4q_growth_year": -11.57,
            "roe": 3.42,
            "roe_4q": 5.85,
            "gross_profit": null,
            "gross_margin": null,
            "gross_margin_4q_avg": 0,
            "net_income": 12077000,
            "revenue": 62200000,
            "common_shares": 8000,
            "book_valuer_per_share": 148068.89,
            "book_valuer_per_share_4q_avg": 137174.28,
            "equity": 358094000,
            "current_ratio": null,
            "debt_ratio": 49.7,
            "inventory_turnover_ratio": null,
            "account_receivable_turnover_ratio": null,
            "reinvestment_rate": null,
            "research_to_sale_ratio": null,
            "price_fair": 317971.66,
            "eps_avg_yearly": 12805.7,
            "eps_latest_yearly": 10582.4,
            "eps_growth_yearly": 14.83
        },
        "20183": {
            "year_quarter": 20183,
            "year": 2018,
            "quarter": 3,
            "eps": 11280.42,
            "eps_growth_year": 356.17,
            "eps_4q": 20535.48,
            "eps_4q_growth_year": 80.82,
            "roe": 5.1,
            "roe_4q": 9.569999999999999,
            "gross_profit": null,
            "gross_margin": null,
            "gross_margin_4q_avg": 0,
            "net_income": 18707000,
            "revenue": 63450000,
            "common_shares": 8000,
            "book_valuer_per_share": 159088.78,
            "book_valuer_per_share_4q_avg": 147572.46,
            "equity": 375606000,
            "current_ratio": null,
            "debt_ratio": 49,
            "inventory_turnover_ratio": null,
            "account_receivable_turnover_ratio": null,
            "reinvestment_rate": null,
            "research_to_sale_ratio": null,
            "price_fair": 532895.1,
            "eps_avg_yearly": 15225.57,
            "eps_latest_yearly": 45121.68,
            "eps_growth_yearly": 38.32
        },
        "20184": {
            "year_quarter": 20184,
            "year": 2018,
            "quarter": 4,
            "eps": -15630.9,
            "eps_growth_year": -690.83,
            "eps_4q": 2258.97,
            "eps_4q_growth_year": -77.81,
            "roe": -7.09,
            "roe_4q": 1.1199999999999997,
            "gross_profit": null,
            "gross_margin": null,
            "gross_margin_4q_avg": 0,
            "net_income": -25693000,
            "revenue": 63714000,
            "common_shares": 8000,
            "book_valuer_per_share": 143136.69,
            "book_valuer_per_share_4q_avg": 147909.3,
            "equity": 348703000,
            "current_ratio": null,
            "debt_ratio": 50.73,
            "inventory_turnover_ratio": null,
            "account_receivable_turnover_ratio": null,
            "reinvestment_rate": null,
            "research_to_sale_ratio": null,
            "price_fair": 546650.14,
            "eps_avg_yearly": 15618.58,
            "eps_latest_yearly": 45121.68,
            "eps_growth_yearly": 44.35
        },
        "20191": {
            "year_quarter": 20191,
            "year": 2019,
            "quarter": 1,
            "eps": 13209.37,
            "eps_growth_year": null,
            "eps_4q": 16160.15,
            "eps_4q_growth_year": 130.26,
            "roe": 6.06,
            "roe_4q": 7.489999999999999,
            "gross_profit": null,
            "gross_margin": null,
            "gross_margin_4q_avg": 0,
            "net_income": 21732000,
            "revenue": 60678000,
            "common_shares": 8000,
            "book_valuer_per_share": 155947.9,
            "book_valuer_per_share_4q_avg": 151560.57,
            "equity": 368877000,
            "current_ratio": null,
            "debt_ratio": 50.07,
            "inventory_turnover_ratio": null,
            "account_receivable_turnover_ratio": null,
            "reinvestment_rate": null,
            "research_to_sale_ratio": null,
            "price_fair": 555534.58,
            "eps_avg_yearly": 15872.42,
            "eps_latest_yearly": 45121.68,
            "eps_growth_yearly": 39.96
        },
        "20192": {
            "year_quarter": 20192,
            "year": 2019,
            "quarter": 2,
            "eps": 8607.54,
            "eps_growth_year": 17.89,
            "eps_4q": 17466.42,
            "eps_4q_growth_year": 48.93,
            "roe": 3.77,
            "roe_4q": 7.84,
            "gross_profit": null,
            "gross_margin": null,
            "gross_margin_4q_avg": 0,
            "net_income": 14173000,
            "revenue": 63598000,
            "common_shares": 8000,
            "book_valuer_per_share": 164541.07,
            "book_valuer_per_share_4q_avg": 155678.61,
            "equity": 382544000,
            "current_ratio": null,
            "debt_ratio": 49.67,
            "inventory_turnover_ratio": null,
            "account_receivable_turnover_ratio": null,
            "reinvestment_rate": null,
            "research_to_sale_ratio": null,
            "price_fair": 627461.68,
            "eps_avg_yearly": 17927.48,
            "eps_latest_yearly": 34430.16,
            "eps_growth_yearly": 35.78
        },
        "20193": {
            "year_quarter": 20193,
            "year": 2019,
            "quarter": 3,
            "eps": 10118.79,
            "eps_growth_year": -10.3,
            "eps_4q": 16304.79,
            "eps_4q_growth_year": -20.6,
            "roe": 4.27,
            "roe_4q": 7.009999999999998,
            "gross_profit": null,
            "gross_margin": null,
            "gross_margin_4q_avg": 0,
            "net_income": 16657000,
            "revenue": 64972000,
            "common_shares": 8000,
            "book_valuer_per_share": 174158.02,
            "book_valuer_per_share_4q_avg": 159445.92,
            "equity": 397609000,
            "current_ratio": null,
            "debt_ratio": 49.57,
            "inventory_turnover_ratio": null,
            "account_receivable_turnover_ratio": null,
            "reinvestment_rate": null,
            "research_to_sale_ratio": null,
            "price_fair": 58164.04,
            "eps_avg_yearly": 19388.01,
            "eps_latest_yearly": 40475.16,
            "eps_growth_yearly": -3.34
        },
        "20194": {
            "year_quarter": 20194,
            "year": 2019,
            "quarter": 4,
            "eps": 17910.11,
            "eps_growth_year": null,
            "eps_4q": 49845.8,
            "eps_4q_growth_year": 2106.57,
            "roe": 7.11,
            "roe_4q": 21.209999999999997,
            "gross_profit": null,
            "gross_margin": null,
            "gross_margin_4q_avg": 0,
            "net_income": 29230000,
            "revenue": 65368000,
            "common_shares": 8000,
            "book_valuer_per_share": 191009.28,
            "book_valuer_per_share_4q_avg": 171414.07,
            "equity": 424791000,
            "current_ratio": null,
            "debt_ratio": 48.05,
            "inventory_turnover_ratio": null,
            "account_receivable_turnover_ratio": null,
            "reinvestment_rate": null,
            "research_to_sale_ratio": null,
            "price_fair": 848642.32,
            "eps_avg_yearly": 24246.92,
            "eps_latest_yearly": 71640.44,
            "eps_growth_yearly": 36.29
        },
        "20201": {
            "year_quarter": 20201,
            "year": 2020,
            "quarter": 1,
            "eps": -30652.74,
            "eps_growth_year": -332.05,
            "eps_4q": 5983.69,
            "eps_4q_growth_year": -62.97,
            "roe": -12.48,
            "roe_4q": 2.6699999999999995,
            "gross_profit": null,
            "gross_margin": null,
            "gross_margin_4q_avg": 0,
            "net_income": -49697000,
            "revenue": 61265000,
            "common_shares": 8000,
            "book_valuer_per_share": 159191.57,
            "book_valuer_per_share_4q_avg": 172224.99,
            "equity": 371565000,
            "current_ratio": null,
            "debt_ratio": 51.14,
            "inventory_turnover_ratio": null,
            "account_receivable_turnover_ratio": null,
            "reinvestment_rate": null,
            "research_to_sale_ratio": null,
            "price_fair": 882509.98,
            "eps_avg_yearly": 25214.57,
            "eps_latest_yearly": 71640.44,
            "eps_growth_yearly": 38.86
        },
        "20202": {
            "year_quarter": 20202,
            "year": 2020,
            "quarter": 2,
            "eps": 21234.88,
            "eps_growth_year": 146.7,
            "eps_4q": 18611.03,
            "eps_4q_growth_year": 6.55,
            "roe": 6.9,
            "roe_4q": 5.8,
            "gross_profit": null,
            "gross_margin": null,
            "gross_margin_4q_avg": 0,
            "net_income": 26407000,
            "revenue": 56840000,
            "common_shares": 8000,
            "book_valuer_per_share": 181476.87,
            "book_valuer_per_share_4q_avg": 176458.94,
            "equity": 393495000,
            "current_ratio": null,
            "debt_ratio": 50.07,
            "inventory_turnover_ratio": null,
            "account_receivable_turnover_ratio": null,
            "reinvestment_rate": null,
            "research_to_sale_ratio": null,
            "price_fair": 928166.82,
            "eps_avg_yearly": 26519.05,
            "eps_latest_yearly": 71640.44,
            "eps_growth_yearly": 46.96
        },
        "20203": {
            "year_quarter": 20203,
            "year": 2020,
            "quarter": 3,
            "eps": 19006.17,
            "eps_growth_year": 87.83,
            "eps_4q": 27498.41,
            "eps_4q_growth_year": 68.65,
            "roe": 7.52,
            "roe_4q": 9.05,
            "gross_profit": null,
            "gross_margin": null,
            "gross_margin_4q_avg": 0,
            "net_income": 30413000,
            "revenue": 63024000,
            "common_shares": 8000,
            "book_valuer_per_share": 198750.66,
            "book_valuer_per_share_4q_avg": 182607.1,
            "equity": 415155000,
            "current_ratio": null,
            "debt_ratio": 49.98,
            "inventory_turnover_ratio": null,
            "account_receivable_turnover_ratio": null,
            "reinvestment_rate": null,
            "research_to_sale_ratio": null,
            "price_fair": 1132953.08,
            "eps_avg_yearly": 32370.09,
            "eps_latest_yearly": 76024.68,
            "eps_growth_yearly": 25.2
        },
        "20204": {
            "year_quarter": 20204,
            "year": 2020,
            "quarter": 4,
            "eps": 23025.2,
            "eps_growth_year": 28.56,
            "eps_4q": 32613.5,
            "eps_4q_growth_year": -34.57,
            "roe": 8.42,
            "roe_4q": 10.36,
            "gross_profit": null,
            "gross_margin": null,
            "gross_margin_4q_avg": 0,
            "net_income": 36130000,
            "revenue": 64381000,
            "common_shares": 8000,
            "book_valuer_per_share": 218763.16,
            "book_valuer_per_share_4q_avg": 189545.57,
            "equity": 443164000,
            "current_ratio": null,
            "debt_ratio": 49.28,
            "inventory_turnover_ratio": null,
            "account_receivable_turnover_ratio": null,
            "reinvestment_rate": null,
            "research_to_sale_ratio": null,
            "price_fair": 1401780.52,
            "eps_avg_yearly": 40050.87,
            "eps_latest_yearly": 92100.8,
            "eps_growth_yearly": 38.73
        },
        "20211": {
            "year_quarter": 20211,
            "year": 2021,
            "quarter": 1,
            "eps": 7637.85,
            "eps_growth_year": null,
            "eps_4q": 70904.1,
            "eps_4q_growth_year": 1084.96,
            "roe": 2.66,
            "roe_4q": 25.5,
            "gross_profit": null,
            "gross_margin": null,
            "gross_margin_4q_avg": 0,
            "net_income": 11840000,
            "revenue": 64599000,
            "common_shares": 8000,
            "book_valuer_per_share": 224762.6,
            "book_valuer_per_share_4q_avg": 205938.32,
            "equity": 447987000,
            "current_ratio": null,
            "debt_ratio": 49.35,
            "inventory_turnover_ratio": null,
            "account_receivable_turnover_ratio": null,
            "reinvestment_rate": null,
            "research_to_sale_ratio": null,
            "price_fair": 1474145.12,
            "eps_avg_yearly": 42118.43,
            "eps_latest_yearly": 30551.4,
            "eps_growth_yearly": 26.16
        },
        "20212": {
            "year_quarter": 20212,
            "year": 2021,
            "quarter": 2,
            "eps": 18488.05,
            "eps_growth_year": -12.94,
            "eps_4q": 68157.27,
            "eps_4q_growth_year": 266.22,
            "roe": 6.19,
            "roe_4q": 24.790000000000003,
            "gross_profit": null,
            "gross_margin": null,
            "gross_margin_4q_avg": 0,
            "net_income": 28425000,
            "revenue": 69114000,
            "common_shares": 8000,
            "book_valuer_per_share": 241886.7,
            "book_valuer_per_share_4q_avg": 221040.78,
            "equity": 470409000,
            "current_ratio": null,
            "debt_ratio": 48.45,
            "inventory_turnover_ratio": null,
            "account_receivable_turnover_ratio": null,
            "reinvestment_rate": null,
            "research_to_sale_ratio": null,
            "price_fair": 1696696.26,
            "eps_avg_yearly": 48477.04,
            "eps_latest_yearly": 73952.2,
            "eps_growth_yearly": 81
        },
        "20213": {
            "year_quarter": 20213,
            "year": 2021,
            "quarter": 3,
            "eps": 6882.18,
            "eps_growth_year": -63.79,
            "eps_4q": 56033.28,
            "eps_4q_growth_year": 103.77,
            "roe": 2.26,
            "roe_4q": 19.53,
            "gross_profit": null,
            "gross_margin": null,
            "gross_margin_4q_avg": 0,
            "net_income": 10644000,
            "revenue": 70583000,
            "common_shares": 8000,
            "book_valuer_per_share": 246353.83,
            "book_valuer_per_share_4q_avg": 232941.57,
            "equity": 472480000,
            "current_ratio": null,
            "debt_ratio": 48.69,
            "inventory_turnover_ratio": null,
            "account_receivable_turnover_ratio": null,
            "reinvestment_rate": null,
            "research_to_sale_ratio": null,
            "price_fair": 1758426.74,
            "eps_avg_yearly": 50240.76,
            "eps_latest_yearly": 27528.72,
            "eps_growth_yearly": 57.72
        },
        "20214": {
            "year_quarter": 20214,
            "year": 2021,
            "quarter": 4,
            "eps": 26694.39,
            "eps_growth_year": 15.94,
            "eps_4q": 59702.47,
            "eps_4q_growth_year": 83.06,
            "roe": 8.15,
            "roe_4q": 19.26,
            "gross_profit": null,
            "gross_margin": null,
            "gross_margin_4q_avg": 0,
            "net_income": 39898000,
            "revenue": 71907000,
            "common_shares": 8000,
            "book_valuer_per_share": 271768.14,
            "book_valuer_per_share_4q_avg": 246192.82,
            "equity": 506199000,
            "current_ratio": null,
            "debt_ratio": 47.2,
            "inventory_turnover_ratio": null,
            "account_receivable_turnover_ratio": null,
            "reinvestment_rate": null,
            "research_to_sale_ratio": null,
            "price_fair": 2095109.8,
            "eps_avg_yearly": 59860.28,
            "eps_latest_yearly": 106777.56,
            "eps_growth_yearly": 170.08
        },
        "20221": {
            "year_quarter": 20221,
            "year": 2022,
            "quarter": 1,
            "eps": 3783.81,
            "eps_growth_year": -50.46,
            "eps_4q": 55848.43,
            "eps_4q_growth_year": -21.23,
            "roe": 1.12,
            "roe_4q": 17.72,
            "gross_profit": null,
            "gross_margin": null,
            "gross_margin_4q_avg": 0,
            "net_income": 5705000,
            "revenue": 70843000,
            "common_shares": 8000,
            "book_valuer_per_share": 274530.22,
            "book_valuer_per_share_4q_avg": 258634.72,
            "equity": 508141000,
            "current_ratio": null,
            "debt_ratio": 47.59,
            "inventory_turnover_ratio": null,
            "account_receivable_turnover_ratio": null,
            "reinvestment_rate": null,
            "research_to_sale_ratio": null,
            "price_fair": 1952802.85,
            "eps_avg_yearly": 55794.37,
            "eps_latest_yearly": 15135.24,
            "eps_growth_yearly": 123.41
        },
        "20222": {
            "year_quarter": 20222,
            "year": 2022,
            "quarter": 2,
            "eps": -29753.63,
            "eps_growth_year": -260.93,
            "eps_4q": 7606.75,
            "eps_4q_growth_year": -88.84,
            "roe": -8.95,
            "roe_4q": 2.580000000000001,
            "gross_profit": null,
            "gross_margin": null,
            "gross_margin_4q_avg": 0,
            "net_income": -43376000,
            "revenue": 76180000,
            "common_shares": 8000,
            "book_valuer_per_share": 243418.66,
            "book_valuer_per_share_4q_avg": 259017.71,
            "equity": 461229000,
            "current_ratio": null,
            "debt_ratio": 49.31,
            "inventory_turnover_ratio": null,
            "account_receivable_turnover_ratio": null,
            "reinvestment_rate": null,
            "research_to_sale_ratio": null,
            "price_fair": 1952802.85,
            "eps_avg_yearly": 55794.37,
            "eps_latest_yearly": 15135.24,
            "eps_growth_yearly": 123.41
        },
        "20223": {
            "year_quarter": 20223,
            "year": 2022,
            "quarter": 3,
            "eps": -1832.38,
            "eps_growth_year": -126.62,
            "eps_4q": -1107.8,
            "eps_4q_growth_year": -101.98,
            "roe": -0.56,
            "roe_4q": -0.2400000000000002,
            "gross_profit": null,
            "gross_margin": null,
            "gross_margin_4q_avg": 0,
            "net_income": -2588000,
            "revenue": 76934000,
            "common_shares": 8000,
            "book_valuer_per_share": 240255.58,
            "book_valuer_per_share_4q_avg": 257493.15,
            "equity": 455430000,
            "current_ratio": null,
            "debt_ratio": 49.53,
            "inventory_turnover_ratio": null,
            "account_receivable_turnover_ratio": null,
            "reinvestment_rate": null,
            "research_to_sale_ratio": null,
            "price_fair": 1990157.26,
            "eps_avg_yearly": 56861.64,
            "eps_latest_yearly": 15135.24,
            "eps_growth_yearly": 113.95
        },
        "20224": {
            "year_quarter": 20224,
            "year": 2022,
            "quarter": 4,
            "eps": 12412.51,
            "eps_growth_year": -53.5,
            "eps_4q": -15389.68,
            "eps_4q_growth_year": -125.78,
            "roe": 3.95,
            "roe_4q": -4.439999999999999,
            "gross_profit": null,
            "gross_margin": null,
            "gross_margin_4q_avg": 0,
            "net_income": 18321000,
            "revenue": 78165000,
            "common_shares": 8000,
            "book_valuer_per_share": 248459.43,
            "book_valuer_per_share_4q_avg": 251665.97,
            "equity": 472360000,
            "current_ratio": null,
            "debt_ratio": 50.2,
            "inventory_turnover_ratio": null,
            "account_receivable_turnover_ratio": null,
            "reinvestment_rate": null,
            "research_to_sale_ratio": null,
            "price_fair": 1990157.26,
            "eps_avg_yearly": 56861.64,
            "eps_latest_yearly": 15135.24,
            "eps_growth_yearly": 113.95
        },
        "20231": {
            "year_quarter": 20231,
            "year": 2023,
            "quarter": 1,
            "eps": 24377.28,
            "eps_growth_year": 544.25,
            "eps_4q": 5203.79,
            "eps_4q_growth_year": -90.68,
            "roe": 7.32,
            "roe_4q": 1.7599999999999998,
            "gross_profit": null,
            "gross_margin": null,
            "gross_margin_4q_avg": 0,
            "net_income": 35757000,
            "revenue": 85393000,
            "common_shares": 8000,
            "book_valuer_per_share": 262855.89,
            "book_valuer_per_share_4q_avg": 248747.39,
            "equity": 504554000,
            "current_ratio": null,
            "debt_ratio": 49.4,
            "inventory_turnover_ratio": null,
            "account_receivable_turnover_ratio": null,
            "reinvestment_rate": null,
            "research_to_sale_ratio": null,
            "price_fair": 2119490.16,
            "eps_avg_yearly": 60556.86,
            "eps_latest_yearly": 97509.12,
            "eps_growth_yearly": 138.64
        }
    },
    "months": {
        "2001-01": {
            "month": "2001-01",
            "price": "67919.05",
            "revenue": 0
        },
        "2001-02": {
            "month": "2001-02",
            "price": "69434.21",
            "revenue": 0
        },
        "2001-03": {
            "month": "2001-03",
            "price": "67581.82",
            "revenue": 0
        },
        "2001-04": {
            "month": "2001-04",
            "price": "66410.00",
            "revenue": 0
        },
        "2001-05": {
            "month": "2001-05",
            "price": "68008.64",
            "revenue": 0
        },
        "2001-06": {
            "month": "2001-06",
            "price": "67464.29",
            "revenue": 0
        },
        "2001-07": {
            "month": "2001-07",
            "price": "68840.48",
            "revenue": 0
        },
        "2001-08": {
            "month": "2001-08",
            "price": "69394.78",
            "revenue": 0
        },
        "2001-09": {
            "month": "2001-09",
            "price": "66436.67",
            "revenue": 0
        },
        "2001-10": {
            "month": "2001-10",
            "price": "73071.74",
            "revenue": 0
        },
        "2001-11": {
            "month": "2001-11",
            "price": "69116.19",
            "revenue": 0
        },
        "2001-12": {
            "month": "2001-12",
            "price": "70522.50",
            "revenue": 0
        },
        "2002-01": {
            "month": "2002-01",
            "price": "73814.29",
            "revenue": 0
        },
        "2002-02": {
            "month": "2002-02",
            "price": "73126.32",
            "revenue": 0
        },
        "2002-03": {
            "month": "2002-03",
            "price": "71955.00",
            "revenue": 0
        },
        "2002-04": {
            "month": "2002-04",
            "price": "71254.55",
            "revenue": 0
        },
        "2002-05": {
            "month": "2002-05",
            "price": "76118.18",
            "revenue": 0
        },
        "2002-06": {
            "month": "2002-06",
            "price": "72199.50",
            "revenue": 0
        },
        "2002-07": {
            "month": "2002-07",
            "price": "66357.05",
            "revenue": 0
        },
        "2002-08": {
            "month": "2002-08",
            "price": "72906.59",
            "revenue": 0
        },
        "2002-09": {
            "month": "2002-09",
            "price": "73575.00",
            "revenue": 0
        },
        "2002-10": {
            "month": "2002-10",
            "price": "72506.30",
            "revenue": 0
        },
        "2002-11": {
            "month": "2002-11",
            "price": "73035.75",
            "revenue": 0
        },
        "2002-12": {
            "month": "2002-12",
            "price": "71572.62",
            "revenue": 0
        },
        "2003-01": {
            "month": "2003-01",
            "price": "69376.90",
            "revenue": 0
        },
        "2003-02": {
            "month": "2003-02",
            "price": "63826.32",
            "revenue": 0
        },
        "2003-03": {
            "month": "2003-03",
            "price": "66478.57",
            "revenue": 0
        },
        "2003-04": {
            "month": "2003-04",
            "price": "70336.67",
            "revenue": 0
        },
        "2003-05": {
            "month": "2003-05",
            "price": "72884.76",
            "revenue": 0
        },
        "2003-06": {
            "month": "2003-06",
            "price": "73225.95",
            "revenue": 0
        },
        "2003-07": {
            "month": "2003-07",
            "price": "72198.18",
            "revenue": 0
        },
        "2003-08": {
            "month": "2003-08",
            "price": "74619.76",
            "revenue": 0
        },
        "2003-09": {
            "month": "2003-09",
            "price": "75463.33",
            "revenue": 0
        },
        "2003-10": {
            "month": "2003-10",
            "price": "76397.61",
            "revenue": 0
        },
        "2003-11": {
            "month": "2003-11",
            "price": "81475.79",
            "revenue": 0
        },
        "2003-12": {
            "month": "2003-12",
            "price": "83611.36",
            "revenue": 0
        },
        "2004-01": {
            "month": "2004-01",
            "price": "87052.45",
            "revenue": 0
        },
        "2004-02": {
            "month": "2004-02",
            "price": "92360.79",
            "revenue": 0
        },
        "2004-03": {
            "month": "2004-03",
            "price": "92406.00",
            "revenue": 0
        },
        "2004-04": {
            "month": "2004-04",
            "price": "93563.71",
            "revenue": 0
        },
        "2004-05": {
            "month": "2004-05",
            "price": "88868.20",
            "revenue": 0
        },
        "2004-06": {
            "month": "2004-06",
            "price": "88526.95",
            "revenue": 0
        },
        "2004-07": {
            "month": "2004-07",
            "price": "89339.76",
            "revenue": 0
        },
        "2004-08": {
            "month": "2004-08",
            "price": "85973.86",
            "revenue": 0
        },
        "2004-09": {
            "month": "2004-09",
            "price": "86418.33",
            "revenue": 0
        },
        "2004-10": {
            "month": "2004-10",
            "price": "84821.43",
            "revenue": 0
        },
        "2004-11": {
            "month": "2004-11",
            "price": "84359.48",
            "revenue": 0
        },
        "2004-12": {
            "month": "2004-12",
            "price": "86413.14",
            "revenue": 0
        },
        "2005-01": {
            "month": "2005-01",
            "price": "87652.35",
            "revenue": 0
        },
        "2005-02": {
            "month": "2005-02",
            "price": "90710.63",
            "revenue": 0
        },
        "2005-03": {
            "month": "2005-03",
            "price": "88687.45",
            "revenue": 0
        },
        "2005-04": {
            "month": "2005-04",
            "price": "85296.43",
            "revenue": 0
        },
        "2005-05": {
            "month": "2005-05",
            "price": "83892.14",
            "revenue": 0
        },
        "2005-06": {
            "month": "2005-06",
            "price": "83406.14",
            "revenue": 0
        },
        "2005-07": {
            "month": "2005-07",
            "price": "84155.25",
            "revenue": 0
        },
        "2005-08": {
            "month": "2005-08",
            "price": "83725.43",
            "revenue": 0
        },
        "2005-09": {
            "month": "2005-09",
            "price": "82512.86",
            "revenue": 0
        },
        "2005-10": {
            "month": "2005-10",
            "price": "84309.52",
            "revenue": 0
        },
        "2005-11": {
            "month": "2005-11",
            "price": "88932.86",
            "revenue": 0
        },
        "2005-12": {
            "month": "2005-12",
            "price": "89250.00",
            "revenue": 0
        },
        "2006-01": {
            "month": "2006-01",
            "price": "89593.50",
            "revenue": 0
        },
        "2006-02": {
            "month": "2006-02",
            "price": "87763.68",
            "revenue": 0
        },
        "2006-03": {
            "month": "2006-03",
            "price": "89236.96",
            "revenue": 0
        },
        "2006-04": {
            "month": "2006-04",
            "price": "88007.79",
            "revenue": 0
        },
        "2006-05": {
            "month": "2006-05",
            "price": "90563.73",
            "revenue": 0
        },
        "2006-06": {
            "month": "2006-06",
            "price": "91559.23",
            "revenue": 0
        },
        "2006-07": {
            "month": "2006-07",
            "price": "90653.00",
            "revenue": 0
        },
        "2006-08": {
            "month": "2006-08",
            "price": "94030.17",
            "revenue": 0
        },
        "2006-09": {
            "month": "2006-09",
            "price": "95498.85",
            "revenue": 0
        },
        "2006-10": {
            "month": "2006-10",
            "price": "100064.64",
            "revenue": 0
        },
        "2006-11": {
            "month": "2006-11",
            "price": "106603.43",
            "revenue": 0
        },
        "2006-12": {
            "month": "2006-12",
            "price": "109655.75",
            "revenue": 0
        },
        "2007-01": {
            "month": "2007-01",
            "price": "108697.75",
            "revenue": 0
        },
        "2007-02": {
            "month": "2007-02",
            "price": "108086.95",
            "revenue": 0
        },
        "2007-03": {
            "month": "2007-03",
            "price": "107821.09",
            "revenue": 0
        },
        "2007-04": {
            "month": "2007-04",
            "price": "109258.45",
            "revenue": 0
        },
        "2007-05": {
            "month": "2007-05",
            "price": "109139.00",
            "revenue": 0
        },
        "2007-06": {
            "month": "2007-06",
            "price": "108832.86",
            "revenue": 0
        },
        "2007-07": {
            "month": "2007-07",
            "price": "110528.57",
            "revenue": 0
        },
        "2007-08": {
            "month": "2007-08",
            "price": "115070.00",
            "revenue": 0
        },
        "2007-09": {
            "month": "2007-09",
            "price": "118331.05",
            "revenue": 0
        },
        "2007-10": {
            "month": "2007-10",
            "price": "125542.57",
            "revenue": 0
        },
        "2007-11": {
            "month": "2007-11",
            "price": "135387.62",
            "revenue": 0
        },
        "2007-12": {
            "month": "2007-12",
            "price": "141535.00",
            "revenue": 0
        },
        "2008-01": {
            "month": "2008-01",
            "price": "134828.33",
            "revenue": 0
        },
        "2008-02": {
            "month": "2008-02",
            "price": "139733.25",
            "revenue": 0
        },
        "2008-03": {
            "month": "2008-03",
            "price": "131845.75",
            "revenue": 0
        },
        "2008-04": {
            "month": "2008-04",
            "price": "129874.09",
            "revenue": 0
        },
        "2008-05": {
            "month": "2008-05",
            "price": "126890.00",
            "revenue": 0
        },
        "2008-06": {
            "month": "2008-06",
            "price": "126103.10",
            "revenue": 0
        },
        "2008-07": {
            "month": "2008-07",
            "price": "116502.50",
            "revenue": 0
        },
        "2008-08": {
            "month": "2008-08",
            "price": "116226.43",
            "revenue": 0
        },
        "2008-09": {
            "month": "2008-09",
            "price": "125700.43",
            "revenue": 0
        },
        "2008-10": {
            "month": "2008-10",
            "price": "119005.04",
            "revenue": 0
        },
        "2008-11": {
            "month": "2008-11",
            "price": "101753.53",
            "revenue": 0
        },
        "2008-12": {
            "month": "2008-12",
            "price": "98598.18",
            "revenue": 0
        },
        "2009-01": {
            "month": "2009-01",
            "price": "92345.95",
            "revenue": 0
        },
        "2009-02": {
            "month": "2009-02",
            "price": "84443.53",
            "revenue": 0
        },
        "2009-03": {
            "month": "2009-03",
            "price": "82651.05",
            "revenue": 0
        },
        "2009-04": {
            "month": "2009-04",
            "price": "90025.95",
            "revenue": 0
        },
        "2009-05": {
            "month": "2009-05",
            "price": "91715.40",
            "revenue": 0
        },
        "2009-06": {
            "month": "2009-06",
            "price": "89205.27",
            "revenue": 0
        },
        "2009-07": {
            "month": "2009-07",
            "price": "91196.18",
            "revenue": 0
        },
        "2009-08": {
            "month": "2009-08",
            "price": "101639.90",
            "revenue": 0
        },
        "2009-09": {
            "month": "2009-09",
            "price": "100102.48",
            "revenue": 0
        },
        "2009-10": {
            "month": "2009-10",
            "price": "100363.82",
            "revenue": 0
        },
        "2009-11": {
            "month": "2009-11",
            "price": "102097.70",
            "revenue": 0
        },
        "2009-12": {
            "month": "2009-12",
            "price": "99239.05",
            "revenue": 0
        },
        "2010-01": {
            "month": "2010-01",
            "price": "102636.32",
            "revenue": 0
        },
        "2010-02": {
            "month": "2010-02",
            "price": "114569.63",
            "revenue": 0
        },
        "2010-03": {
            "month": "2010-03",
            "price": "123106.70",
            "revenue": 0
        },
        "2010-04": {
            "month": "2010-04",
            "price": "119143.86",
            "revenue": 0
        },
        "2010-05": {
            "month": "2010-05",
            "price": "112191.60",
            "revenue": 0
        },
        "2010-06": {
            "month": "2010-06",
            "price": "114228.45",
            "revenue": 0
        },
        "2010-07": {
            "month": "2010-07",
            "price": "117728.76",
            "revenue": 0
        },
        "2010-08": {
            "month": "2010-08",
            "price": "117633.00",
            "revenue": 0
        },
        "2010-09": {
            "month": "2010-09",
            "price": "123712.86",
            "revenue": 0
        },
        "2010-10": {
            "month": "2010-10",
            "price": "123926.67",
            "revenue": 0
        },
        "2010-11": {
            "month": "2010-11",
            "price": "121038.52",
            "revenue": 0
        },
        "2010-12": {
            "month": "2010-12",
            "price": "120239.82",
            "revenue": 0
        },
        "2011-01": {
            "month": "2011-01",
            "price": "121702.10",
            "revenue": 0
        },
        "2011-02": {
            "month": "2011-02",
            "price": "126409.11",
            "revenue": 0
        },
        "2011-03": {
            "month": "2011-03",
            "price": "126997.04",
            "revenue": 0
        },
        "2011-04": {
            "month": "2011-04",
            "price": "123042.25",
            "revenue": 0
        },
        "2011-05": {
            "month": "2011-05",
            "price": "119510.57",
            "revenue": 0
        },
        "2011-06": {
            "month": "2011-06",
            "price": "113494.27",
            "revenue": 0
        },
        "2011-07": {
            "month": "2011-07",
            "price": "114188.10",
            "revenue": 0
        },
        "2011-08": {
            "month": "2011-08",
            "price": "106760.61",
            "revenue": 0
        },
        "2011-09": {
            "month": "2011-09",
            "price": "104816.05",
            "revenue": 0
        },
        "2011-10": {
            "month": "2011-10",
            "price": "112877.10",
            "revenue": 0
        },
        "2011-11": {
            "month": "2011-11",
            "price": "114103.62",
            "revenue": 0
        },
        "2011-12": {
            "month": "2011-12",
            "price": "115106.29",
            "revenue": 0
        },
        "2012-01": {
            "month": "2012-01",
            "price": "117426.45",
            "revenue": 0
        },
        "2012-02": {
            "month": "2012-02",
            "price": "118899.20",
            "revenue": 0
        },
        "2012-03": {
            "month": "2012-03",
            "price": "120766.59",
            "revenue": 0
        },
        "2012-04": {
            "month": "2012-04",
            "price": "120083.15",
            "revenue": 0
        },
        "2012-05": {
            "month": "2012-05",
            "price": "121282.27",
            "revenue": 0
        },
        "2012-06": {
            "month": "2012-06",
            "price": "121960.62",
            "revenue": 0
        },
        "2012-07": {
            "month": "2012-07",
            "price": "126113.57",
            "revenue": 0
        },
        "2012-08": {
            "month": "2012-08",
            "price": "127509.70",
            "revenue": 0
        },
        "2012-09": {
            "month": "2012-09",
            "price": "131571.53",
            "revenue": 0
        },
        "2012-10": {
            "month": "2012-10",
            "price": "133137.48",
            "revenue": 0
        },
        "2012-11": {
            "month": "2012-11",
            "price": "130149.57",
            "revenue": 0
        },
        "2012-12": {
            "month": "2012-12",
            "price": "133310.05",
            "revenue": 0
        },
        "2013-01": {
            "month": "2013-01",
            "price": "143337.38",
            "revenue": 0
        },
        "2013-02": {
            "month": "2013-02",
            "price": "148796.00",
            "revenue": 0
        },
        "2013-03": {
            "month": "2013-03",
            "price": "154372.15",
            "revenue": 0
        },
        "2013-04": {
            "month": "2013-04",
            "price": "158373.73",
            "revenue": 0
        },
        "2013-05": {
            "month": "2013-05",
            "price": "167085.18",
            "revenue": 0
        },
        "2013-06": {
            "month": "2013-06",
            "price": "170070.15",
            "revenue": 0
        },
        "2013-07": {
            "month": "2013-07",
            "price": "174409.27",
            "revenue": 0
        },
        "2013-08": {
            "month": "2013-08",
            "price": "173009.86",
            "revenue": 0
        },
        "2013-09": {
            "month": "2013-09",
            "price": "171508.85",
            "revenue": 0
        },
        "2013-10": {
            "month": "2013-10",
            "price": "173095.09",
            "revenue": 0
        },
        "2013-11": {
            "month": "2013-11",
            "price": "173249.45",
            "revenue": 0
        },
        "2013-12": {
            "month": "2013-12",
            "price": "174138.38",
            "revenue": 0
        },
        "2014-01": {
            "month": "2014-01",
            "price": "172019.38",
            "revenue": 0
        },
        "2014-02": {
            "month": "2014-02",
            "price": "169608.58",
            "revenue": 0
        },
        "2014-03": {
            "month": "2014-03",
            "price": "184355.14",
            "revenue": 0
        },
        "2014-04": {
            "month": "2014-04",
            "price": "187867.10",
            "revenue": 0
        },
        "2014-05": {
            "month": "2014-05",
            "price": "190792.81",
            "revenue": 0
        },
        "2014-06": {
            "month": "2014-06",
            "price": "190792.76",
            "revenue": 0
        },
        "2014-07": {
            "month": "2014-07",
            "price": "192049.23",
            "revenue": 0
        },
        "2014-08": {
            "month": "2014-08",
            "price": "200057.14",
            "revenue": 0
        },
        "2014-09": {
            "month": "2014-09",
            "price": "207710.33",
            "revenue": 0
        },
        "2014-10": {
            "month": "2014-10",
            "price": "207093.74",
            "revenue": 0
        },
        "2014-11": {
            "month": "2014-11",
            "price": "217931.23",
            "revenue": 0
        },
        "2014-12": {
            "month": "2014-12",
            "price": "225079.67",
            "revenue": 0
        },
        "2015-01": {
            "month": "2015-01",
            "price": "222160.37",
            "revenue": 0
        },
        "2015-02": {
            "month": "2015-02",
            "price": "222878.03",
            "revenue": 0
        },
        "2015-03": {
            "month": "2015-03",
            "price": "218404.36",
            "revenue": 0
        },
        "2015-04": {
            "month": "2015-04",
            "price": "214743.23",
            "revenue": 0
        },
        "2015-05": {
            "month": "2015-05",
            "price": "218181.07",
            "revenue": 0
        },
        "2015-06": {
            "month": "2015-06",
            "price": "211025.24",
            "revenue": 0
        },
        "2015-07": {
            "month": "2015-07",
            "price": "211861.38",
            "revenue": 0
        },
        "2015-08": {
            "month": "2015-08",
            "price": "209231.98",
            "revenue": 0
        },
        "2015-09": {
            "month": "2015-09",
            "price": "196724.02",
            "revenue": 0
        },
        "2015-10": {
            "month": "2015-10",
            "price": "201087.40",
            "revenue": 0
        },
        "2015-11": {
            "month": "2015-11",
            "price": "202835.10",
            "revenue": 0
        },
        "2015-12": {
            "month": "2015-12",
            "price": "200051.27",
            "revenue": 0
        },
        "2016-01": {
            "month": "2016-01",
            "price": "192074.34",
            "revenue": 0
        },
        "2016-02": {
            "month": "2016-02",
            "price": "194498.09",
            "revenue": 0
        },
        "2016-03": {
            "month": "2016-03",
            "price": "210496.10",
            "revenue": 0
        },
        "2016-04": {
            "month": "2016-04",
            "price": "216270.45",
            "revenue": 0
        },
        "2016-05": {
            "month": "2016-05",
            "price": "214474.07",
            "revenue": 0
        },
        "2016-06": {
            "month": "2016-06",
            "price": "212707.27",
            "revenue": 0
        },
        "2016-07": {
            "month": "2016-07",
            "price": "216667.02",
            "revenue": 0
        },
        "2016-08": {
            "month": "2016-08",
            "price": "220969.31",
            "revenue": 0
        },
        "2016-09": {
            "month": "2016-09",
            "price": "220130.61",
            "revenue": 0
        },
        "2016-10": {
            "month": "2016-10",
            "price": "216128.08",
            "revenue": 0
        },
        "2016-11": {
            "month": "2016-11",
            "price": "230364.61",
            "revenue": 0
        },
        "2016-12": {
            "month": "2016-12",
            "price": "245955.51",
            "revenue": 0
        },
        "2017-01": {
            "month": "2017-01",
            "price": "243407.99",
            "revenue": 0
        },
        "2017-02": {
            "month": "2017-02",
            "price": "249758.18",
            "revenue": 0
        },
        "2017-03": {
            "month": "2017-03",
            "price": "258262.35",
            "revenue": 0
        },
        "2017-04": {
            "month": "2017-04",
            "price": "248428.63",
            "revenue": 0
        },
        "2017-05": {
            "month": "2017-05",
            "price": "247030.54",
            "revenue": 0
        },
        "2017-06": {
            "month": "2017-06",
            "price": "253372.64",
            "revenue": 0
        },
        "2017-07": {
            "month": "2017-07",
            "price": "257602.30",
            "revenue": 0
        },
        "2017-08": {
            "month": "2017-08",
            "price": "267709.88",
            "revenue": 0
        },
        "2017-09": {
            "month": "2017-09",
            "price": "270484.39",
            "revenue": 0
        },
        "2017-10": {
            "month": "2017-10",
            "price": "281290.80",
            "revenue": 0
        },
        "2017-11": {
            "month": "2017-11",
            "price": "277610.29",
            "revenue": 0
        },
        "2017-12": {
            "month": "2017-12",
            "price": "296218.19",
            "revenue": 0
        },
        "2018-01": {
            "month": "2018-01",
            "price": "314568.72",
            "revenue": 0
        },
        "2018-02": {
            "month": "2018-02",
            "price": "304421.21",
            "revenue": 0
        },
        "2018-03": {
            "month": "2018-03",
            "price": "305283.50",
            "revenue": 0
        },
        "2018-04": {
            "month": "2018-04",
            "price": "296620.14",
            "revenue": 0
        },
        "2018-05": {
            "month": "2018-05",
            "price": "294181.32",
            "revenue": 0
        },
        "2018-06": {
            "month": "2018-06",
            "price": "287902.76",
            "revenue": 0
        },
        "2018-07": {
            "month": "2018-07",
            "price": "293320.95",
            "revenue": 0
        },
        "2018-08": {
            "month": "2018-08",
            "price": "312262.74",
            "revenue": 0
        },
        "2018-09": {
            "month": "2018-09",
            "price": "324617.90",
            "revenue": 0
        },
        "2018-10": {
            "month": "2018-10",
            "price": "314099.87",
            "revenue": 0
        },
        "2018-11": {
            "month": "2018-11",
            "price": "322459.13",
            "revenue": 0
        },
        "2018-12": {
            "month": "2018-12",
            "price": "301490.58",
            "revenue": 0
        },
        "2019-01": {
            "month": "2019-01",
            "price": "298878.24",
            "revenue": 0
        },
        "2019-02": {
            "month": "2019-02",
            "price": "306379.05",
            "revenue": 0
        },
        "2019-03": {
            "month": "2019-03",
            "price": "303381.64",
            "revenue": 0
        },
        "2019-04": {
            "month": "2019-04",
            "price": "313352.76",
            "revenue": 0
        },
        "2019-05": {
            "month": "2019-05",
            "price": "309753.62",
            "revenue": 0
        },
        "2019-06": {
            "month": "2019-06",
            "price": "309591.81",
            "revenue": 0
        },
        "2019-07": {
            "month": "2019-07",
            "price": "316221.39",
            "revenue": 0
        },
        "2019-08": {
            "month": "2019-08",
            "price": "300341.65",
            "revenue": 0
        },
        "2019-09": {
            "month": "2019-09",
            "price": "312009.76",
            "revenue": 0
        },
        "2019-10": {
            "month": "2019-10",
            "price": "313520.83",
            "revenue": 0
        },
        "2019-11": {
            "month": "2019-11",
            "price": "329231.35",
            "revenue": 0
        },
        "2019-12": {
            "month": "2019-12",
            "price": "335769.43",
            "revenue": 0
        },
        "2020-01": {
            "month": "2020-01",
            "price": "340705.00",
            "revenue": 0
        },
        "2020-02": {
            "month": "2020-02",
            "price": "335645.47",
            "revenue": 0
        },
        "2020-03": {
            "month": "2020-03",
            "price": "283127.45",
            "revenue": 0
        },
        "2020-04": {
            "month": "2020-04",
            "price": "279992.06",
            "revenue": 0
        },
        "2020-05": {
            "month": "2020-05",
            "price": "264635.60",
            "revenue": 0
        },
        "2020-06": {
            "month": "2020-06",
            "price": "276891.68",
            "revenue": 0
        },
        "2020-07": {
            "month": "2020-07",
            "price": "282490.10",
            "revenue": 0
        },
        "2020-08": {
            "month": "2020-08",
            "price": "315013.33",
            "revenue": 0
        },
        "2020-09": {
            "month": "2020-09",
            "price": "324215.52",
            "revenue": 0
        },
        "2020-10": {
            "month": "2020-10",
            "price": "315614.52",
            "revenue": 0
        },
        "2020-11": {
            "month": "2020-11",
            "price": "335689.90",
            "revenue": 0
        },
        "2020-12": {
            "month": "2020-12",
            "price": "341429.06",
            "revenue": 0
        },
        "2021-01": {
            "month": "2021-01",
            "price": "349329.05",
            "revenue": 0
        },
        "2021-02": {
            "month": "2021-02",
            "price": "362252.42",
            "revenue": 0
        },
        "2021-03": {
            "month": "2021-03",
            "price": "384611.03",
            "revenue": 0
        },
        "2021-04": {
            "month": "2021-04",
            "price": "404364.33",
            "revenue": 0
        },
        "2021-05": {
            "month": "2021-05",
            "price": "431703.19",
            "revenue": 0
        },
        "2021-06": {
            "month": "2021-06",
            "price": "425255.88",
            "revenue": 0
        },
        "2021-07": {
            "month": "2021-07",
            "price": "418728.23",
            "revenue": 0
        },
        "2021-08": {
            "month": "2021-08",
            "price": "429866.87",
            "revenue": 0
        },
        "2021-09": {
            "month": "2021-09",
            "price": "418954.35",
            "revenue": 0
        },
        "2021-10": {
            "month": "2021-10",
            "price": "426861.09",
            "revenue": 0
        },
        "2021-11": {
            "month": "2021-11",
            "price": "429674.80",
            "revenue": 0
        },
        "2021-12": {
            "month": "2021-12",
            "price": "438589.08",
            "revenue": 0
        },
        "2022-01": {
            "month": "2022-01",
            "price": "470592.57",
            "revenue": 0
        },
        "2022-02": {
            "month": "2022-02",
            "price": "474485.68",
            "revenue": 0
        },
        "2022-03": {
            "month": "2022-03",
            "price": "507541.51",
            "revenue": 0
        },
        "2022-04": {
            "month": "2022-04",
            "price": "514368.18",
            "revenue": 0
        },
        "2022-05": {
            "month": "2022-05",
            "price": "470104.51",
            "revenue": 0
        },
        "2022-06": {
            "month": "2022-06",
            "price": "431102.92",
            "revenue": 0
        },
        "2022-07": {
            "month": "2022-07",
            "price": "424381.74",
            "revenue": 0
        },
        "2022-08": {
            "month": "2022-08",
            "price": "442929.70",
            "revenue": 0
        },
        "2022-09": {
            "month": "2022-09",
            "price": "415485.69",
            "revenue": 0
        },
        "2022-10": {
            "month": "2022-10",
            "price": "422058.68",
            "revenue": 0
        },
        "2022-11": {
            "month": "2022-11",
            "price": "459457.44",
            "revenue": 0
        },
        "2022-12": {
            "month": "2022-12",
            "price": "464769.03",
            "revenue": 0
        },
        "2023-01": {
            "month": "2023-01",
            "price": "473559.41",
            "revenue": 0
        },
        "2023-02": {
            "month": "2023-02",
            "price": "467107.23",
            "revenue": 0
        },
        "2023-03": {
            "month": "2023-03",
            "price": "460806.07",
            "revenue": 0
        },
        "2023-04": {
            "month": "2023-04",
            "price": "488614.73",
            "revenue": 0
        },
        "2023-05": {
            "month": "2023-05",
            "price": "494267.35",
            "revenue": 0
        }
    }
}
