{
    "summary": {
        "stock_name": "Costco Wholesale Corp",
        "stock_id": "COST",
        "category": "Retail/Wholesale",
        "main_business": "好市多公司於1983年在華盛頓州西雅圖開始運營。公司主要從事在美國和波多黎各、加拿大、英國（U.K.）、墨西哥、日本、韓國、澳大利亞、西班牙、法國、冰島、中國的會員倉庫的運作，並經營中國臺灣的子公司。公司經營會員倉庫的理念是，為會員提供低價格的多種類別的精選國家品牌和私人品牌產品，產生高銷售量和快速的庫存週轉。",
        "website_url": "https://www.costco.com/",
        "ceo": "Richard A. Galanti",
        "pe_ratio": 38,
        "report_year_from": 1994,
        "report_year_to": 2023,
        "age": 29,
        "eps_negative_percentage": 0,
        "eps_growth_avg": {
            "last_all": 13.53,
            "last_2y": 18.92,
            "last_4y": 17.22,
            "last_8y": 12.81,
            "last_12y": 14.04,
            "last_16y": 11.65,
            "last_20y": 13.53,
            "at_2006_last_3y": 11.37,
            "at_2007_last_3y": 11.68,
            "at_2008_last_3y": 12.07,
            "at_2009_last_3y": 3.88,
            "at_2010_last_3y": 7.27,
            "at_2011_last_3y": 9.43,
            "at_2012_last_3y": 7.98,
            "at_2013_last_3y": 16.82,
            "at_2014_last_3y": 12.47,
            "at_2015_last_3y": 13.07,
            "at_2016_last_3y": 9.2,
            "at_2017_last_3y": 7.29,
            "at_2018_last_3y": 11.49,
            "at_2019_last_3y": 10.71,
            "at_2020_last_3y": 17.53,
            "at_2021_last_3y": 19.41,
            "at_2022_last_3y": 17.17,
            "at_2023_last_3y": 17.17,
            "at_2006_last_all": 18.13,
            "at_2007_last_all": 15.76,
            "at_2008_last_all": 16.5,
            "at_2009_last_all": 12.71,
            "at_2010_last_all": 13.3,
            "at_2011_last_all": 13.23,
            "at_2012_last_all": 13.4,
            "at_2013_last_all": 14.08,
            "at_2014_last_all": 13.05,
            "at_2015_last_all": 13.19,
            "at_2016_last_all": 12.28,
            "at_2017_last_all": 12.38,
            "at_2018_last_all": 12.68,
            "at_2019_last_all": 12.64,
            "at_2020_last_all": 13.39,
            "at_2021_last_all": 13.79,
            "at_2022_last_all": 13.53,
            "at_2023_last_all": 13.53
        },
        "latest_eps": 13.5,
        "latest_price": 507.26,
        "latest_roe": 27.17,
        "latest_gross_margin": 12.07,
        "latest_equity": 23568000,
        "latest_revenue": 53648000,
        "latest_gross_profit": 6473000,
        "latest_net_income": 1302000,
        "latest_debt_ratio": 64.69,
        "latest_current_ratio": 108.14,
        "latest_account_receivable_turnover_ratio": 20.57,
        "latest_inventory_turnover_ratio": 2.91,
        "latest_reinvestment_rate": 38.18,
        "latest_research_to_sale_ratio": null
    },
    "eps_dividends": {
        "2001": {
            "cash": 0,
            "stock": 0,
            "eps": 1.04
        },
        "2002": {
            "cash": 0,
            "stock": 0,
            "eps": 1.51
        },
        "2003": {
            "cash": 0,
            "stock": 0,
            "eps": 1.55
        },
        "2004": {
            "cash": 0,
            "stock": 0,
            "eps": 1.85
        },
        "2005": {
            "cash": 0,
            "stock": 0,
            "eps": 2.2
        },
        "2006": {
            "cash": 0,
            "stock": 0,
            "eps": 2.3
        },
        "2007": {
            "cash": 0,
            "stock": 0,
            "eps": 2.39
        },
        "2008": {
            "cash": 0,
            "stock": 0,
            "eps": 2.89
        },
        "2009": {
            "cash": 0,
            "stock": 0,
            "eps": 2.49
        },
        "2010": {
            "cash": 0,
            "stock": 0,
            "eps": 2.94
        },
        "2011": {
            "cash": 0,
            "stock": 0,
            "eps": 3.31
        },
        "2012": {
            "cash": 7,
            "stock": 0,
            "eps": 3.81
        },
        "2013": {
            "cash": 0,
            "stock": 0,
            "eps": 4.63
        },
        "2014": {
            "cash": 0,
            "stock": 0,
            "eps": 4.66
        },
        "2015": {
            "cash": 5,
            "stock": 0,
            "eps": 5.36
        },
        "2016": {
            "cash": 0,
            "stock": 0,
            "eps": 5.34
        },
        "2017": {
            "cash": 3,
            "stock": 0,
            "eps": 6.08
        },
        "2018": {
            "cash": 4,
            "stock": 0,
            "eps": 7.14
        },
        "2019": {
            "cash": 4,
            "stock": 0,
            "eps": 7.99
        },
        "2020": {
            "cash": 14,
            "stock": 0,
            "eps": 10.14
        },
        "2021": {
            "cash": 4,
            "stock": 0,
            "eps": 12.31
        },
        "2022": {
            "cash": 4,
            "stock": 0,
            "eps": 13.35
        },
        "2023": {
            "cash": 2,
            "stock": 0,
            "eps": 9.3
        }
    },
    "dividends": {
        "2004-05-31": {
            "cash": 0.1,
            "stock": 0
        },
        "2004-08-27": {
            "cash": 0.1,
            "stock": 0
        },
        "2005-02-25": {
            "cash": 0.1,
            "stock": 0
        },
        "2005-05-27": {
            "cash": 0.12,
            "stock": 0
        },
        "2005-08-26": {
            "cash": 0.12,
            "stock": 0
        },
        "2006-02-24": {
            "cash": 0.12,
            "stock": 0
        },
        "2006-08-25": {
            "cash": 0.13,
            "stock": 0
        },
        "2006-12-01": {
            "cash": 0.13,
            "stock": 0
        },
        "2007-02-28": {
            "cash": 0.13,
            "stock": 0
        },
        "2007-05-18": {
            "cash": 0.15,
            "stock": 0
        },
        "2007-08-24": {
            "cash": 0.15,
            "stock": 0
        },
        "2007-12-14": {
            "cash": 0.15,
            "stock": 0
        },
        "2008-02-29": {
            "cash": 0.15,
            "stock": 0
        },
        "2008-05-30": {
            "cash": 0.16,
            "stock": 0
        },
        "2008-08-22": {
            "cash": 0.16,
            "stock": 0
        },
        "2008-11-28": {
            "cash": 0.16,
            "stock": 0
        },
        "2009-02-27": {
            "cash": 0.16,
            "stock": 0
        },
        "2009-05-29": {
            "cash": 0.18,
            "stock": 0
        },
        "2009-08-28": {
            "cash": 0.18,
            "stock": 0
        },
        "2009-11-06": {
            "cash": 0.18,
            "stock": 0
        },
        "2010-02-26": {
            "cash": 0.18,
            "stock": 0
        },
        "2010-05-21": {
            "cash": 0.21,
            "stock": 0
        },
        "2010-08-20": {
            "cash": 0.21,
            "stock": 0
        },
        "2010-11-12": {
            "cash": 0.21,
            "stock": 0
        },
        "2011-02-25": {
            "cash": 0.21,
            "stock": 0
        },
        "2011-05-27": {
            "cash": 0.24,
            "stock": 0
        },
        "2011-08-19": {
            "cash": 0.24,
            "stock": 0
        },
        "2011-11-25": {
            "cash": 0.24,
            "stock": 0
        },
        "2012-02-24": {
            "cash": 0.24,
            "stock": 0
        },
        "2012-06-08": {
            "cash": 0.28,
            "stock": 0
        },
        "2012-11-30": {
            "cash": 0.28,
            "stock": 0
        },
        "2012-12-18": {
            "cash": 7,
            "stock": 0
        },
        "2013-02-22": {
            "cash": 0.28,
            "stock": 0
        },
        "2013-05-31": {
            "cash": 0.31,
            "stock": 0
        },
        "2013-08-23": {
            "cash": 0.31,
            "stock": 0
        },
        "2013-11-29": {
            "cash": 0.31,
            "stock": 0
        },
        "2014-02-28": {
            "cash": 0.31,
            "stock": 0
        },
        "2014-05-30": {
            "cash": 0.36,
            "stock": 0
        },
        "2014-07-25": {
            "cash": 0.36,
            "stock": 0
        },
        "2014-11-28": {
            "cash": 0.36,
            "stock": 0
        },
        "2015-02-27": {
            "cash": 5,
            "stock": 0
        },
        "2015-05-15": {
            "cash": 0.4,
            "stock": 0
        },
        "2015-08-28": {
            "cash": 0.4,
            "stock": 0
        },
        "2015-11-27": {
            "cash": 0.4,
            "stock": 0
        },
        "2016-02-26": {
            "cash": 0.4,
            "stock": 0
        },
        "2016-05-13": {
            "cash": 0.45,
            "stock": 0
        },
        "2016-08-26": {
            "cash": 0.45,
            "stock": 0
        },
        "2016-11-18": {
            "cash": 0.45,
            "stock": 0
        },
        "2017-02-24": {
            "cash": 0.45,
            "stock": 0
        },
        "2017-05-26": {
            "cash": 0.5,
            "stock": 0
        },
        "2017-09-01": {
            "cash": 0.5,
            "stock": 0
        },
        "2017-12-01": {
            "cash": 0.5,
            "stock": 0
        },
        "2018-03-02": {
            "cash": 0.5,
            "stock": 0
        },
        "2018-05-25": {
            "cash": 0.57,
            "stock": 0
        },
        "2018-09-14": {
            "cash": 0.57,
            "stock": 0
        },
        "2018-11-23": {
            "cash": 0.57,
            "stock": 0
        },
        "2019-02-22": {
            "cash": 0.57,
            "stock": 0
        },
        "2019-05-24": {
            "cash": 0.65,
            "stock": 0
        },
        "2019-09-13": {
            "cash": 0.65,
            "stock": 0
        },
        "2019-11-15": {
            "cash": 0.65,
            "stock": 0
        },
        "2020-02-21": {
            "cash": 0.65,
            "stock": 0
        },
        "2020-05-15": {
            "cash": 0.7,
            "stock": 0
        },
        "2020-08-14": {
            "cash": 0.7,
            "stock": 0
        },
        "2020-11-13": {
            "cash": 0.7,
            "stock": 0
        },
        "2020-12-11": {
            "cash": 10,
            "stock": 0
        },
        "2021-02-19": {
            "cash": 0.7,
            "stock": 0
        },
        "2021-05-14": {
            "cash": 0.79,
            "stock": 0
        },
        "2021-08-13": {
            "cash": 0.79,
            "stock": 0
        },
        "2021-11-12": {
            "cash": 0.79,
            "stock": 0
        },
        "2022-02-18": {
            "cash": 0.79,
            "stock": 0
        },
        "2022-05-13": {
            "cash": 0.9,
            "stock": 0
        },
        "2022-08-13": {
            "cash": 0.9,
            "stock": 0
        },
        "2022-11-11": {
            "cash": 0.9,
            "stock": 0
        },
        "2023-02-17": {
            "cash": 0.9,
            "stock": 0
        },
        "2023-05-12": {
            "cash": 0.9,
            "stock": 0
        }
    },
    "prices": {
        "200101": "42.41",
        "200102": "43.06",
        "200103": "38.29",
        "200104": "35.68",
        "200105": "36.32",
        "200106": "40.83",
        "200107": "42.63",
        "200108": "40.24",
        "200109": "33.80",
        "200110": "37.50",
        "200111": "41.86",
        "200112": "42.83",
        "200201": "44.05",
        "200202": "44.67",
        "200203": "40.74",
        "200204": "40.78",
        "200205": "40.18",
        "200206": "39.47",
        "200207": "35.67",
        "200208": "33.98",
        "200209": "33.68",
        "200210": "33.65",
        "200211": "32.52",
        "200212": "29.04",
        "200301": "29.49",
        "200302": "29.27",
        "200303": "29.96",
        "200304": "33.28",
        "200305": "35.34",
        "200306": "36.02",
        "200307": "36.69",
        "200308": "31.19",
        "200309": "31.82",
        "200310": "33.59",
        "200311": "34.66",
        "200312": "36.23",
        "200401": "36.93",
        "200402": "38.10",
        "200403": "37.62",
        "200404": "37.88",
        "200405": "36.73",
        "200406": "40.94",
        "200407": "40.87",
        "200408": "41.27",
        "200409": "41.01",
        "200410": "45.53",
        "200411": "48.96",
        "200412": "48.13",
        "200501": "47.52",
        "200502": "46.29",
        "200503": "44.67",
        "200504": "44.02",
        "200505": "43.72",
        "200506": "45.71",
        "200507": "45.85",
        "200508": "43.62",
        "200509": "42.89",
        "200510": "46.14",
        "200511": "49.55",
        "200512": "49.27",
        "200601": "50.10",
        "200602": "50.39",
        "200603": "54.36",
        "200604": "54.67",
        "200605": "54.78",
        "200606": "54.29",
        "200607": "54.36",
        "200608": "50.73",
        "200609": "49.58",
        "200610": "51.66",
        "200611": "52.90",
        "200612": "53.33",
        "200701": "55.40",
        "200702": "56.88",
        "200703": "54.19",
        "200704": "54.55",
        "200705": "55.14",
        "200706": "56.49",
        "200707": "60.82",
        "200708": "61.09",
        "200709": "59.90",
        "200710": "65.46",
        "200711": "66.32",
        "200712": "69.60",
        "200801": "66.26",
        "200802": "64.67",
        "200803": "62.71",
        "200804": "67.97",
        "200805": "72.32",
        "200806": "70.06",
        "200807": "68.77",
        "200808": "66.33",
        "200809": "67.17",
        "200810": "57.00",
        "200811": "50.32",
        "200812": "52.48",
        "200901": "48.72",
        "200902": "43.30",
        "200903": "43.26",
        "200904": "46.92",
        "200905": "47.19",
        "200906": "46.77",
        "200907": "47.16",
        "200908": "49.22",
        "200909": "56.40",
        "200910": "57.93",
        "200911": "59.97",
        "200912": "59.43",
        "201001": "58.55",
        "201002": "59.77",
        "201003": "60.55",
        "201004": "60.00",
        "201005": "57.89",
        "201006": "57.30",
        "201007": "55.54",
        "201008": "56.11",
        "201009": "61.21",
        "201010": "63.77",
        "201011": "65.70",
        "201012": "71.12",
        "201101": "71.93",
        "201102": "74.05",
        "201103": "72.05",
        "201104": "77.39",
        "201105": "81.80",
        "201106": "79.42",
        "201107": "80.59",
        "201108": "75.42",
        "201109": "82.15",
        "201110": "82.59",
        "201111": "83.09",
        "201112": "84.60",
        "201201": "81.55",
        "201202": "84.53",
        "201203": "89.60",
        "201204": "87.91",
        "201205": "84.39",
        "201206": "89.86",
        "201207": "94.96",
        "201208": "96.19",
        "201209": "100.97",
        "201210": "98.12",
        "201211": "97.35",
        "201212": "99.47",
        "201301": "101.73",
        "201302": "101.70",
        "201303": "103.48",
        "201304": "106.41",
        "201305": "111.31",
        "201306": "110.37",
        "201307": "115.52",
        "201308": "114.45",
        "201309": "116.36",
        "201310": "116.19",
        "201311": "123.32",
        "201312": "119.66",
        "201401": "115.01",
        "201402": "114.33",
        "201403": "113.82",
        "201404": "113.20",
        "201405": "114.86",
        "201406": "116.10",
        "201407": "117.39",
        "201408": "119.76",
        "201409": "125.58",
        "201410": "128.30",
        "201411": "138.32",
        "201412": "141.82",
        "201501": "141.38",
        "201502": "148.33",
        "201503": "150.21",
        "201504": "148.24",
        "201505": "144.31",
        "201506": "139.01",
        "201507": "142.90",
        "201508": "142.98",
        "201509": "142.18",
        "201510": "152.98",
        "201511": "159.10",
        "201512": "162.13",
        "201601": "152.76",
        "201602": "148.91",
        "201603": "152.99",
        "201604": "152.62",
        "201605": "146.54",
        "201606": "154.97",
        "201607": "165.15",
        "201608": "166.76",
        "201609": "152.55",
        "201610": "150.09",
        "201611": "149.01",
        "201612": "158.87",
        "201701": "162.66",
        "201702": "172.53",
        "201703": "167.79",
        "201704": "171.05",
        "201705": "174.62",
        "201706": "171.08",
        "201707": "153.28",
        "201708": "156.81",
        "201709": "161.25",
        "201710": "160.61",
        "201711": "170.80",
        "201712": "187.79",
        "201801": "192.13",
        "201802": "187.08",
        "201803": "186.63",
        "201804": "190.28",
        "201805": "196.85",
        "201806": "205.52",
        "201807": "215.07",
        "201808": "225.32",
        "201809": "236.46",
        "201810": "226.81",
        "201811": "230.11",
        "201812": "211.62",
        "201901": "209.72",
        "201902": "213.86",
        "201903": "232.12",
        "201904": "244.61",
        "201905": "244.66",
        "201906": "259.08",
        "201907": "276.27",
        "201908": "277.30",
        "201909": "291.52",
        "201910": "296.10",
        "201911": "301.09",
        "201912": "294.71",
        "202001": "302.82",
        "202002": "310.83",
        "202003": "297.64",
        "202004": "305.13",
        "202005": "304.80",
        "202006": "302.89",
        "202007": "322.36",
        "202008": "340.81",
        "202009": "345.21",
        "202010": "369.75",
        "202011": "379.25",
        "202012": "372.41",
        "202101": "364.06",
        "202102": "351.29",
        "202103": "332.29",
        "202104": "366.94",
        "202105": "381.05",
        "202106": "386.20",
        "202107": "413.08",
        "202108": "447.11",
        "202109": "458.25",
        "202110": "463.74",
        "202111": "522.78",
        "202112": "548.30",
        "202201": "511.29",
        "202202": "514.02",
        "202203": "545.45",
        "202204": "578.98",
        "202205": "478.95",
        "202206": "467.36",
        "202207": "512.03",
        "202208": "542.15",
        "202209": "503.75",
        "202210": "479.92",
        "202211": "513.52",
        "202212": "472.56",
        "202301": "483.12",
        "202302": "504.07",
        "202303": "485.58",
        "202304": "497.97",
        "202305": "495.72"
    },
    "quarters": {
        "20012": {
            "year_quarter": 20012,
            "year": 2001,
            "quarter": 2,
            "eps": 0.38,
            "eps_growth_year": -2.63,
            "eps_4q": 1.35,
            "eps_4q_growth_year": 4.44,
            "roe": 3.97,
            "roe_4q": 3.97,
            "gross_profit": 1030351,
            "gross_margin": 12.4,
            "gross_margin_4q_avg": 12.4,
            "net_income": 176577,
            "revenue": 8306309,
            "common_shares": 2249,
            "book_valuer_per_share": 10.14,
            "book_valuer_per_share_4q_avg": 10.14,
            "equity": 4559951,
            "current_ratio": 96.1,
            "debt_ratio": 52.03,
            "inventory_turnover_ratio": 2.55,
            "account_receivable_turnover_ratio": 34.97,
            "reinvestment_rate": 109.52,
            "research_to_sale_ratio": null,
            "price_fair": 0,
            "eps_avg_yearly": 0,
            "eps_latest_yearly": 0,
            "eps_growth_yearly": 0
        },
        "20013": {
            "year_quarter": 20013,
            "year": 2001,
            "quarter": 3,
            "eps": 0.23,
            "eps_growth_year": -12.38,
            "eps_4q": 1.32,
            "eps_4q_growth_year": -0.18,
            "roe": 2.28,
            "roe_4q": 6.25,
            "gross_profit": 893259,
            "gross_margin": 11.57,
            "gross_margin_4q_avg": 11.99,
            "net_income": 105257,
            "revenue": 7718895,
            "common_shares": 2253,
            "book_valuer_per_share": 10.33,
            "book_valuer_per_share_4q_avg": 10.24,
            "equity": 4655250,
            "current_ratio": 95,
            "debt_ratio": 51.39,
            "inventory_turnover_ratio": 2.53,
            "account_receivable_turnover_ratio": 31.53,
            "reinvestment_rate": 110.56,
            "research_to_sale_ratio": null,
            "price_fair": 0,
            "eps_avg_yearly": 0,
            "eps_latest_yearly": 0,
            "eps_growth_yearly": 0
        },
        "20014": {
            "year_quarter": 20014,
            "year": 2001,
            "quarter": 4,
            "eps": 0.43,
            "eps_growth_year": -1.5,
            "eps_4q": 1.31,
            "eps_4q_growth_year": -3.57,
            "roe": 4,
            "roe_4q": 10.25,
            "gross_profit": 1351653,
            "gross_margin": 12.14,
            "gross_margin_4q_avg": 12.04,
            "net_income": 190734,
            "revenue": 11134555,
            "common_shares": 2259,
            "book_valuer_per_share": 10.81,
            "book_valuer_per_share_4q_avg": 10.43,
            "equity": 4882940,
            "current_ratio": 94.03,
            "debt_ratio": 51.61,
            "inventory_turnover_ratio": 3.61,
            "account_receivable_turnover_ratio": 40.05,
            "reinvestment_rate": 114.82,
            "research_to_sale_ratio": null,
            "price_fair": 0,
            "eps_avg_yearly": 0,
            "eps_latest_yearly": 0,
            "eps_growth_yearly": 0
        },
        "20021": {
            "year_quarter": 20021,
            "year": 2002,
            "quarter": 1,
            "eps": 0.29,
            "eps_growth_year": 2.83,
            "eps_4q": 1.32,
            "eps_4q_growth_year": -3,
            "roe": 2.62,
            "roe_4q": 12.870000000000001,
            "gross_profit": 1032156,
            "gross_margin": 12.19,
            "gross_margin_4q_avg": 12.08,
            "net_income": 129656,
            "revenue": 8466553,
            "common_shares": 2262,
            "book_valuer_per_share": 11.06,
            "book_valuer_per_share_4q_avg": 10.59,
            "equity": 5002762,
            "current_ratio": 93.58,
            "debt_ratio": 54.97,
            "inventory_turnover_ratio": 2.47,
            "account_receivable_turnover_ratio": 24.12,
            "reinvestment_rate": 121.63,
            "research_to_sale_ratio": null,
            "price_fair": 0,
            "eps_avg_yearly": 0,
            "eps_latest_yearly": 0,
            "eps_growth_yearly": 0
        },
        "20022": {
            "year_quarter": 20022,
            "year": 2002,
            "quarter": 2,
            "eps": 0.41,
            "eps_growth_year": 8.6,
            "eps_4q": 1.35,
            "eps_4q_growth_year": 0.15,
            "roe": 3.76,
            "roe_4q": 12.659999999999998,
            "gross_profit": 1170822,
            "gross_margin": 12.48,
            "gross_margin_4q_avg": 12.1,
            "net_income": 192556,
            "revenue": 9382852,
            "common_shares": 2269,
            "book_valuer_per_share": 11.53,
            "book_valuer_per_share_4q_avg": 10.93,
            "equity": 5233997,
            "current_ratio": 94.61,
            "debt_ratio": 51.93,
            "inventory_turnover_ratio": 2.61,
            "account_receivable_turnover_ratio": 26.77,
            "reinvestment_rate": 122.72,
            "research_to_sale_ratio": null,
            "price_fair": 57.4,
            "eps_avg_yearly": 1.64,
            "eps_latest_yearly": 1.64,
            "eps_growth_yearly": 165.52
        },
        "20023": {
            "year_quarter": 20023,
            "year": 2002,
            "quarter": 3,
            "eps": 0.28,
            "eps_growth_year": 24.86,
            "eps_4q": 1.41,
            "eps_4q_growth_year": 6.85,
            "roe": 2.45,
            "roe_4q": 12.83,
            "gross_profit": 1033496,
            "gross_margin": 11.99,
            "gross_margin_4q_avg": 12.2,
            "net_income": 130370,
            "revenue": 8616747,
            "common_shares": 2273,
            "book_valuer_per_share": 11.89,
            "book_valuer_per_share_4q_avg": 11.32,
            "equity": 5408138,
            "current_ratio": 101.32,
            "debt_ratio": 51.49,
            "inventory_turnover_ratio": 2.51,
            "account_receivable_turnover_ratio": 28.12,
            "reinvestment_rate": 125.16,
            "research_to_sale_ratio": null,
            "price_fair": 40.49,
            "eps_avg_yearly": 1.38,
            "eps_latest_yearly": 1.12,
            "eps_growth_yearly": 19.34
        },
        "20024": {
            "year_quarter": 20024,
            "year": 2002,
            "quarter": 4,
            "eps": 0.53,
            "eps_growth_year": 24.5,
            "eps_4q": 1.51,
            "eps_4q_growth_year": 15.35,
            "roe": 4.46,
            "roe_4q": 13.29,
            "gross_profit": 1542904,
            "gross_margin": 12.55,
            "gross_margin_4q_avg": 12.3,
            "net_income": 247401,
            "revenue": 12296347,
            "common_shares": 2277,
            "book_valuer_per_share": 12.51,
            "book_valuer_per_share_4q_avg": 11.75,
            "equity": 5694237,
            "current_ratio": 103.89,
            "debt_ratio": 51,
            "inventory_turnover_ratio": 3.5,
            "account_receivable_turnover_ratio": 32.19,
            "reinvestment_rate": 122.19,
            "research_to_sale_ratio": null,
            "price_fair": 56.93,
            "eps_avg_yearly": 1.63,
            "eps_latest_yearly": 2.12,
            "eps_growth_yearly": 131.94
        },
        "20031": {
            "year_quarter": 20031,
            "year": 2003,
            "quarter": 1,
            "eps": 0.32,
            "eps_growth_year": 9.97,
            "eps_4q": 1.54,
            "eps_4q_growth_year": 16.83,
            "roe": 2.53,
            "roe_4q": 13.200000000000001,
            "gross_profit": 1149688,
            "gross_margin": 12.5,
            "gross_margin_4q_avg": 12.38,
            "net_income": 145729,
            "revenue": 9198585,
            "common_shares": 2279,
            "book_valuer_per_share": 12.8,
            "book_valuer_per_share_4q_avg": 12.18,
            "equity": 5835671,
            "current_ratio": 103.64,
            "debt_ratio": 52.31,
            "inventory_turnover_ratio": 2.37,
            "account_receivable_turnover_ratio": 19.68,
            "reinvestment_rate": 122.09,
            "research_to_sale_ratio": null,
            "price_fair": 53.9,
            "eps_avg_yearly": 1.54,
            "eps_latest_yearly": 1.28,
            "eps_growth_yearly": 59.34
        },
        "20032": {
            "year_quarter": 20032,
            "year": 2003,
            "quarter": 2,
            "eps": 0.39,
            "eps_growth_year": -4.49,
            "eps_4q": 1.52,
            "eps_4q_growth_year": 12.66,
            "roe": 3.06,
            "roe_4q": 12.5,
            "gross_profit": 1273756,
            "gross_margin": 12.59,
            "gross_margin_4q_avg": 12.41,
            "net_income": 182065,
            "revenue": 10114167,
            "common_shares": 2280,
            "book_valuer_per_share": 13.26,
            "book_valuer_per_share_4q_avg": 12.62,
            "equity": 6049142,
            "current_ratio": 106.48,
            "debt_ratio": 50.99,
            "inventory_turnover_ratio": 2.56,
            "account_receivable_turnover_ratio": 22.16,
            "reinvestment_rate": 120.46,
            "research_to_sale_ratio": null,
            "price_fair": 54.04,
            "eps_avg_yearly": 1.54,
            "eps_latest_yearly": 1.56,
            "eps_growth_yearly": 64.97
        },
        "20033": {
            "year_quarter": 20033,
            "year": 2003,
            "quarter": 3,
            "eps": 0.33,
            "eps_growth_year": 18.38,
            "eps_4q": 1.57,
            "eps_4q_growth_year": 11.85,
            "roe": 2.49,
            "roe_4q": 12.54,
            "gross_profit": 1184748,
            "gross_margin": 12.41,
            "gross_margin_4q_avg": 12.51,
            "net_income": 153780,
            "revenue": 9543071,
            "common_shares": 2284,
            "book_valuer_per_share": 13.76,
            "book_valuer_per_share_4q_avg": 13.08,
            "equity": 6285944,
            "current_ratio": 110.25,
            "debt_ratio": 50.11,
            "inventory_turnover_ratio": 2.58,
            "account_receivable_turnover_ratio": 21.81,
            "reinvestment_rate": 116.63,
            "research_to_sale_ratio": null,
            "price_fair": 52.73,
            "eps_avg_yearly": 1.51,
            "eps_latest_yearly": 1.32,
            "eps_growth_yearly": 43.88
        },
        "20034": {
            "year_quarter": 20034,
            "year": 2003,
            "quarter": 4,
            "eps": 0.51,
            "eps_growth_year": -3.6,
            "eps_4q": 1.55,
            "eps_4q_growth_year": 2.85,
            "roe": 3.73,
            "roe_4q": 11.81,
            "gross_profit": 1701977,
            "gross_margin": 12.43,
            "gross_margin_4q_avg": 12.48,
            "net_income": 239426,
            "revenue": 13689729,
            "common_shares": 2287,
            "book_valuer_per_share": 14.33,
            "book_valuer_per_share_4q_avg": 13.54,
            "equity": 6554980,
            "current_ratio": 113.98,
            "debt_ratio": 50.31,
            "inventory_turnover_ratio": 3.64,
            "account_receivable_turnover_ratio": 27.99,
            "reinvestment_rate": 107.63,
            "research_to_sale_ratio": null,
            "price_fair": 55.4,
            "eps_avg_yearly": 1.58,
            "eps_latest_yearly": 2.04,
            "eps_growth_yearly": 68.78
        },
        "20041": {
            "year_quarter": 20041,
            "year": 2004,
            "quarter": 1,
            "eps": 0.34,
            "eps_growth_year": 8.96,
            "eps_4q": 1.58,
            "eps_4q_growth_year": 2.77,
            "roe": 2.4,
            "roe_4q": 11.680000000000001,
            "gross_profit": 1301356,
            "gross_margin": 12.37,
            "gross_margin_4q_avg": 12.45,
            "net_income": 160175,
            "revenue": 10521478,
            "common_shares": 2289,
            "book_valuer_per_share": 14.86,
            "book_valuer_per_share_4q_avg": 14.05,
            "equity": 6804759,
            "current_ratio": 111.23,
            "debt_ratio": 52.5,
            "inventory_turnover_ratio": 2.49,
            "account_receivable_turnover_ratio": 22.91,
            "reinvestment_rate": 105.89,
            "research_to_sale_ratio": null,
            "price_fair": 54.43,
            "eps_avg_yearly": 1.56,
            "eps_latest_yearly": 1.36,
            "eps_growth_yearly": 43.52
        },
        "20042": {
            "year_quarter": 20042,
            "year": 2004,
            "quarter": 2,
            "eps": 0.48,
            "eps_growth_year": 22.71,
            "eps_4q": 1.67,
            "eps_4q_growth_year": 9.87,
            "roe": 3.26,
            "roe_4q": 11.88,
            "gross_profit": 1446997,
            "gross_margin": 12.53,
            "gross_margin_4q_avg": 12.44,
            "net_income": 226792,
            "revenue": 11548974,
            "common_shares": 2294,
            "book_valuer_per_share": 15.5,
            "book_valuer_per_share_4q_avg": 14.61,
            "equity": 7111791,
            "current_ratio": 116.32,
            "debt_ratio": 50.19,
            "inventory_turnover_ratio": 2.62,
            "account_receivable_turnover_ratio": 34.41,
            "reinvestment_rate": 101.02,
            "research_to_sale_ratio": null,
            "price_fair": 55.84,
            "eps_avg_yearly": 1.6,
            "eps_latest_yearly": 1.92,
            "eps_growth_yearly": 56.98
        },
        "20043": {
            "year_quarter": 20043,
            "year": 2004,
            "quarter": 3,
            "eps": 0.41,
            "eps_growth_year": 21.64,
            "eps_4q": 1.74,
            "eps_4q_growth_year": 10.84,
            "roe": 2.77,
            "roe_4q": 12.16,
            "gross_profit": 1356927,
            "gross_margin": 12.45,
            "gross_margin_4q_avg": 12.45,
            "net_income": 198658,
            "revenue": 10897239,
            "common_shares": 2297,
            "book_valuer_per_share": 15.7,
            "book_valuer_per_share_4q_avg": 15.1,
            "equity": 7212106,
            "current_ratio": 118.5,
            "debt_ratio": 50.65,
            "inventory_turnover_ratio": 2.63,
            "account_receivable_turnover_ratio": 38.65,
            "reinvestment_rate": 82.4,
            "research_to_sale_ratio": null,
            "price_fair": 56,
            "eps_avg_yearly": 1.6,
            "eps_latest_yearly": 1.64,
            "eps_growth_yearly": 45.45
        },
        "20044": {
            "year_quarter": 20044,
            "year": 2004,
            "quarter": 4,
            "eps": 0.62,
            "eps_growth_year": 21.79,
            "eps_4q": 1.85,
            "eps_4q_growth_year": 19.38,
            "roe": 4,
            "roe_4q": 12.43,
            "gross_profit": 1909696,
            "gross_margin": 12.61,
            "gross_margin_4q_avg": 12.49,
            "net_income": 296768,
            "revenue": 15139301,
            "common_shares": 2313,
            "book_valuer_per_share": 16.48,
            "book_valuer_per_share_4q_avg": 15.64,
            "equity": 7624810,
            "current_ratio": 117.8,
            "debt_ratio": 49.48,
            "inventory_turnover_ratio": 3.65,
            "account_receivable_turnover_ratio": 51.3,
            "reinvestment_rate": 72.6,
            "research_to_sale_ratio": null,
            "price_fair": 58.8,
            "eps_avg_yearly": 1.68,
            "eps_latest_yearly": 2.48,
            "eps_growth_yearly": 59.95
        },
        "20051": {
            "year_quarter": 20051,
            "year": 2005,
            "quarter": 1,
            "eps": 0.4,
            "eps_growth_year": -21.07,
            "eps_4q": 1.63,
            "eps_4q_growth_year": 5.27,
            "roe": 2.5,
            "roe_4q": 12.53,
            "gross_profit": 1445516,
            "gross_margin": 12.49,
            "gross_margin_4q_avg": 12.52,
            "net_income": 193153,
            "revenue": 11578003,
            "common_shares": 2359,
            "book_valuer_per_share": 17.4,
            "book_valuer_per_share_4q_avg": 16.27,
            "equity": 8210002,
            "current_ratio": 119.2,
            "debt_ratio": 49.97,
            "inventory_turnover_ratio": 2.5,
            "account_receivable_turnover_ratio": 36.81,
            "reinvestment_rate": 83.67,
            "research_to_sale_ratio": null,
            "price_fair": 58.57,
            "eps_avg_yearly": 1.67,
            "eps_latest_yearly": 1.6,
            "eps_growth_yearly": 43.12
        },
        "20052": {
            "year_quarter": 20052,
            "year": 2005,
            "quarter": 2,
            "eps": 0.63,
            "eps_growth_year": 82.56,
            "eps_4q": 1.92,
            "eps_4q_growth_year": 21.36,
            "roe": 3.63,
            "roe_4q": 12.899999999999999,
            "gross_profit": 1602013,
            "gross_margin": 12.66,
            "gross_margin_4q_avg": 12.55,
            "net_income": 305452,
            "revenue": 12658077,
            "common_shares": 2387,
            "book_valuer_per_share": 18.05,
            "book_valuer_per_share_4q_avg": 16.91,
            "equity": 8614816,
            "current_ratio": 123.45,
            "debt_ratio": 47.63,
            "inventory_turnover_ratio": 2.6,
            "account_receivable_turnover_ratio": 35.01,
            "reinvestment_rate": 71.9,
            "research_to_sale_ratio": null,
            "price_fair": 60.85,
            "eps_avg_yearly": 1.74,
            "eps_latest_yearly": 2.52,
            "eps_growth_yearly": 57.5
        },
        "20053": {
            "year_quarter": 20053,
            "year": 2005,
            "quarter": 3,
            "eps": 0.43,
            "eps_growth_year": -10.1,
            "eps_4q": 1.87,
            "eps_4q_growth_year": 11.99,
            "roe": 2.4,
            "roe_4q": 12.53,
            "gross_profit": 1493239,
            "gross_margin": 12.45,
            "gross_margin_4q_avg": 12.55,
            "net_income": 209788,
            "revenue": 11996900,
            "common_shares": 2397,
            "book_valuer_per_share": 18.49,
            "book_valuer_per_share_4q_avg": 17.61,
            "equity": 8862878,
            "current_ratio": 124.71,
            "debt_ratio": 47.19,
            "inventory_turnover_ratio": 2.61,
            "account_receivable_turnover_ratio": 37.09,
            "reinvestment_rate": 70.24,
            "research_to_sale_ratio": null,
            "price_fair": 60.8,
            "eps_avg_yearly": 1.74,
            "eps_latest_yearly": 1.72,
            "eps_growth_yearly": 44.32
        },
        "20054": {
            "year_quarter": 20054,
            "year": 2005,
            "quarter": 4,
            "eps": 0.74,
            "eps_growth_year": 82.04,
            "eps_4q": 2.2,
            "eps_4q_growth_year": 26.48,
            "roe": 4,
            "roe_4q": 12.530000000000001,
            "gross_profit": 2055187,
            "gross_margin": 12.3,
            "gross_margin_4q_avg": 12.48,
            "net_income": 354699,
            "revenue": 16709936,
            "common_shares": 2362,
            "book_valuer_per_share": 18.8,
            "book_valuer_per_share_4q_avg": 18.19,
            "equity": 8881109,
            "current_ratio": 121.85,
            "debt_ratio": 46.71,
            "inventory_turnover_ratio": 3.64,
            "account_receivable_turnover_ratio": 40.42,
            "reinvestment_rate": 60.23,
            "research_to_sale_ratio": null,
            "price_fair": 63.65,
            "eps_avg_yearly": 1.82,
            "eps_latest_yearly": 2.96,
            "eps_growth_yearly": 60.59
        },
        "20061": {
            "year_quarter": 20061,
            "year": 2006,
            "quarter": 1,
            "eps": 0.45,
            "eps_growth_year": 11.01,
            "eps_4q": 2.25,
            "eps_4q_growth_year": 37.53,
            "roe": 2.4,
            "roe_4q": 12.43,
            "gross_profit": 1603175,
            "gross_margin": 12.4,
            "gross_margin_4q_avg": 12.45,
            "net_income": 215818,
            "revenue": 12933346,
            "common_shares": 2379,
            "book_valuer_per_share": 19.06,
            "book_valuer_per_share_4q_avg": 18.6,
            "equity": 9067032,
            "current_ratio": 118.61,
            "debt_ratio": 47.84,
            "inventory_turnover_ratio": 2.56,
            "account_receivable_turnover_ratio": 27.68,
            "reinvestment_rate": 56.95,
            "research_to_sale_ratio": null,
            "price_fair": 63.61,
            "eps_avg_yearly": 1.82,
            "eps_latest_yearly": 1.8,
            "eps_growth_yearly": 47.01
        },
        "20062": {
            "year_quarter": 20062,
            "year": 2006,
            "quarter": 2,
            "eps": 0.62,
            "eps_growth_year": -1.73,
            "eps_4q": 2.24,
            "eps_4q_growth_year": 16.59,
            "roe": 3.27,
            "roe_4q": 12.07,
            "gross_profit": 1755162,
            "gross_margin": 12.48,
            "gross_margin_4q_avg": 12.41,
            "net_income": 296203,
            "revenue": 14059012,
            "common_shares": 2348,
            "book_valuer_per_share": 19.3,
            "book_valuer_per_share_4q_avg": 18.91,
            "equity": 9066017,
            "current_ratio": 116.58,
            "debt_ratio": 47.22,
            "inventory_turnover_ratio": 2.7,
            "account_receivable_turnover_ratio": 34.34,
            "reinvestment_rate": 55.23,
            "research_to_sale_ratio": null,
            "price_fair": 65.45,
            "eps_avg_yearly": 1.87,
            "eps_latest_yearly": 2.48,
            "eps_growth_yearly": 46.11
        },
        "20063": {
            "year_quarter": 20063,
            "year": 2006,
            "quarter": 3,
            "eps": 0.48,
            "eps_growth_year": 11.9,
            "eps_4q": 2.29,
            "eps_4q_growth_year": 22.37,
            "roe": 2.57,
            "roe_4q": 12.24,
            "gross_profit": 1648596,
            "gross_margin": 12.41,
            "gross_margin_4q_avg": 12.4,
            "net_income": 235595,
            "revenue": 13283648,
            "common_shares": 2349,
            "book_valuer_per_share": 19.66,
            "book_valuer_per_share_4q_avg": 19.21,
            "equity": 9238621,
            "current_ratio": 111.41,
            "debt_ratio": 46.55,
            "inventory_turnover_ratio": 2.68,
            "account_receivable_turnover_ratio": 34.61,
            "reinvestment_rate": 55.36,
            "research_to_sale_ratio": null,
            "price_fair": 67.2,
            "eps_avg_yearly": 1.92,
            "eps_latest_yearly": 1.92,
            "eps_growth_yearly": 48.39
        },
        "20064": {
            "year_quarter": 20064,
            "year": 2006,
            "quarter": 4,
            "eps": 0.75,
            "eps_growth_year": 1.64,
            "eps_4q": 2.3,
            "eps_4q_growth_year": -28.62,
            "roe": 3.87,
            "roe_4q": 12.11,
            "gross_profit": 2398797,
            "gross_margin": 12.07,
            "gross_margin_4q_avg": 12.34,
            "net_income": 355599,
            "revenue": 19875221,
            "common_shares": 2312,
            "book_valuer_per_share": 19.78,
            "book_valuer_per_share_4q_avg": 19.45,
            "equity": 9143439,
            "current_ratio": 105.28,
            "debt_ratio": 47.74,
            "inventory_turnover_ratio": 3.89,
            "account_receivable_turnover_ratio": 43.23,
            "reinvestment_rate": 43.44,
            "research_to_sale_ratio": null,
            "price_fair": 69.13,
            "eps_avg_yearly": 1.98,
            "eps_latest_yearly": 3,
            "eps_growth_yearly": 40.13
        },
        "20071": {
            "year_quarter": 20071,
            "year": 2007,
            "quarter": 1,
            "eps": 0.51,
            "eps_growth_year": -30.63,
            "eps_4q": 2.06,
            "eps_4q_growth_year": -6.43,
            "roe": 2.6,
            "roe_4q": 12.31,
            "gross_profit": 1762666,
            "gross_margin": 12.46,
            "gross_margin_4q_avg": 12.36,
            "net_income": 236886,
            "revenue": 14151624,
            "common_shares": 2278,
            "book_valuer_per_share": 19.7,
            "book_valuer_per_share_4q_avg": 19.61,
            "equity": 8971986,
            "current_ratio": 99.08,
            "debt_ratio": 51.28,
            "inventory_turnover_ratio": 2.53,
            "account_receivable_turnover_ratio": 29.45,
            "reinvestment_rate": 64.09,
            "research_to_sale_ratio": null,
            "price_fair": 70.79,
            "eps_avg_yearly": 2.02,
            "eps_latest_yearly": 2.04,
            "eps_growth_yearly": 42.03
        },
        "20072": {
            "year_quarter": 20072,
            "year": 2007,
            "quarter": 2,
            "eps": 0.55,
            "eps_growth_year": 21.93,
            "eps_4q": 2.16,
            "eps_4q_growth_year": -3.9,
            "roe": 2.81,
            "roe_4q": 11.850000000000001,
            "gross_profit": 1860264,
            "gross_margin": 12.31,
            "gross_margin_4q_avg": 12.31,
            "net_income": 249478,
            "revenue": 15112016,
            "common_shares": 2247,
            "book_valuer_per_share": 19.56,
            "book_valuer_per_share_4q_avg": 19.68,
            "equity": 8788400,
            "current_ratio": 95.51,
            "debt_ratio": 50.97,
            "inventory_turnover_ratio": 2.57,
            "account_receivable_turnover_ratio": 21.6,
            "reinvestment_rate": 61.23,
            "research_to_sale_ratio": null,
            "price_fair": 72.19,
            "eps_avg_yearly": 2.06,
            "eps_latest_yearly": 2.2,
            "eps_growth_yearly": 38.53
        },
        "20073": {
            "year_quarter": 20073,
            "year": 2007,
            "quarter": 3,
            "eps": 0.49,
            "eps_growth_year": -20.09,
            "eps_4q": 2.04,
            "eps_4q_growth_year": -8.98,
            "roe": 2.59,
            "roe_4q": 11.870000000000001,
            "gross_profit": 1781668,
            "gross_margin": 12.15,
            "gross_margin_4q_avg": 12.25,
            "net_income": 223986,
            "revenue": 14659255,
            "common_shares": 2201,
            "book_valuer_per_share": 19.27,
            "book_valuer_per_share_4q_avg": 19.58,
            "equity": 8481264,
            "current_ratio": 112.85,
            "debt_ratio": 56.59,
            "inventory_turnover_ratio": 2.61,
            "account_receivable_turnover_ratio": 20.74,
            "reinvestment_rate": 62.22,
            "research_to_sale_ratio": null,
            "price_fair": 73.59,
            "eps_avg_yearly": 2.1,
            "eps_latest_yearly": 1.96,
            "eps_growth_yearly": 39.64
        },
        "20074": {
            "year_quarter": 20074,
            "year": 2007,
            "quarter": 4,
            "eps": 0.84,
            "eps_growth_year": 73.18,
            "eps_4q": 2.39,
            "eps_4q_growth_year": 4.43,
            "roe": 4.35,
            "roe_4q": 12.35,
            "gross_profit": 2545855,
            "gross_margin": 12.43,
            "gross_margin_4q_avg": 12.34,
            "net_income": 372422,
            "revenue": 20477260,
            "common_shares": 2185,
            "book_valuer_per_share": 19.73,
            "book_valuer_per_share_4q_avg": 19.57,
            "equity": 8623341,
            "current_ratio": 108.65,
            "debt_ratio": 56.02,
            "inventory_turnover_ratio": 3.65,
            "account_receivable_turnover_ratio": 29.6,
            "reinvestment_rate": 67.59,
            "research_to_sale_ratio": null,
            "price_fair": 76.48,
            "eps_avg_yearly": 2.19,
            "eps_latest_yearly": 3.36,
            "eps_growth_yearly": 43.87
        },
        "20081": {
            "year_quarter": 20081,
            "year": 2008,
            "quarter": 1,
            "eps": 0.59,
            "eps_growth_year": 14.7,
            "eps_4q": 2.46,
            "eps_4q_growth_year": 19.56,
            "roe": 3.01,
            "roe_4q": 12.76,
            "gross_profit": 1986019,
            "gross_margin": 12.56,
            "gross_margin_4q_avg": 12.36,
            "net_income": 261981,
            "revenue": 15809530,
            "common_shares": 2175,
            "book_valuer_per_share": 20.15,
            "book_valuer_per_share_4q_avg": 19.68,
            "equity": 8762411,
            "current_ratio": 106.27,
            "debt_ratio": 58.28,
            "inventory_turnover_ratio": 2.6,
            "account_receivable_turnover_ratio": 20.73,
            "reinvestment_rate": 74.35,
            "research_to_sale_ratio": null,
            "price_fair": 78.66,
            "eps_avg_yearly": 2.25,
            "eps_latest_yearly": 2.36,
            "eps_growth_yearly": 44.76
        },
        "20082": {
            "year_quarter": 20082,
            "year": 2008,
            "quarter": 2,
            "eps": 0.73,
            "eps_growth_year": 34.29,
            "eps_4q": 2.65,
            "eps_4q_growth_year": 22.79,
            "roe": 3.7,
            "roe_4q": 13.649999999999999,
            "gross_profit": 2126697,
            "gross_margin": 12.54,
            "gross_margin_4q_avg": 12.42,
            "net_income": 327850,
            "revenue": 16959886,
            "common_shares": 2171,
            "book_valuer_per_share": 20.6,
            "book_valuer_per_share_4q_avg": 19.94,
            "equity": 8946391,
            "current_ratio": 105.46,
            "debt_ratio": 56.72,
            "inventory_turnover_ratio": 2.69,
            "account_receivable_turnover_ratio": 21.49,
            "reinvestment_rate": 70.99,
            "research_to_sale_ratio": null,
            "price_fair": 80.85,
            "eps_avg_yearly": 2.31,
            "eps_latest_yearly": 2.92,
            "eps_growth_yearly": 40.4
        },
        "20083": {
            "year_quarter": 20083,
            "year": 2008,
            "quarter": 3,
            "eps": 0.68,
            "eps_growth_year": 37.86,
            "eps_4q": 2.84,
            "eps_4q_growth_year": 39.45,
            "roe": 3.27,
            "roe_4q": 14.33,
            "gross_profit": 2065695,
            "gross_margin": 12.43,
            "gross_margin_4q_avg": 12.49,
            "net_income": 295066,
            "revenue": 16613717,
            "common_shares": 2175,
            "book_valuer_per_share": 20.95,
            "book_valuer_per_share_4q_avg": 20.36,
            "equity": 9115573,
            "current_ratio": 105.8,
            "debt_ratio": 57.01,
            "inventory_turnover_ratio": 2.76,
            "account_receivable_turnover_ratio": 22.18,
            "reinvestment_rate": 72.46,
            "research_to_sale_ratio": null,
            "price_fair": 83.21,
            "eps_avg_yearly": 2.38,
            "eps_latest_yearly": 2.72,
            "eps_growth_yearly": 42.33
        },
        "20084": {
            "year_quarter": 20084,
            "year": 2008,
            "quarter": 4,
            "eps": 0.89,
            "eps_growth_year": 6.1,
            "eps_4q": 2.89,
            "eps_4q_growth_year": 20.95,
            "roe": 4.35,
            "roe_4q": 14.33,
            "gross_profit": 2801859,
            "gross_margin": 12.13,
            "gross_margin_4q_avg": 12.42,
            "net_income": 397828,
            "revenue": 23099887,
            "common_shares": 2163,
            "book_valuer_per_share": 21.25,
            "book_valuer_per_share_4q_avg": 20.74,
            "equity": 9192061,
            "current_ratio": 106.62,
            "debt_ratio": 55.56,
            "inventory_turnover_ratio": 3.92,
            "account_receivable_turnover_ratio": 32.3,
            "reinvestment_rate": 73.29,
            "research_to_sale_ratio": null,
            "price_fair": 85.58,
            "eps_avg_yearly": 2.45,
            "eps_latest_yearly": 3.56,
            "eps_growth_yearly": 37.25
        },
        "20091": {
            "year_quarter": 20091,
            "year": 2009,
            "quarter": 1,
            "eps": 0.61,
            "eps_growth_year": 3.17,
            "eps_4q": 2.91,
            "eps_4q_growth_year": 18,
            "roe": 2.95,
            "roe_4q": 14.27,
            "gross_profit": 2119000,
            "gross_margin": 12.92,
            "gross_margin_4q_avg": 12.51,
            "net_income": 266000,
            "revenue": 16395000,
            "common_shares": 2000,
            "book_valuer_per_share": 20.43,
            "book_valuer_per_share_4q_avg": 20.81,
            "equity": 8851000,
            "current_ratio": 105.89,
            "debt_ratio": 57.85,
            "inventory_turnover_ratio": 2.6,
            "account_receivable_turnover_ratio": 21.53,
            "reinvestment_rate": 61.58,
            "research_to_sale_ratio": null,
            "price_fair": 87.41,
            "eps_avg_yearly": 2.5,
            "eps_latest_yearly": 2.44,
            "eps_growth_yearly": 38.25
        },
        "20092": {
            "year_quarter": 20092,
            "year": 2009,
            "quarter": 2,
            "eps": 0.54,
            "eps_growth_year": -25.68,
            "eps_4q": 2.72,
            "eps_4q_growth_year": 2.57,
            "roe": 2.7,
            "roe_4q": 13.27,
            "gross_profit": 2072000,
            "gross_margin": 12.3,
            "gross_margin_4q_avg": 12.45,
            "net_income": 243000,
            "revenue": 16843000,
            "common_shares": 2000,
            "book_valuer_per_share": 21.01,
            "book_valuer_per_share_4q_avg": 20.91,
            "equity": 9121000,
            "current_ratio": 107.7,
            "debt_ratio": 56.02,
            "inventory_turnover_ratio": 2.7,
            "account_receivable_turnover_ratio": 20.35,
            "reinvestment_rate": 63.08,
            "research_to_sale_ratio": null,
            "price_fair": 76.74,
            "eps_avg_yearly": 2.48,
            "eps_latest_yearly": 2.16,
            "eps_growth_yearly": 21.01
        },
        "20093": {
            "year_quarter": 20093,
            "year": 2009,
            "quarter": 3,
            "eps": 0.49,
            "eps_growth_year": -28.38,
            "eps_4q": 2.53,
            "eps_4q_growth_year": -10.98,
            "roe": 2.28,
            "roe_4q": 12.280000000000001,
            "gross_profit": 2030000,
            "gross_margin": 12.84,
            "gross_margin_4q_avg": 12.55,
            "net_income": 212000,
            "revenue": 15806000,
            "common_shares": 2000,
            "book_valuer_per_share": 21.78,
            "book_valuer_per_share_4q_avg": 21.12,
            "equity": 9473000,
            "current_ratio": 108.94,
            "debt_ratio": 55.53,
            "inventory_turnover_ratio": 2.68,
            "account_receivable_turnover_ratio": 19.43,
            "reinvestment_rate": 65.08,
            "research_to_sale_ratio": null,
            "price_fair": 87.15,
            "eps_avg_yearly": 2.49,
            "eps_latest_yearly": 1.96,
            "eps_growth_yearly": 26.63
        },
        "20094": {
            "year_quarter": 20094,
            "year": 2009,
            "quarter": 4,
            "eps": 0.85,
            "eps_growth_year": -4.05,
            "eps_4q": 2.49,
            "eps_4q_growth_year": -13.8,
            "roe": 3.88,
            "roe_4q": 11.809999999999999,
            "gross_profit": 2866000,
            "gross_margin": 12.81,
            "gross_margin_4q_avg": 12.72,
            "net_income": 378000,
            "revenue": 22378000,
            "common_shares": 2000,
            "book_valuer_per_share": 22.99,
            "book_valuer_per_share_4q_avg": 21.55,
            "equity": 10024000,
            "current_ratio": 111.38,
            "debt_ratio": 54.39,
            "inventory_turnover_ratio": 3.65,
            "account_receivable_turnover_ratio": 28.31,
            "reinvestment_rate": 67.9,
            "research_to_sale_ratio": null,
            "price_fair": 88.11,
            "eps_avg_yearly": 2.52,
            "eps_latest_yearly": 3.4,
            "eps_growth_yearly": 26.97
        },
        "20101": {
            "year_quarter": 20101,
            "year": 2010,
            "quarter": 1,
            "eps": 0.6,
            "eps_growth_year": -1.04,
            "eps_4q": 2.48,
            "eps_4q_growth_year": -14.57,
            "roe": 2.65,
            "roe_4q": 11.509999999999998,
            "gross_profit": 2218000,
            "gross_margin": 12.82,
            "gross_margin_4q_avg": 12.69,
            "net_income": 270000,
            "revenue": 17299000,
            "common_shares": 2000,
            "book_valuer_per_share": 23.55,
            "book_valuer_per_share_4q_avg": 22.33,
            "equity": 10345000,
            "current_ratio": 113.05,
            "debt_ratio": 55.94,
            "inventory_turnover_ratio": 2.59,
            "account_receivable_turnover_ratio": 20.56,
            "reinvestment_rate": 71.11,
            "research_to_sale_ratio": null,
            "price_fair": 89.43,
            "eps_avg_yearly": 2.56,
            "eps_latest_yearly": 2.4,
            "eps_growth_yearly": 29.42
        },
        "20102": {
            "year_quarter": 20102,
            "year": 2010,
            "quarter": 2,
            "eps": 0.67,
            "eps_growth_year": 22.76,
            "eps_4q": 2.61,
            "eps_4q_growth_year": -4.09,
            "roe": 2.91,
            "roe_4q": 11.72,
            "gross_profit": 2346000,
            "gross_margin": 12.52,
            "gross_margin_4q_avg": 12.75,
            "net_income": 305000,
            "revenue": 18742000,
            "common_shares": 2000,
            "book_valuer_per_share": 24.19,
            "book_valuer_per_share_4q_avg": 23.13,
            "equity": 10651000,
            "current_ratio": 116.58,
            "debt_ratio": 54.42,
            "inventory_turnover_ratio": 2.83,
            "account_receivable_turnover_ratio": 20.82,
            "reinvestment_rate": 66.14,
            "research_to_sale_ratio": null,
            "price_fair": 84.45,
            "eps_avg_yearly": 2.57,
            "eps_latest_yearly": 2.68,
            "eps_growth_yearly": 22.89
        },
        "20103": {
            "year_quarter": 20103,
            "year": 2010,
            "quarter": 3,
            "eps": 0.69,
            "eps_growth_year": 40.97,
            "eps_4q": 2.81,
            "eps_4q_growth_year": 11.13,
            "roe": 2.89,
            "roe_4q": 12.330000000000002,
            "gross_profit": 2286000,
            "gross_margin": 12.86,
            "gross_margin_4q_avg": 12.75,
            "net_income": 311000,
            "revenue": 17780000,
            "common_shares": 2000,
            "book_valuer_per_share": 24.68,
            "book_valuer_per_share_4q_avg": 23.85,
            "equity": 10874000,
            "current_ratio": 118.33,
            "debt_ratio": 54.5,
            "inventory_turnover_ratio": 2.84,
            "account_receivable_turnover_ratio": 20.1,
            "reinvestment_rate": 60.34,
            "research_to_sale_ratio": null,
            "price_fair": 91.7,
            "eps_avg_yearly": 2.62,
            "eps_latest_yearly": 2.76,
            "eps_growth_yearly": 29.28
        },
        "20104": {
            "year_quarter": 20104,
            "year": 2010,
            "quarter": 4,
            "eps": 0.98,
            "eps_growth_year": 14.9,
            "eps_4q": 2.94,
            "eps_4q_growth_year": 17.84,
            "roe": 4.03,
            "roe_4q": 12.48,
            "gross_profit": 3101000,
            "gross_margin": 12.85,
            "gross_margin_4q_avg": 12.76,
            "net_income": 437000,
            "revenue": 24125000,
            "common_shares": 2000,
            "book_valuer_per_share": 24.98,
            "book_valuer_per_share_4q_avg": 24.35,
            "equity": 10829000,
            "current_ratio": 116.35,
            "debt_ratio": 54.53,
            "inventory_turnover_ratio": 3.76,
            "account_receivable_turnover_ratio": 28.35,
            "reinvestment_rate": 51.49,
            "research_to_sale_ratio": null,
            "price_fair": 93.71,
            "eps_avg_yearly": 2.68,
            "eps_latest_yearly": 3.92,
            "eps_growth_yearly": 25.73
        },
        "20111": {
            "year_quarter": 20111,
            "year": 2011,
            "quarter": 1,
            "eps": 0.71,
            "eps_growth_year": 18.65,
            "eps_4q": 3.05,
            "eps_4q_growth_year": 22.64,
            "roe": 3.01,
            "roe_4q": 12.84,
            "gross_profit": 2482000,
            "gross_margin": 12.9,
            "gross_margin_4q_avg": 12.78,
            "net_income": 332000,
            "revenue": 19239000,
            "common_shares": 2000,
            "book_valuer_per_share": 25.67,
            "book_valuer_per_share_4q_avg": 24.88,
            "equity": 11199000,
            "current_ratio": 117.88,
            "debt_ratio": 57,
            "inventory_turnover_ratio": 2.68,
            "account_receivable_turnover_ratio": 20.59,
            "reinvestment_rate": 62.85,
            "research_to_sale_ratio": null,
            "price_fair": 95.46,
            "eps_avg_yearly": 2.73,
            "eps_latest_yearly": 2.84,
            "eps_growth_yearly": 26.84
        },
        "20112": {
            "year_quarter": 20112,
            "year": 2011,
            "quarter": 2,
            "eps": 0.79,
            "eps_growth_year": 17.8,
            "eps_4q": 3.17,
            "eps_4q_growth_year": 21.38,
            "roe": 3.24,
            "roe_4q": 13.170000000000002,
            "gross_profit": 2640000,
            "gross_margin": 12.65,
            "gross_margin_4q_avg": 12.82,
            "net_income": 369000,
            "revenue": 20875000,
            "common_shares": 2000,
            "book_valuer_per_share": 26.5,
            "book_valuer_per_share_4q_avg": 25.46,
            "equity": 11583000,
            "current_ratio": 122.26,
            "debt_ratio": 54.96,
            "inventory_turnover_ratio": 2.81,
            "account_receivable_turnover_ratio": 19.87,
            "reinvestment_rate": 59.17,
            "research_to_sale_ratio": null,
            "price_fair": 97.56,
            "eps_avg_yearly": 2.79,
            "eps_latest_yearly": 3.16,
            "eps_growth_yearly": 27.69
        },
        "20113": {
            "year_quarter": 20113,
            "year": 2011,
            "quarter": 3,
            "eps": 0.73,
            "eps_growth_year": 6.89,
            "eps_4q": 3.21,
            "eps_4q_growth_year": 14.43,
            "roe": 2.9,
            "roe_4q": 13.18,
            "gross_profit": 2556000,
            "gross_margin": 12.39,
            "gross_margin_4q_avg": 12.7,
            "net_income": 341000,
            "revenue": 20623000,
            "common_shares": 2000,
            "book_valuer_per_share": 27.33,
            "book_valuer_per_share_4q_avg": 26.12,
            "equity": 11963000,
            "current_ratio": 112.61,
            "debt_ratio": 55.65,
            "inventory_turnover_ratio": 2.89,
            "account_receivable_turnover_ratio": 19.98,
            "reinvestment_rate": 53.36,
            "research_to_sale_ratio": null,
            "price_fair": 99.66,
            "eps_avg_yearly": 2.85,
            "eps_latest_yearly": 2.92,
            "eps_growth_yearly": 28.52
        },
        "20114": {
            "year_quarter": 20114,
            "year": 2011,
            "quarter": 4,
            "eps": 1.08,
            "eps_growth_year": 10.4,
            "eps_4q": 3.32,
            "eps_4q_growth_year": 12.95,
            "roe": 4.17,
            "roe_4q": 13.32,
            "gross_profit": 3498000,
            "gross_margin": 12.41,
            "gross_margin_4q_avg": 12.59,
            "net_income": 500000,
            "revenue": 28178000,
            "common_shares": 2000,
            "book_valuer_per_share": 27.64,
            "book_valuer_per_share_4q_avg": 26.79,
            "equity": 12002000,
            "current_ratio": 113.74,
            "debt_ratio": 55.15,
            "inventory_turnover_ratio": 3.79,
            "account_receivable_turnover_ratio": 29.46,
            "reinvestment_rate": 46.88,
            "research_to_sale_ratio": null,
            "price_fair": 94.94,
            "eps_avg_yearly": 2.91,
            "eps_latest_yearly": 4.32,
            "eps_growth_yearly": 22.65
        },
        "20121": {
            "year_quarter": 20121,
            "year": 2012,
            "quarter": 1,
            "eps": 0.73,
            "eps_growth_year": 2.08,
            "eps_4q": 3.33,
            "eps_4q_growth_year": 9.28,
            "roe": 2.74,
            "roe_4q": 13.05,
            "gross_profit": 2697000,
            "gross_margin": 12.47,
            "gross_margin_4q_avg": 12.48,
            "net_income": 328000,
            "revenue": 21628000,
            "common_shares": 2000,
            "book_valuer_per_share": 27.36,
            "book_valuer_per_share_4q_avg": 27.21,
            "equity": 11909000,
            "current_ratio": 112.64,
            "debt_ratio": 57.47,
            "inventory_turnover_ratio": 2.66,
            "account_receivable_turnover_ratio": 22.22,
            "reinvestment_rate": 42.94,
            "research_to_sale_ratio": null,
            "price_fair": 94.13,
            "eps_avg_yearly": 2.94,
            "eps_latest_yearly": 2.92,
            "eps_growth_yearly": 21.99
        },
        "20122": {
            "year_quarter": 20122,
            "year": 2012,
            "quarter": 2,
            "eps": 0.9,
            "eps_growth_year": 13.76,
            "eps_4q": 3.44,
            "eps_4q_growth_year": 8.6,
            "roe": 3.41,
            "roe_4q": 13.22,
            "gross_profit": 2828000,
            "gross_margin": 12.31,
            "gross_margin_4q_avg": 12.4,
            "net_income": 412000,
            "revenue": 22967000,
            "common_shares": 2000,
            "book_valuer_per_share": 28.19,
            "book_valuer_per_share_4q_avg": 27.63,
            "equity": 12232000,
            "current_ratio": 115.72,
            "debt_ratio": 55.54,
            "inventory_turnover_ratio": 2.77,
            "account_receivable_turnover_ratio": 22.15,
            "reinvestment_rate": 41,
            "research_to_sale_ratio": null,
            "price_fair": 95.16,
            "eps_avg_yearly": 2.99,
            "eps_latest_yearly": 3.6,
            "eps_growth_yearly": 21.88
        },
        "20123": {
            "year_quarter": 20123,
            "year": 2012,
            "quarter": 3,
            "eps": 0.88,
            "eps_growth_year": 19.73,
            "eps_4q": 3.58,
            "eps_4q_growth_year": 11.51,
            "roe": 3.26,
            "roe_4q": 13.58,
            "gross_profit": 2781000,
            "gross_margin": 12.46,
            "gross_margin_4q_avg": 12.41,
            "net_income": 405000,
            "revenue": 22324000,
            "common_shares": 2000,
            "book_valuer_per_share": 29.05,
            "book_valuer_per_share_4q_avg": 28.06,
            "equity": 12585000,
            "current_ratio": 117.99,
            "debt_ratio": 54.79,
            "inventory_turnover_ratio": 2.8,
            "account_receivable_turnover_ratio": 21.16,
            "reinvestment_rate": 39.56,
            "research_to_sale_ratio": null,
            "price_fair": 100.27,
            "eps_avg_yearly": 3.04,
            "eps_latest_yearly": 3.52,
            "eps_growth_yearly": 23.04
        },
        "20124": {
            "year_quarter": 20124,
            "year": 2012,
            "quarter": 4,
            "eps": 1.3,
            "eps_growth_year": 20.75,
            "eps_4q": 3.81,
            "eps_4q_growth_year": 14.85,
            "roe": 4.68,
            "roe_4q": 14.09,
            "gross_profit": 4008000,
            "gross_margin": 12.44,
            "gross_margin_4q_avg": 12.42,
            "net_income": 584000,
            "revenue": 32218000,
            "common_shares": 2000,
            "book_valuer_per_share": 28.59,
            "book_valuer_per_share_4q_avg": 28.3,
            "equity": 12361000,
            "current_ratio": 110.33,
            "debt_ratio": 54.45,
            "inventory_turnover_ratio": 3.99,
            "account_receivable_turnover_ratio": 31.52,
            "reinvestment_rate": 47.22,
            "research_to_sale_ratio": null,
            "price_fair": 109.81,
            "eps_avg_yearly": 3.14,
            "eps_latest_yearly": 5.2,
            "eps_growth_yearly": 27.25
        },
        "20131": {
            "year_quarter": 20131,
            "year": 2013,
            "quarter": 1,
            "eps": 0.95,
            "eps_growth_year": 30.33,
            "eps_4q": 4.03,
            "eps_4q_growth_year": 20.96,
            "roe": 3.36,
            "roe_4q": 14.709999999999999,
            "gross_profit": 2989000,
            "gross_margin": 12.6,
            "gross_margin_4q_avg": 12.45,
            "net_income": 421000,
            "revenue": 23715000,
            "common_shares": 2000,
            "book_valuer_per_share": 29.13,
            "book_valuer_per_share_4q_avg": 28.74,
            "equity": 12665000,
            "current_ratio": 108.98,
            "debt_ratio": 56.81,
            "inventory_turnover_ratio": 2.72,
            "account_receivable_turnover_ratio": 21.55,
            "reinvestment_rate": 48.11,
            "research_to_sale_ratio": null,
            "price_fair": 112.79,
            "eps_avg_yearly": 3.22,
            "eps_latest_yearly": 3.8,
            "eps_growth_yearly": 28.38
        },
        "20132": {
            "year_quarter": 20132,
            "year": 2013,
            "quarter": 2,
            "eps": 1.24,
            "eps_growth_year": 38.72,
            "eps_4q": 4.38,
            "eps_4q_growth_year": 27.24,
            "roe": 4.86,
            "roe_4q": 16.16,
            "gross_profit": 3105000,
            "gross_margin": 12.48,
            "gross_margin_4q_avg": 12.5,
            "net_income": 554000,
            "revenue": 24871000,
            "common_shares": 2000,
            "book_valuer_per_share": 23.17,
            "book_valuer_per_share_4q_avg": 27.49,
            "equity": 10112000,
            "current_ratio": 115.83,
            "debt_ratio": 65.24,
            "inventory_turnover_ratio": 2.77,
            "account_receivable_turnover_ratio": 20.1,
            "reinvestment_rate": 45.59,
            "research_to_sale_ratio": null,
            "price_fair": 118.91,
            "eps_avg_yearly": 3.4,
            "eps_latest_yearly": 4.96,
            "eps_growth_yearly": 38.88
        },
        "20133": {
            "year_quarter": 20133,
            "year": 2013,
            "quarter": 3,
            "eps": 1.04,
            "eps_growth_year": 18.48,
            "eps_4q": 4.54,
            "eps_4q_growth_year": 26.63,
            "roe": 4.51,
            "roe_4q": 17.41,
            "gross_profit": 3045000,
            "gross_margin": 12.64,
            "gross_margin_4q_avg": 12.54,
            "net_income": 464000,
            "revenue": 24083000,
            "common_shares": 2000,
            "book_valuer_per_share": 23.98,
            "book_valuer_per_share_4q_avg": 26.22,
            "equity": 10472000,
            "current_ratio": 117.43,
            "debt_ratio": 65.1,
            "inventory_turnover_ratio": 2.77,
            "account_receivable_turnover_ratio": 19.79,
            "reinvestment_rate": 40.15,
            "research_to_sale_ratio": null,
            "price_fair": 123.73,
            "eps_avg_yearly": 3.54,
            "eps_latest_yearly": 4.16,
            "eps_growth_yearly": 37.17
        },
        "20134": {
            "year_quarter": 20134,
            "year": 2013,
            "quarter": 4,
            "eps": 1.4,
            "eps_growth_year": 7,
            "eps_4q": 4.63,
            "eps_4q_growth_year": 21.57,
            "roe": 5.84,
            "roe_4q": 18.57,
            "gross_profit": 4069000,
            "gross_margin": 12.53,
            "gross_margin_4q_avg": 12.56,
            "net_income": 622000,
            "revenue": 32487000,
            "common_shares": 2000,
            "book_valuer_per_share": 24.8,
            "book_valuer_per_share_4q_avg": 25.27,
            "equity": 10833000,
            "current_ratio": 119.48,
            "debt_ratio": 64.23,
            "inventory_turnover_ratio": 3.66,
            "account_receivable_turnover_ratio": 27.83,
            "reinvestment_rate": 40.47,
            "research_to_sale_ratio": null,
            "price_fair": 128.54,
            "eps_avg_yearly": 3.67,
            "eps_latest_yearly": 5.6,
            "eps_growth_yearly": 27.45
        },
        "20141": {
            "year_quarter": 20141,
            "year": 2014,
            "quarter": 1,
            "eps": 0.96,
            "eps_growth_year": 1.29,
            "eps_4q": 4.64,
            "eps_4q_growth_year": 15.22,
            "roe": 3.91,
            "roe_4q": 19.12,
            "gross_profit": 3193000,
            "gross_margin": 12.76,
            "gross_margin_4q_avg": 12.6,
            "net_income": 431000,
            "revenue": 25017000,
            "common_shares": 2000,
            "book_valuer_per_share": 25.52,
            "book_valuer_per_share_4q_avg": 24.37,
            "equity": 11221000,
            "current_ratio": 117.01,
            "debt_ratio": 65.28,
            "inventory_turnover_ratio": 2.53,
            "account_receivable_turnover_ratio": 21.33,
            "reinvestment_rate": 45,
            "research_to_sale_ratio": null,
            "price_fair": 131.69,
            "eps_avg_yearly": 3.76,
            "eps_latest_yearly": 3.84,
            "eps_growth_yearly": 26.95
        },
        "20142": {
            "year_quarter": 20142,
            "year": 2014,
            "quarter": 2,
            "eps": 1.05,
            "eps_growth_year": -15.93,
            "eps_4q": 4.44,
            "eps_4q_growth_year": 1.55,
            "roe": 4.16,
            "roe_4q": 18.42,
            "gross_profit": 3263000,
            "gross_margin": 12.4,
            "gross_margin_4q_avg": 12.58,
            "net_income": 473000,
            "revenue": 26306000,
            "common_shares": 2000,
            "book_valuer_per_share": 26.18,
            "book_valuer_per_share_4q_avg": 25.12,
            "equity": 11515000,
            "current_ratio": 119.81,
            "debt_ratio": 63.52,
            "inventory_turnover_ratio": 2.62,
            "account_receivable_turnover_ratio": 22.02,
            "reinvestment_rate": 45.89,
            "research_to_sale_ratio": null,
            "price_fair": 135.01,
            "eps_avg_yearly": 3.86,
            "eps_latest_yearly": 4.2,
            "eps_growth_yearly": 26.38
        },
        "20143": {
            "year_quarter": 20143,
            "year": 2014,
            "quarter": 3,
            "eps": 1.07,
            "eps_growth_year": 2.6,
            "eps_4q": 4.47,
            "eps_4q_growth_year": -1.49,
            "roe": 4.11,
            "roe_4q": 18.02,
            "gross_profit": 3240000,
            "gross_margin": 12.56,
            "gross_margin_4q_avg": 12.56,
            "net_income": 479000,
            "revenue": 25794000,
            "common_shares": 2000,
            "book_valuer_per_share": 26.95,
            "book_valuer_per_share_4q_avg": 25.86,
            "equity": 11819000,
            "current_ratio": 119.38,
            "debt_ratio": 63.86,
            "inventory_turnover_ratio": 2.69,
            "account_receivable_turnover_ratio": 21.87,
            "reinvestment_rate": 44.54,
            "research_to_sale_ratio": null,
            "price_fair": 138.34,
            "eps_avg_yearly": 3.95,
            "eps_latest_yearly": 4.28,
            "eps_growth_yearly": 26.11
        },
        "20144": {
            "year_quarter": 20144,
            "year": 2014,
            "quarter": 4,
            "eps": 1.58,
            "eps_growth_year": 12.95,
            "eps_4q": 4.65,
            "eps_4q_growth_year": 0.47,
            "roe": 5.85,
            "roe_4q": 18.03,
            "gross_profit": 4486000,
            "gross_margin": 12.63,
            "gross_margin_4q_avg": 12.59,
            "net_income": 705000,
            "revenue": 35523000,
            "common_shares": 2000,
            "book_valuer_per_share": 28.11,
            "book_valuer_per_share_4q_avg": 26.69,
            "equity": 12303000,
            "current_ratio": 122.04,
            "debt_ratio": 62.75,
            "inventory_turnover_ratio": 3.66,
            "account_receivable_turnover_ratio": 31.39,
            "reinvestment_rate": 36.94,
            "research_to_sale_ratio": null,
            "price_fair": 143.59,
            "eps_avg_yearly": 4.1,
            "eps_latest_yearly": 6.32,
            "eps_growth_yearly": 27.51
        },
        "20151": {
            "year_quarter": 20151,
            "year": 2015,
            "quarter": 1,
            "eps": 1.12,
            "eps_growth_year": 16.76,
            "eps_4q": 4.81,
            "eps_4q_growth_year": 3.68,
            "roe": 4.1,
            "roe_4q": 18.22,
            "gross_profit": 3481000,
            "gross_margin": 12.96,
            "gross_margin_4q_avg": 12.64,
            "net_income": 505000,
            "revenue": 26866000,
            "common_shares": 2000,
            "book_valuer_per_share": 28.06,
            "book_valuer_per_share_4q_avg": 27.33,
            "equity": 12359000,
            "current_ratio": 119.58,
            "debt_ratio": 64.29,
            "inventory_turnover_ratio": 2.58,
            "account_receivable_turnover_ratio": 22.43,
            "reinvestment_rate": 34.69,
            "research_to_sale_ratio": null,
            "price_fair": 147.18,
            "eps_avg_yearly": 4.21,
            "eps_latest_yearly": 4.48,
            "eps_growth_yearly": 27.12
        },
        "20152": {
            "year_quarter": 20152,
            "year": 2015,
            "quarter": 2,
            "eps": 1.35,
            "eps_growth_year": 29.14,
            "eps_4q": 5.12,
            "eps_4q_growth_year": 15.16,
            "roe": 5.38,
            "roe_4q": 19.44,
            "gross_profit": 3557000,
            "gross_margin": 12.96,
            "gross_margin_4q_avg": 12.78,
            "net_income": 607000,
            "revenue": 27454000,
            "common_shares": 2000,
            "book_valuer_per_share": 23.19,
            "book_valuer_per_share_4q_avg": 26.58,
            "equity": 10206000,
            "current_ratio": 98.95,
            "debt_ratio": 69.62,
            "inventory_turnover_ratio": 2.63,
            "account_receivable_turnover_ratio": 21.66,
            "reinvestment_rate": 32.16,
            "research_to_sale_ratio": null,
            "price_fair": 152.08,
            "eps_avg_yearly": 4.35,
            "eps_latest_yearly": 5.4,
            "eps_growth_yearly": 29.44
        },
        "20153": {
            "year_quarter": 20153,
            "year": 2015,
            "quarter": 3,
            "eps": 1.16,
            "eps_growth_year": 8.99,
            "eps_4q": 5.21,
            "eps_4q_growth_year": 16.61,
            "roe": 4.99,
            "roe_4q": 20.32,
            "gross_profit": 3414000,
            "gross_margin": 13.08,
            "gross_margin_4q_avg": 12.91,
            "net_income": 519000,
            "revenue": 26101000,
            "common_shares": 2000,
            "book_valuer_per_share": 24.08,
            "book_valuer_per_share_4q_avg": 25.86,
            "equity": 10587000,
            "current_ratio": 105.37,
            "debt_ratio": 68.39,
            "inventory_turnover_ratio": 2.6,
            "account_receivable_turnover_ratio": 21.03,
            "reinvestment_rate": 32.48,
            "research_to_sale_ratio": null,
            "price_fair": 155.84,
            "eps_avg_yearly": 4.45,
            "eps_latest_yearly": 4.64,
            "eps_growth_yearly": 27.82
        },
        "20154": {
            "year_quarter": 20154,
            "year": 2015,
            "quarter": 4,
            "eps": 1.73,
            "eps_growth_year": 9.87,
            "eps_4q": 5.37,
            "eps_4q_growth_year": 15.42,
            "roe": 7.34,
            "roe_4q": 21.810000000000002,
            "gross_profit": 4682000,
            "gross_margin": 13.09,
            "gross_margin_4q_avg": 13.02,
            "net_income": 778000,
            "revenue": 35778000,
            "common_shares": 2000,
            "book_valuer_per_share": 24.24,
            "book_valuer_per_share_4q_avg": 24.89,
            "equity": 10617000,
            "current_ratio": 101.45,
            "debt_ratio": 67.84,
            "inventory_turnover_ratio": 3.5,
            "account_receivable_turnover_ratio": 29.58,
            "reinvestment_rate": 35.83,
            "research_to_sale_ratio": null,
            "price_fair": 161.53,
            "eps_avg_yearly": 4.62,
            "eps_latest_yearly": 6.92,
            "eps_growth_yearly": 28.12
        },
        "20161": {
            "year_quarter": 20161,
            "year": 2016,
            "quarter": 1,
            "eps": 1.09,
            "eps_growth_year": -3.05,
            "eps_4q": 5.33,
            "eps_4q_growth_year": 10.85,
            "roe": 4.54,
            "roe_4q": 22.249999999999996,
            "gross_profit": 3599000,
            "gross_margin": 13.22,
            "gross_margin_4q_avg": 13.09,
            "net_income": 487000,
            "revenue": 27220000,
            "common_shares": 2000,
            "book_valuer_per_share": 24.67,
            "book_valuer_per_share_4q_avg": 24.05,
            "equity": 10848000,
            "current_ratio": 103.09,
            "debt_ratio": 69.4,
            "inventory_turnover_ratio": 2.45,
            "account_receivable_turnover_ratio": 21.08,
            "reinvestment_rate": 38.99,
            "research_to_sale_ratio": null,
            "price_fair": 164.68,
            "eps_avg_yearly": 4.71,
            "eps_latest_yearly": 4.36,
            "eps_growth_yearly": 26.97
        },
        "20162": {
            "year_quarter": 20162,
            "year": 2016,
            "quarter": 2,
            "eps": 1.24,
            "eps_growth_year": -8.42,
            "eps_4q": 5.22,
            "eps_4q_growth_year": 2.03,
            "roe": 5.08,
            "roe_4q": 21.950000000000003,
            "gross_profit": 3701000,
            "gross_margin": 13.14,
            "gross_margin_4q_avg": 13.13,
            "net_income": 555000,
            "revenue": 28170000,
            "common_shares": 2000,
            "book_valuer_per_share": 25.04,
            "book_valuer_per_share_4q_avg": 24.51,
            "equity": 11000000,
            "current_ratio": 100.62,
            "debt_ratio": 66.04,
            "inventory_turnover_ratio": 2.54,
            "account_receivable_turnover_ratio": 20.04,
            "reinvestment_rate": 39.78,
            "research_to_sale_ratio": null,
            "price_fair": 165.69,
            "eps_avg_yearly": 4.79,
            "eps_latest_yearly": 4.96,
            "eps_growth_yearly": 24.59
        },
        "20163": {
            "year_quarter": 20163,
            "year": 2016,
            "quarter": 3,
            "eps": 1.24,
            "eps_growth_year": 6.11,
            "eps_4q": 5.29,
            "eps_4q_growth_year": 1.51,
            "roe": 4.88,
            "roe_4q": 21.84,
            "gross_profit": 3607000,
            "gross_margin": 13.47,
            "gross_margin_4q_avg": 13.23,
            "net_income": 549000,
            "revenue": 26769000,
            "common_shares": 2000,
            "book_valuer_per_share": 26.25,
            "book_valuer_per_share_4q_avg": 25.05,
            "equity": 11505000,
            "current_ratio": 97.31,
            "debt_ratio": 66.03,
            "inventory_turnover_ratio": 2.6,
            "account_receivable_turnover_ratio": 19.45,
            "reinvestment_rate": 39.89,
            "research_to_sale_ratio": null,
            "price_fair": 170.8,
            "eps_avg_yearly": 4.88,
            "eps_latest_yearly": 4.96,
            "eps_growth_yearly": 25.15
        },
        "20164": {
            "year_quarter": 20164,
            "year": 2016,
            "quarter": 4,
            "eps": 1.77,
            "eps_growth_year": 1.94,
            "eps_4q": 5.33,
            "eps_4q_growth_year": -0.8,
            "roe": 6.66,
            "roe_4q": 21.159999999999997,
            "gross_profit": 4911000,
            "gross_margin": 13.43,
            "gross_margin_4q_avg": 13.32,
            "net_income": 785000,
            "revenue": 36560000,
            "common_shares": 2000,
            "book_valuer_per_share": 27.61,
            "book_valuer_per_share_4q_avg": 25.89,
            "equity": 12079000,
            "current_ratio": 97.71,
            "debt_ratio": 63.58,
            "inventory_turnover_ratio": 3.54,
            "account_receivable_turnover_ratio": 28.65,
            "reinvestment_rate": 41.93,
            "research_to_sale_ratio": null,
            "price_fair": 169.41,
            "eps_avg_yearly": 5,
            "eps_latest_yearly": 7.08,
            "eps_growth_yearly": 23.9
        },
        "20171": {
            "year_quarter": 20171,
            "year": 2017,
            "quarter": 1,
            "eps": 1.24,
            "eps_growth_year": 13.76,
            "eps_4q": 5.48,
            "eps_4q_growth_year": 2.64,
            "roe": 4.62,
            "roe_4q": 21.240000000000002,
            "gross_profit": 3811000,
            "gross_margin": 13.56,
            "gross_margin_4q_avg": 13.4,
            "net_income": 555000,
            "revenue": 28099000,
            "common_shares": 2000,
            "book_valuer_per_share": 27.25,
            "book_valuer_per_share_4q_avg": 26.54,
            "equity": 11973000,
            "current_ratio": 96.92,
            "debt_ratio": 67.23,
            "inventory_turnover_ratio": 2.47,
            "account_receivable_turnover_ratio": 20.44,
            "reinvestment_rate": 41.05,
            "research_to_sale_ratio": null,
            "price_fair": 168.04,
            "eps_avg_yearly": 5.07,
            "eps_latest_yearly": 4.96,
            "eps_growth_yearly": 23.14
        },
        "20172": {
            "year_quarter": 20172,
            "year": 2017,
            "quarter": 2,
            "eps": 1.17,
            "eps_growth_year": -5.48,
            "eps_4q": 5.41,
            "eps_4q_growth_year": 3.57,
            "roe": 4.27,
            "roe_4q": 20.43,
            "gross_profit": 3839000,
            "gross_margin": 12.9,
            "gross_margin_4q_avg": 13.34,
            "net_income": 521000,
            "revenue": 29766000,
            "common_shares": 2000,
            "book_valuer_per_share": 28.34,
            "book_valuer_per_share_4q_avg": 27.36,
            "equity": 12440000,
            "current_ratio": 92.58,
            "debt_ratio": 65.09,
            "inventory_turnover_ratio": 2.56,
            "account_receivable_turnover_ratio": 19.23,
            "reinvestment_rate": 41.49,
            "research_to_sale_ratio": null,
            "price_fair": 121.77,
            "eps_avg_yearly": 5.05,
            "eps_latest_yearly": 4.68,
            "eps_growth_yearly": 14.1
        },
        "20173": {
            "year_quarter": 20173,
            "year": 2017,
            "quarter": 3,
            "eps": 1.59,
            "eps_growth_year": 28.44,
            "eps_4q": 5.76,
            "eps_4q_growth_year": 8.82,
            "roe": 6.32,
            "roe_4q": 21.87,
            "gross_profit": 3890000,
            "gross_margin": 13.48,
            "gross_margin_4q_avg": 13.34,
            "net_income": 706000,
            "revenue": 28860000,
            "common_shares": 2000,
            "book_valuer_per_share": 22.56,
            "book_valuer_per_share_4q_avg": 26.44,
            "equity": 9898000,
            "current_ratio": 80.66,
            "debt_ratio": 72.22,
            "inventory_turnover_ratio": 2.59,
            "account_receivable_turnover_ratio": 18.87,
            "reinvestment_rate": 38.91,
            "research_to_sale_ratio": null,
            "price_fair": 181.65,
            "eps_avg_yearly": 5.19,
            "eps_latest_yearly": 6.36,
            "eps_growth_yearly": 27.11
        },
        "20174": {
            "year_quarter": 20174,
            "year": 2017,
            "quarter": 4,
            "eps": 2.08,
            "eps_growth_year": 17.86,
            "eps_4q": 6.07,
            "eps_4q_growth_year": 14.06,
            "roe": 9.02,
            "roe_4q": 24.23,
            "gross_profit": 5603000,
            "gross_margin": 13.25,
            "gross_margin_4q_avg": 13.3,
            "net_income": 932000,
            "revenue": 42300000,
            "common_shares": 4000,
            "book_valuer_per_share": 24.65,
            "book_valuer_per_share_4q_avg": 25.7,
            "equity": 10778000,
            "current_ratio": 98.98,
            "debt_ratio": 70.35,
            "inventory_turnover_ratio": 3.75,
            "account_receivable_turnover_ratio": 29.23,
            "reinvestment_rate": 40.24,
            "research_to_sale_ratio": null,
            "price_fair": 187.6,
            "eps_avg_yearly": 5.36,
            "eps_latest_yearly": 8.32,
            "eps_growth_yearly": 26.16
        },
        "20181": {
            "year_quarter": 20181,
            "year": 2018,
            "quarter": 1,
            "eps": 1.45,
            "eps_growth_year": 17.34,
            "eps_4q": 6.29,
            "eps_4q_growth_year": 14.86,
            "roe": 5.96,
            "roe_4q": 25.57,
            "gross_profit": 4192000,
            "gross_margin": 13.18,
            "gross_margin_4q_avg": 13.2,
            "net_income": 651000,
            "revenue": 31809000,
            "common_shares": 4000,
            "book_valuer_per_share": 25.22,
            "book_valuer_per_share_4q_avg": 25.19,
            "equity": 11078000,
            "current_ratio": 97.73,
            "debt_ratio": 71.87,
            "inventory_turnover_ratio": 2.62,
            "account_receivable_turnover_ratio": 21.27,
            "reinvestment_rate": 43.62,
            "research_to_sale_ratio": null,
            "price_fair": 191.89,
            "eps_avg_yearly": 5.48,
            "eps_latest_yearly": 5.8,
            "eps_growth_yearly": 26.44
        },
        "20182": {
            "year_quarter": 20182,
            "year": 2018,
            "quarter": 2,
            "eps": 1.65,
            "eps_growth_year": 40.87,
            "eps_4q": 6.77,
            "eps_4q_growth_year": 25.13,
            "roe": 6.47,
            "roe_4q": 27.77,
            "gross_profit": 4262000,
            "gross_margin": 12.92,
            "gross_margin_4q_avg": 13.21,
            "net_income": 739000,
            "revenue": 32995000,
            "common_shares": 4000,
            "book_valuer_per_share": 26.78,
            "book_valuer_per_share_4q_avg": 24.8,
            "equity": 11754000,
            "current_ratio": 99.93,
            "debt_ratio": 69.63,
            "inventory_turnover_ratio": 2.63,
            "account_receivable_turnover_ratio": 18.54,
            "reinvestment_rate": 43.77,
            "research_to_sale_ratio": null,
            "price_fair": 197.14,
            "eps_avg_yearly": 5.63,
            "eps_latest_yearly": 6.6,
            "eps_growth_yearly": 27.55
        },
        "20183": {
            "year_quarter": 20183,
            "year": 2018,
            "quarter": 3,
            "eps": 1.7,
            "eps_growth_year": 6.84,
            "eps_4q": 6.88,
            "eps_4q_growth_year": 19.38,
            "roe": 6.37,
            "roe_4q": 27.82,
            "gross_profit": 4230000,
            "gross_margin": 13.07,
            "gross_margin_4q_avg": 13.11,
            "net_income": 761000,
            "revenue": 32361000,
            "common_shares": 4000,
            "book_valuer_per_share": 27.69,
            "book_valuer_per_share_4q_avg": 26.09,
            "equity": 12143000,
            "current_ratio": 101.45,
            "debt_ratio": 69.34,
            "inventory_turnover_ratio": 2.64,
            "account_receivable_turnover_ratio": 18.01,
            "reinvestment_rate": 41.45,
            "research_to_sale_ratio": null,
            "price_fair": 202.65,
            "eps_avg_yearly": 5.79,
            "eps_latest_yearly": 6.8,
            "eps_growth_yearly": 27.83
        },
        "20184": {
            "year_quarter": 20184,
            "year": 2018,
            "quarter": 4,
            "eps": 2.34,
            "eps_growth_year": 12.61,
            "eps_4q": 7.14,
            "eps_4q_growth_year": 17.5,
            "roe": 8.4,
            "roe_4q": 27.2,
            "gross_profit": 5740000,
            "gross_margin": 12.92,
            "gross_margin_4q_avg": 13.02,
            "net_income": 1047000,
            "revenue": 44411000,
            "common_shares": 4000,
            "book_valuer_per_share": 29.21,
            "book_valuer_per_share_4q_avg": 27.23,
            "equity": 12799000,
            "current_ratio": 101.82,
            "debt_ratio": 68.65,
            "inventory_turnover_ratio": 3.57,
            "account_receivable_turnover_ratio": 27.23,
            "reinvestment_rate": 45.07,
            "research_to_sale_ratio": null,
            "price_fair": 209.3,
            "eps_avg_yearly": 5.98,
            "eps_latest_yearly": 9.36,
            "eps_growth_yearly": 25.33
        },
        "20191": {
            "year_quarter": 20191,
            "year": 2019,
            "quarter": 1,
            "eps": 1.67,
            "eps_growth_year": 15.13,
            "eps_4q": 7.36,
            "eps_4q_growth_year": 16.99,
            "roe": 5.78,
            "roe_4q": 27.02,
            "gross_profit": 4446000,
            "gross_margin": 12.68,
            "gross_margin_4q_avg": 12.9,
            "net_income": 750000,
            "revenue": 35069000,
            "common_shares": 4000,
            "book_valuer_per_share": 29.89,
            "book_valuer_per_share_4q_avg": 28.39,
            "equity": 13167000,
            "current_ratio": 102.14,
            "debt_ratio": 69.95,
            "inventory_turnover_ratio": 2.63,
            "account_receivable_turnover_ratio": 20.25,
            "reinvestment_rate": 45.19,
            "research_to_sale_ratio": null,
            "price_fair": 214.11,
            "eps_avg_yearly": 6.12,
            "eps_latest_yearly": 6.68,
            "eps_growth_yearly": 25.45
        },
        "20192": {
            "year_quarter": 20192,
            "year": 2019,
            "quarter": 2,
            "eps": 1.87,
            "eps_growth_year": 13.42,
            "eps_4q": 7.58,
            "eps_4q_growth_year": 11.99,
            "roe": 6.2,
            "roe_4q": 26.750000000000004,
            "gross_profit": 4676000,
            "gross_margin": 13.21,
            "gross_margin_4q_avg": 12.97,
            "net_income": 838000,
            "revenue": 35396000,
            "common_shares": 4000,
            "book_valuer_per_share": 31.5,
            "book_valuer_per_share_4q_avg": 29.57,
            "equity": 13858000,
            "current_ratio": 96.43,
            "debt_ratio": 67.62,
            "inventory_turnover_ratio": 2.61,
            "account_receivable_turnover_ratio": 18.68,
            "reinvestment_rate": 44.74,
            "research_to_sale_ratio": null,
            "price_fair": 208.08,
            "eps_avg_yearly": 6.25,
            "eps_latest_yearly": 7.48,
            "eps_growth_yearly": 23.31
        },
        "20193": {
            "year_quarter": 20193,
            "year": 2019,
            "quarter": 3,
            "eps": 1.88,
            "eps_growth_year": 10.98,
            "eps_4q": 7.76,
            "eps_4q_growth_year": 12.93,
            "roe": 5.95,
            "roe_4q": 26.33,
            "gross_profit": 4507000,
            "gross_margin": 12.97,
            "gross_margin_4q_avg": 12.95,
            "net_income": 843000,
            "revenue": 34740000,
            "common_shares": 4000,
            "book_valuer_per_share": 32.94,
            "book_valuer_per_share_4q_avg": 30.89,
            "equity": 14486000,
            "current_ratio": 97.6,
            "debt_ratio": 66.89,
            "inventory_turnover_ratio": 2.67,
            "account_receivable_turnover_ratio": 18.78,
            "reinvestment_rate": 43.57,
            "research_to_sale_ratio": null,
            "price_fair": 224.96,
            "eps_avg_yearly": 6.43,
            "eps_latest_yearly": 7.52,
            "eps_growth_yearly": 26.96
        },
        "20194": {
            "year_quarter": 20194,
            "year": 2019,
            "quarter": 4,
            "eps": 2.57,
            "eps_growth_year": 9.6,
            "eps_4q": 7.99,
            "eps_4q_growth_year": 11.93,
            "roe": 7.75,
            "roe_4q": 25.68,
            "gross_profit": 6188000,
            "gross_margin": 13.03,
            "gross_margin_4q_avg": 12.97,
            "net_income": 1152000,
            "revenue": 47498000,
            "common_shares": 4000,
            "book_valuer_per_share": 34.67,
            "book_valuer_per_share_4q_avg": 32.25,
            "equity": 15243000,
            "current_ratio": 101.07,
            "debt_ratio": 66.43,
            "inventory_turnover_ratio": 3.64,
            "account_receivable_turnover_ratio": 29.33,
            "reinvestment_rate": 41.78,
            "research_to_sale_ratio": null,
            "price_fair": 224.68,
            "eps_avg_yearly": 6.64,
            "eps_latest_yearly": 10.28,
            "eps_growth_yearly": 23.85
        },
        "20201": {
            "year_quarter": 20201,
            "year": 2020,
            "quarter": 1,
            "eps": 1.9,
            "eps_growth_year": 13.81,
            "eps_4q": 8.22,
            "eps_4q_growth_year": 11.73,
            "roe": 5.5,
            "roe_4q": 25.4,
            "gross_profit": 4807000,
            "gross_margin": 12.98,
            "gross_margin_4q_avg": 13.05,
            "net_income": 856000,
            "revenue": 37040000,
            "common_shares": 4000,
            "book_valuer_per_share": 35.9,
            "book_valuer_per_share_4q_avg": 33.75,
            "equity": 15861000,
            "current_ratio": 101.44,
            "debt_ratio": 69.16,
            "inventory_turnover_ratio": 2.56,
            "account_receivable_turnover_ratio": 22.82,
            "reinvestment_rate": 62.67,
            "research_to_sale_ratio": null,
            "price_fair": 239.4,
            "eps_avg_yearly": 6.84,
            "eps_latest_yearly": 7.6,
            "eps_growth_yearly": 26.58
        },
        "20202": {
            "year_quarter": 20202,
            "year": 2020,
            "quarter": 2,
            "eps": 2.1,
            "eps_growth_year": 12.36,
            "eps_4q": 8.45,
            "eps_4q_growth_year": 11.52,
            "roe": 5.83,
            "roe_4q": 25.029999999999998,
            "gross_profit": 5016000,
            "gross_margin": 12.84,
            "gross_margin_4q_avg": 12.96,
            "net_income": 947000,
            "revenue": 39072000,
            "common_shares": 4000,
            "book_valuer_per_share": 37.62,
            "book_valuer_per_share_4q_avg": 35.28,
            "equity": 16614000,
            "current_ratio": 104.44,
            "debt_ratio": 65.94,
            "inventory_turnover_ratio": 2.65,
            "account_receivable_turnover_ratio": 21.13,
            "reinvestment_rate": 59.29,
            "research_to_sale_ratio": null,
            "price_fair": 246.93,
            "eps_avg_yearly": 7.06,
            "eps_latest_yearly": 8.4,
            "eps_growth_yearly": 25.77
        },
        "20203": {
            "year_quarter": 20203,
            "year": 2020,
            "quarter": 3,
            "eps": 2.39,
            "eps_growth_year": 26.81,
            "eps_4q": 8.96,
            "eps_4q_growth_year": 15.34,
            "roe": 5.1,
            "roe_4q": 24.18,
            "gross_profit": 5061000,
            "gross_margin": 13.58,
            "gross_margin_4q_avg": 13.11,
            "net_income": 852000,
            "revenue": 37266000,
            "common_shares": 4000,
            "book_valuer_per_share": 35.24,
            "book_valuer_per_share_4q_avg": 35.86,
            "equity": 16802000,
            "current_ratio": 110.87,
            "debt_ratio": 67.52,
            "inventory_turnover_ratio": 2.82,
            "account_receivable_turnover_ratio": 21.33,
            "reinvestment_rate": 55.18,
            "research_to_sale_ratio": null,
            "price_fair": 256.99,
            "eps_avg_yearly": 7.34,
            "eps_latest_yearly": 9.56,
            "eps_growth_yearly": 29.22
        },
        "20204": {
            "year_quarter": 20204,
            "year": 2020,
            "quarter": 4,
            "eps": 3.75,
            "eps_growth_year": 46.04,
            "eps_4q": 10.14,
            "eps_4q_growth_year": 26.9,
            "roe": 8,
            "roe_4q": 24.43,
            "gross_profit": 7046000,
            "gross_margin": 13.2,
            "gross_margin_4q_avg": 13.15,
            "net_income": 1404000,
            "revenue": 53383000,
            "common_shares": 4000,
            "book_valuer_per_share": 38.56,
            "book_valuer_per_share_4q_avg": 36.83,
            "equity": 18284000,
            "current_ratio": 113.19,
            "debt_ratio": 67.09,
            "inventory_turnover_ratio": 3.99,
            "account_receivable_turnover_ratio": 34.93,
            "reinvestment_rate": 58.47,
            "research_to_sale_ratio": null,
            "price_fair": 274.31,
            "eps_avg_yearly": 7.84,
            "eps_latest_yearly": 15,
            "eps_growth_yearly": 32.76
        },
        "20211": {
            "year_quarter": 20211,
            "year": 2021,
            "quarter": 1,
            "eps": 3.02,
            "eps_growth_year": 58.79,
            "eps_4q": 11.26,
            "eps_4q_growth_year": 36.94,
            "roe": 7.13,
            "roe_4q": 26.059999999999995,
            "gross_profit": 5750000,
            "gross_margin": 13.31,
            "gross_margin_4q_avg": 13.23,
            "net_income": 1181000,
            "revenue": 43208000,
            "common_shares": 4000,
            "book_valuer_per_share": 30.8,
            "book_valuer_per_share_4q_avg": 35.56,
            "equity": 14860000,
            "current_ratio": 98.25,
            "debt_ratio": 75.32,
            "inventory_turnover_ratio": 2.76,
            "account_receivable_turnover_ratio": 27.04,
            "reinvestment_rate": 53.81,
            "research_to_sale_ratio": null,
            "price_fair": 289.89,
            "eps_avg_yearly": 8.28,
            "eps_latest_yearly": 12.08,
            "eps_growth_yearly": 35.38
        },
        "20212": {
            "year_quarter": 20212,
            "year": 2021,
            "quarter": 2,
            "eps": 2.55,
            "eps_growth_year": 21.39,
            "eps_4q": 11.71,
            "eps_4q_growth_year": 38.51,
            "roe": 6.36,
            "roe_4q": 26.590000000000003,
            "gross_profit": 5691000,
            "gross_margin": 12.71,
            "gross_margin_4q_avg": 13.2,
            "net_income": 971000,
            "revenue": 44769000,
            "common_shares": 4000,
            "book_valuer_per_share": 32.57,
            "book_valuer_per_share_4q_avg": 34.29,
            "equity": 15652000,
            "current_ratio": 99.04,
            "debt_ratio": 71.5,
            "inventory_turnover_ratio": 2.72,
            "account_receivable_turnover_ratio": 25.01,
            "reinvestment_rate": 53.15,
            "research_to_sale_ratio": null,
            "price_fair": 301.96,
            "eps_avg_yearly": 8.63,
            "eps_latest_yearly": 10.2,
            "eps_growth_yearly": 32.9
        },
        "20213": {
            "year_quarter": 20213,
            "year": 2021,
            "quarter": 3,
            "eps": 2.84,
            "eps_growth_year": 19.12,
            "eps_4q": 12.16,
            "eps_4q_growth_year": 35.8,
            "roe": 7.67,
            "roe_4q": 29.16,
            "gross_profit": 5862000,
            "gross_margin": 12.95,
            "gross_margin_4q_avg": 13.04,
            "net_income": 1233000,
            "revenue": 45277000,
            "common_shares": 4000,
            "book_valuer_per_share": 34.49,
            "book_valuer_per_share_4q_avg": 34.11,
            "equity": 16482000,
            "current_ratio": 99.76,
            "debt_ratio": 71.22,
            "inventory_turnover_ratio": 2.83,
            "account_receivable_turnover_ratio": 25.66,
            "reinvestment_rate": 51.36,
            "research_to_sale_ratio": null,
            "price_fair": 312.9,
            "eps_avg_yearly": 8.94,
            "eps_latest_yearly": 11.36,
            "eps_growth_yearly": 26.77
        },
        "20214": {
            "year_quarter": 20214,
            "year": 2021,
            "quarter": 4,
            "eps": 3.9,
            "eps_growth_year": 3.9,
            "eps_4q": 12.31,
            "eps_4q_growth_year": 21.4,
            "roe": 9.95,
            "roe_4q": 31.109999999999996,
            "gross_profit": 7942000,
            "gross_margin": 12.67,
            "gross_margin_4q_avg": 12.91,
            "net_income": 1694000,
            "revenue": 62675000,
            "common_shares": 4000,
            "book_valuer_per_share": 36.83,
            "book_valuer_per_share_4q_avg": 33.67,
            "equity": 17564000,
            "current_ratio": 100.22,
            "debt_ratio": 70.37,
            "inventory_turnover_ratio": 3.88,
            "account_receivable_turnover_ratio": 36.89,
            "reinvestment_rate": 47.71,
            "research_to_sale_ratio": null,
            "price_fair": 328.83,
            "eps_avg_yearly": 9.4,
            "eps_latest_yearly": 15.6,
            "eps_growth_yearly": 28.4
        },
        "20221": {
            "year_quarter": 20221,
            "year": 2022,
            "quarter": 1,
            "eps": 3.19,
            "eps_growth_year": 5.56,
            "eps_4q": 12.48,
            "eps_4q_growth_year": 10.83,
            "roe": 7.47,
            "roe_4q": 31.449999999999996,
            "gross_profit": 6411000,
            "gross_margin": 12.73,
            "gross_margin_4q_avg": 12.77,
            "net_income": 1345000,
            "revenue": 50363000,
            "common_shares": 4000,
            "book_valuer_per_share": 41.64,
            "book_valuer_per_share_4q_avg": 36.38,
            "equity": 18463000,
            "current_ratio": 101.52,
            "debt_ratio": 71.22,
            "inventory_turnover_ratio": 2.82,
            "account_receivable_turnover_ratio": 26.97,
            "reinvestment_rate": 45.96,
            "research_to_sale_ratio": null,
            "price_fair": 344.05,
            "eps_avg_yearly": 9.83,
            "eps_latest_yearly": 12.76,
            "eps_growth_yearly": 31.42
        },
        "20222": {
            "year_quarter": 20222,
            "year": 2022,
            "quarter": 2,
            "eps": 2.92,
            "eps_growth_year": 14.63,
            "eps_4q": 12.85,
            "eps_4q_growth_year": 9.77,
            "roe": 6.97,
            "roe_4q": 32.06,
            "gross_profit": 6387000,
            "gross_margin": 12.31,
            "gross_margin_4q_avg": 12.67,
            "net_income": 1320000,
            "revenue": 51904000,
            "common_shares": 4000,
            "book_valuer_per_share": 43.81,
            "book_valuer_per_share_4q_avg": 39.19,
            "equity": 19418000,
            "current_ratio": 103.23,
            "debt_ratio": 69.22,
            "inventory_turnover_ratio": 2.72,
            "account_receivable_turnover_ratio": 24.93,
            "reinvestment_rate": 44.25,
            "research_to_sale_ratio": null,
            "price_fair": 355.16,
            "eps_avg_yearly": 10.15,
            "eps_latest_yearly": 11.68,
            "eps_growth_yearly": 25.86
        },
        "20223": {
            "year_quarter": 20223,
            "year": 2022,
            "quarter": 3,
            "eps": 3.04,
            "eps_growth_year": 6.98,
            "eps_4q": 13.05,
            "eps_4q_growth_year": 7.28,
            "roe": 6.97,
            "roe_4q": 31.36,
            "gross_profit": 6241000,
            "gross_margin": 11.87,
            "gross_margin_4q_avg": 12.4,
            "net_income": 1372000,
            "revenue": 52596000,
            "common_shares": 4000,
            "book_valuer_per_share": 45.07,
            "book_valuer_per_share_4q_avg": 41.84,
            "equity": 19968000,
            "current_ratio": 103.65,
            "debt_ratio": 68.73,
            "inventory_turnover_ratio": 2.72,
            "account_receivable_turnover_ratio": 24.91,
            "reinvestment_rate": 39.85,
            "research_to_sale_ratio": null,
            "price_fair": 366.89,
            "eps_avg_yearly": 10.48,
            "eps_latest_yearly": 12.16,
            "eps_growth_yearly": 26.13
        },
        "20224": {
            "year_quarter": 20224,
            "year": 2022,
            "quarter": 4,
            "eps": 4.2,
            "eps_growth_year": 7.79,
            "eps_4q": 13.35,
            "eps_4q_growth_year": 8.47,
            "roe": 9.25,
            "roe_4q": 30.659999999999997,
            "gross_profit": 8533000,
            "gross_margin": 11.84,
            "gross_margin_4q_avg": 12.19,
            "net_income": 1878000,
            "revenue": 72091000,
            "common_shares": 2000,
            "book_valuer_per_share": 46.63,
            "book_valuer_per_share_4q_avg": 44.29,
            "equity": 20642000,
            "current_ratio": 102.18,
            "debt_ratio": 67.83,
            "inventory_turnover_ratio": 3.58,
            "account_receivable_turnover_ratio": 34.07,
            "reinvestment_rate": 39.94,
            "research_to_sale_ratio": null,
            "price_fair": 383.16,
            "eps_avg_yearly": 10.95,
            "eps_latest_yearly": 16.8,
            "eps_growth_yearly": 26.25
        },
        "20231": {
            "year_quarter": 20231,
            "year": 2023,
            "quarter": 1,
            "eps": 3.07,
            "eps_growth_year": -3.76,
            "eps_4q": 13.23,
            "eps_4q_growth_year": 6.05,
            "roe": 6.48,
            "roe_4q": 29.669999999999998,
            "gross_profit": 6668000,
            "gross_margin": 12.25,
            "gross_margin_4q_avg": 12.07,
            "net_income": 1364000,
            "revenue": 54437000,
            "common_shares": 2000,
            "book_valuer_per_share": 48.38,
            "book_valuer_per_share_4q_avg": 45.97,
            "equity": 21471000,
            "current_ratio": 103.28,
            "debt_ratio": 67.48,
            "inventory_turnover_ratio": 2.62,
            "account_receivable_turnover_ratio": 23.91,
            "reinvestment_rate": 39.96,
            "research_to_sale_ratio": null,
            "price_fair": 395.41,
            "eps_avg_yearly": 11.3,
            "eps_latest_yearly": 12.28,
            "eps_growth_yearly": 26.69
        },
        "20232": {
            "year_quarter": 20232,
            "year": 2023,
            "quarter": 2,
            "eps": 3.3,
            "eps_growth_year": 12.97,
            "eps_4q": 13.61,
            "eps_4q_growth_year": 5.92,
            "roe": 6.62,
            "roe_4q": 29.32,
            "gross_profit": 6843000,
            "gross_margin": 12.38,
            "gross_margin_4q_avg": 12.09,
            "net_income": 1466000,
            "revenue": 55266000,
            "common_shares": 2000,
            "book_valuer_per_share": 51.39,
            "book_valuer_per_share_4q_avg": 47.87,
            "equity": 22794000,
            "current_ratio": 105.58,
            "debt_ratio": 65.9,
            "inventory_turnover_ratio": 2.79,
            "account_receivable_turnover_ratio": 21.99,
            "reinvestment_rate": 40.34,
            "research_to_sale_ratio": null,
            "price_fair": 407.93,
            "eps_avg_yearly": 11.66,
            "eps_latest_yearly": 13.2,
            "eps_growth_yearly": 25.56
        },
        "20233": {
            "year_quarter": 20233,
            "year": 2023,
            "quarter": 3,
            "eps": 2.93,
            "eps_growth_year": -3.66,
            "eps_4q": 13.5,
            "eps_4q_growth_year": 3.46,
            "roe": 5.62,
            "roe_4q": 27.97,
            "gross_profit": 6473000,
            "gross_margin": 12.07,
            "gross_margin_4q_avg": 12.14,
            "net_income": 1302000,
            "revenue": 53648000,
            "common_shares": 2000,
            "book_valuer_per_share": 53.17,
            "book_valuer_per_share_4q_avg": 49.89,
            "equity": 23568000,
            "current_ratio": 108.14,
            "debt_ratio": 64.69,
            "inventory_turnover_ratio": 2.91,
            "account_receivable_turnover_ratio": 20.57,
            "reinvestment_rate": 38.18,
            "research_to_sale_ratio": null,
            "price_fair": 388.84,
            "eps_avg_yearly": 11.92,
            "eps_latest_yearly": 11.72,
            "eps_growth_yearly": 22.63
        }
    },
    "months": {
        "2001-01": {
            "month": "2001-01",
            "price": "42.41",
            "revenue": 0
        },
        "2001-02": {
            "month": "2001-02",
            "price": "43.06",
            "revenue": 0
        },
        "2001-03": {
            "month": "2001-03",
            "price": "38.29",
            "revenue": 0
        },
        "2001-04": {
            "month": "2001-04",
            "price": "35.68",
            "revenue": 0
        },
        "2001-05": {
            "month": "2001-05",
            "price": "36.32",
            "revenue": 0
        },
        "2001-06": {
            "month": "2001-06",
            "price": "40.83",
            "revenue": 0
        },
        "2001-07": {
            "month": "2001-07",
            "price": "42.63",
            "revenue": 0
        },
        "2001-08": {
            "month": "2001-08",
            "price": "40.24",
            "revenue": 0
        },
        "2001-09": {
            "month": "2001-09",
            "price": "33.80",
            "revenue": 0
        },
        "2001-10": {
            "month": "2001-10",
            "price": "37.50",
            "revenue": 0
        },
        "2001-11": {
            "month": "2001-11",
            "price": "41.86",
            "revenue": 0
        },
        "2001-12": {
            "month": "2001-12",
            "price": "42.83",
            "revenue": 0
        },
        "2002-01": {
            "month": "2002-01",
            "price": "44.05",
            "revenue": 0
        },
        "2002-02": {
            "month": "2002-02",
            "price": "44.67",
            "revenue": 0
        },
        "2002-03": {
            "month": "2002-03",
            "price": "40.74",
            "revenue": 0
        },
        "2002-04": {
            "month": "2002-04",
            "price": "40.78",
            "revenue": 0
        },
        "2002-05": {
            "month": "2002-05",
            "price": "40.18",
            "revenue": 0
        },
        "2002-06": {
            "month": "2002-06",
            "price": "39.47",
            "revenue": 0
        },
        "2002-07": {
            "month": "2002-07",
            "price": "35.67",
            "revenue": 0
        },
        "2002-08": {
            "month": "2002-08",
            "price": "33.98",
            "revenue": 0
        },
        "2002-09": {
            "month": "2002-09",
            "price": "33.68",
            "revenue": 0
        },
        "2002-10": {
            "month": "2002-10",
            "price": "33.65",
            "revenue": 0
        },
        "2002-11": {
            "month": "2002-11",
            "price": "32.52",
            "revenue": 0
        },
        "2002-12": {
            "month": "2002-12",
            "price": "29.04",
            "revenue": 0
        },
        "2003-01": {
            "month": "2003-01",
            "price": "29.49",
            "revenue": 0
        },
        "2003-02": {
            "month": "2003-02",
            "price": "29.27",
            "revenue": 0
        },
        "2003-03": {
            "month": "2003-03",
            "price": "29.96",
            "revenue": 0
        },
        "2003-04": {
            "month": "2003-04",
            "price": "33.28",
            "revenue": 0
        },
        "2003-05": {
            "month": "2003-05",
            "price": "35.34",
            "revenue": 0
        },
        "2003-06": {
            "month": "2003-06",
            "price": "36.02",
            "revenue": 0
        },
        "2003-07": {
            "month": "2003-07",
            "price": "36.69",
            "revenue": 0
        },
        "2003-08": {
            "month": "2003-08",
            "price": "31.19",
            "revenue": 0
        },
        "2003-09": {
            "month": "2003-09",
            "price": "31.82",
            "revenue": 0
        },
        "2003-10": {
            "month": "2003-10",
            "price": "33.59",
            "revenue": 0
        },
        "2003-11": {
            "month": "2003-11",
            "price": "34.66",
            "revenue": 0
        },
        "2003-12": {
            "month": "2003-12",
            "price": "36.23",
            "revenue": 0
        },
        "2004-01": {
            "month": "2004-01",
            "price": "36.93",
            "revenue": 0
        },
        "2004-02": {
            "month": "2004-02",
            "price": "38.10",
            "revenue": 0
        },
        "2004-03": {
            "month": "2004-03",
            "price": "37.62",
            "revenue": 0
        },
        "2004-04": {
            "month": "2004-04",
            "price": "37.88",
            "revenue": 0
        },
        "2004-05": {
            "month": "2004-05",
            "price": "36.73",
            "revenue": 0
        },
        "2004-06": {
            "month": "2004-06",
            "price": "40.94",
            "revenue": 0
        },
        "2004-07": {
            "month": "2004-07",
            "price": "40.87",
            "revenue": 0
        },
        "2004-08": {
            "month": "2004-08",
            "price": "41.27",
            "revenue": 0
        },
        "2004-09": {
            "month": "2004-09",
            "price": "41.01",
            "revenue": 0
        },
        "2004-10": {
            "month": "2004-10",
            "price": "45.53",
            "revenue": 0
        },
        "2004-11": {
            "month": "2004-11",
            "price": "48.96",
            "revenue": 0
        },
        "2004-12": {
            "month": "2004-12",
            "price": "48.13",
            "revenue": 0
        },
        "2005-01": {
            "month": "2005-01",
            "price": "47.52",
            "revenue": 0
        },
        "2005-02": {
            "month": "2005-02",
            "price": "46.29",
            "revenue": 0
        },
        "2005-03": {
            "month": "2005-03",
            "price": "44.67",
            "revenue": 0
        },
        "2005-04": {
            "month": "2005-04",
            "price": "44.02",
            "revenue": 0
        },
        "2005-05": {
            "month": "2005-05",
            "price": "43.72",
            "revenue": 0
        },
        "2005-06": {
            "month": "2005-06",
            "price": "45.71",
            "revenue": 0
        },
        "2005-07": {
            "month": "2005-07",
            "price": "45.85",
            "revenue": 0
        },
        "2005-08": {
            "month": "2005-08",
            "price": "43.62",
            "revenue": 0
        },
        "2005-09": {
            "month": "2005-09",
            "price": "42.89",
            "revenue": 0
        },
        "2005-10": {
            "month": "2005-10",
            "price": "46.14",
            "revenue": 0
        },
        "2005-11": {
            "month": "2005-11",
            "price": "49.55",
            "revenue": 0
        },
        "2005-12": {
            "month": "2005-12",
            "price": "49.27",
            "revenue": 0
        },
        "2006-01": {
            "month": "2006-01",
            "price": "50.10",
            "revenue": 0
        },
        "2006-02": {
            "month": "2006-02",
            "price": "50.39",
            "revenue": 0
        },
        "2006-03": {
            "month": "2006-03",
            "price": "54.36",
            "revenue": 0
        },
        "2006-04": {
            "month": "2006-04",
            "price": "54.67",
            "revenue": 0
        },
        "2006-05": {
            "month": "2006-05",
            "price": "54.78",
            "revenue": 0
        },
        "2006-06": {
            "month": "2006-06",
            "price": "54.29",
            "revenue": 0
        },
        "2006-07": {
            "month": "2006-07",
            "price": "54.36",
            "revenue": 0
        },
        "2006-08": {
            "month": "2006-08",
            "price": "50.73",
            "revenue": 0
        },
        "2006-09": {
            "month": "2006-09",
            "price": "49.58",
            "revenue": 0
        },
        "2006-10": {
            "month": "2006-10",
            "price": "51.66",
            "revenue": 0
        },
        "2006-11": {
            "month": "2006-11",
            "price": "52.90",
            "revenue": 0
        },
        "2006-12": {
            "month": "2006-12",
            "price": "53.33",
            "revenue": 0
        },
        "2007-01": {
            "month": "2007-01",
            "price": "55.40",
            "revenue": 0
        },
        "2007-02": {
            "month": "2007-02",
            "price": "56.88",
            "revenue": 0
        },
        "2007-03": {
            "month": "2007-03",
            "price": "54.19",
            "revenue": 0
        },
        "2007-04": {
            "month": "2007-04",
            "price": "54.55",
            "revenue": 0
        },
        "2007-05": {
            "month": "2007-05",
            "price": "55.14",
            "revenue": 0
        },
        "2007-06": {
            "month": "2007-06",
            "price": "56.49",
            "revenue": 0
        },
        "2007-07": {
            "month": "2007-07",
            "price": "60.82",
            "revenue": 0
        },
        "2007-08": {
            "month": "2007-08",
            "price": "61.09",
            "revenue": 0
        },
        "2007-09": {
            "month": "2007-09",
            "price": "59.90",
            "revenue": 0
        },
        "2007-10": {
            "month": "2007-10",
            "price": "65.46",
            "revenue": 0
        },
        "2007-11": {
            "month": "2007-11",
            "price": "66.32",
            "revenue": 0
        },
        "2007-12": {
            "month": "2007-12",
            "price": "69.60",
            "revenue": 0
        },
        "2008-01": {
            "month": "2008-01",
            "price": "66.26",
            "revenue": 0
        },
        "2008-02": {
            "month": "2008-02",
            "price": "64.67",
            "revenue": 0
        },
        "2008-03": {
            "month": "2008-03",
            "price": "62.71",
            "revenue": 0
        },
        "2008-04": {
            "month": "2008-04",
            "price": "67.97",
            "revenue": 0
        },
        "2008-05": {
            "month": "2008-05",
            "price": "72.32",
            "revenue": 0
        },
        "2008-06": {
            "month": "2008-06",
            "price": "70.06",
            "revenue": 0
        },
        "2008-07": {
            "month": "2008-07",
            "price": "68.77",
            "revenue": 0
        },
        "2008-08": {
            "month": "2008-08",
            "price": "66.33",
            "revenue": 0
        },
        "2008-09": {
            "month": "2008-09",
            "price": "67.17",
            "revenue": 0
        },
        "2008-10": {
            "month": "2008-10",
            "price": "57.00",
            "revenue": 0
        },
        "2008-11": {
            "month": "2008-11",
            "price": "50.32",
            "revenue": 0
        },
        "2008-12": {
            "month": "2008-12",
            "price": "52.48",
            "revenue": 0
        },
        "2009-01": {
            "month": "2009-01",
            "price": "48.72",
            "revenue": 0
        },
        "2009-02": {
            "month": "2009-02",
            "price": "43.30",
            "revenue": 0
        },
        "2009-03": {
            "month": "2009-03",
            "price": "43.26",
            "revenue": 0
        },
        "2009-04": {
            "month": "2009-04",
            "price": "46.92",
            "revenue": 0
        },
        "2009-05": {
            "month": "2009-05",
            "price": "47.19",
            "revenue": 0
        },
        "2009-06": {
            "month": "2009-06",
            "price": "46.77",
            "revenue": 0
        },
        "2009-07": {
            "month": "2009-07",
            "price": "47.16",
            "revenue": 0
        },
        "2009-08": {
            "month": "2009-08",
            "price": "49.22",
            "revenue": 0
        },
        "2009-09": {
            "month": "2009-09",
            "price": "56.40",
            "revenue": 0
        },
        "2009-10": {
            "month": "2009-10",
            "price": "57.93",
            "revenue": 0
        },
        "2009-11": {
            "month": "2009-11",
            "price": "59.97",
            "revenue": 0
        },
        "2009-12": {
            "month": "2009-12",
            "price": "59.43",
            "revenue": 0
        },
        "2010-01": {
            "month": "2010-01",
            "price": "58.55",
            "revenue": 0
        },
        "2010-02": {
            "month": "2010-02",
            "price": "59.77",
            "revenue": 0
        },
        "2010-03": {
            "month": "2010-03",
            "price": "60.55",
            "revenue": 0
        },
        "2010-04": {
            "month": "2010-04",
            "price": "60.00",
            "revenue": 0
        },
        "2010-05": {
            "month": "2010-05",
            "price": "57.89",
            "revenue": 0
        },
        "2010-06": {
            "month": "2010-06",
            "price": "57.30",
            "revenue": 0
        },
        "2010-07": {
            "month": "2010-07",
            "price": "55.54",
            "revenue": 0
        },
        "2010-08": {
            "month": "2010-08",
            "price": "56.11",
            "revenue": 0
        },
        "2010-09": {
            "month": "2010-09",
            "price": "61.21",
            "revenue": 0
        },
        "2010-10": {
            "month": "2010-10",
            "price": "63.77",
            "revenue": 0
        },
        "2010-11": {
            "month": "2010-11",
            "price": "65.70",
            "revenue": 0
        },
        "2010-12": {
            "month": "2010-12",
            "price": "71.12",
            "revenue": 0
        },
        "2011-01": {
            "month": "2011-01",
            "price": "71.93",
            "revenue": 0
        },
        "2011-02": {
            "month": "2011-02",
            "price": "74.05",
            "revenue": 0
        },
        "2011-03": {
            "month": "2011-03",
            "price": "72.05",
            "revenue": 0
        },
        "2011-04": {
            "month": "2011-04",
            "price": "77.39",
            "revenue": 0
        },
        "2011-05": {
            "month": "2011-05",
            "price": "81.80",
            "revenue": 0
        },
        "2011-06": {
            "month": "2011-06",
            "price": "79.42",
            "revenue": 0
        },
        "2011-07": {
            "month": "2011-07",
            "price": "80.59",
            "revenue": 0
        },
        "2011-08": {
            "month": "2011-08",
            "price": "75.42",
            "revenue": 0
        },
        "2011-09": {
            "month": "2011-09",
            "price": "82.15",
            "revenue": 0
        },
        "2011-10": {
            "month": "2011-10",
            "price": "82.59",
            "revenue": 0
        },
        "2011-11": {
            "month": "2011-11",
            "price": "83.09",
            "revenue": 0
        },
        "2011-12": {
            "month": "2011-12",
            "price": "84.60",
            "revenue": 0
        },
        "2012-01": {
            "month": "2012-01",
            "price": "81.55",
            "revenue": 0
        },
        "2012-02": {
            "month": "2012-02",
            "price": "84.53",
            "revenue": 0
        },
        "2012-03": {
            "month": "2012-03",
            "price": "89.60",
            "revenue": 0
        },
        "2012-04": {
            "month": "2012-04",
            "price": "87.91",
            "revenue": 0
        },
        "2012-05": {
            "month": "2012-05",
            "price": "84.39",
            "revenue": 0
        },
        "2012-06": {
            "month": "2012-06",
            "price": "89.86",
            "revenue": 0
        },
        "2012-07": {
            "month": "2012-07",
            "price": "94.96",
            "revenue": 0
        },
        "2012-08": {
            "month": "2012-08",
            "price": "96.19",
            "revenue": 0
        },
        "2012-09": {
            "month": "2012-09",
            "price": "100.97",
            "revenue": 0
        },
        "2012-10": {
            "month": "2012-10",
            "price": "98.12",
            "revenue": 0
        },
        "2012-11": {
            "month": "2012-11",
            "price": "97.35",
            "revenue": 0
        },
        "2012-12": {
            "month": "2012-12",
            "price": "99.47",
            "revenue": 0
        },
        "2013-01": {
            "month": "2013-01",
            "price": "101.73",
            "revenue": 0
        },
        "2013-02": {
            "month": "2013-02",
            "price": "101.70",
            "revenue": 0
        },
        "2013-03": {
            "month": "2013-03",
            "price": "103.48",
            "revenue": 0
        },
        "2013-04": {
            "month": "2013-04",
            "price": "106.41",
            "revenue": 0
        },
        "2013-05": {
            "month": "2013-05",
            "price": "111.31",
            "revenue": 0
        },
        "2013-06": {
            "month": "2013-06",
            "price": "110.37",
            "revenue": 0
        },
        "2013-07": {
            "month": "2013-07",
            "price": "115.52",
            "revenue": 0
        },
        "2013-08": {
            "month": "2013-08",
            "price": "114.45",
            "revenue": 0
        },
        "2013-09": {
            "month": "2013-09",
            "price": "116.36",
            "revenue": 0
        },
        "2013-10": {
            "month": "2013-10",
            "price": "116.19",
            "revenue": 0
        },
        "2013-11": {
            "month": "2013-11",
            "price": "123.32",
            "revenue": 0
        },
        "2013-12": {
            "month": "2013-12",
            "price": "119.66",
            "revenue": 0
        },
        "2014-01": {
            "month": "2014-01",
            "price": "115.01",
            "revenue": 0
        },
        "2014-02": {
            "month": "2014-02",
            "price": "114.33",
            "revenue": 0
        },
        "2014-03": {
            "month": "2014-03",
            "price": "113.82",
            "revenue": 0
        },
        "2014-04": {
            "month": "2014-04",
            "price": "113.20",
            "revenue": 0
        },
        "2014-05": {
            "month": "2014-05",
            "price": "114.86",
            "revenue": 0
        },
        "2014-06": {
            "month": "2014-06",
            "price": "116.10",
            "revenue": 0
        },
        "2014-07": {
            "month": "2014-07",
            "price": "117.39",
            "revenue": 0
        },
        "2014-08": {
            "month": "2014-08",
            "price": "119.76",
            "revenue": 0
        },
        "2014-09": {
            "month": "2014-09",
            "price": "125.58",
            "revenue": 0
        },
        "2014-10": {
            "month": "2014-10",
            "price": "128.30",
            "revenue": 0
        },
        "2014-11": {
            "month": "2014-11",
            "price": "138.32",
            "revenue": 0
        },
        "2014-12": {
            "month": "2014-12",
            "price": "141.82",
            "revenue": 0
        },
        "2015-01": {
            "month": "2015-01",
            "price": "141.38",
            "revenue": 0
        },
        "2015-02": {
            "month": "2015-02",
            "price": "148.33",
            "revenue": 0
        },
        "2015-03": {
            "month": "2015-03",
            "price": "150.21",
            "revenue": 0
        },
        "2015-04": {
            "month": "2015-04",
            "price": "148.24",
            "revenue": 0
        },
        "2015-05": {
            "month": "2015-05",
            "price": "144.31",
            "revenue": 0
        },
        "2015-06": {
            "month": "2015-06",
            "price": "139.01",
            "revenue": 0
        },
        "2015-07": {
            "month": "2015-07",
            "price": "142.90",
            "revenue": 0
        },
        "2015-08": {
            "month": "2015-08",
            "price": "142.98",
            "revenue": 0
        },
        "2015-09": {
            "month": "2015-09",
            "price": "142.18",
            "revenue": 0
        },
        "2015-10": {
            "month": "2015-10",
            "price": "152.98",
            "revenue": 0
        },
        "2015-11": {
            "month": "2015-11",
            "price": "159.10",
            "revenue": 0
        },
        "2015-12": {
            "month": "2015-12",
            "price": "162.13",
            "revenue": 0
        },
        "2016-01": {
            "month": "2016-01",
            "price": "152.76",
            "revenue": 0
        },
        "2016-02": {
            "month": "2016-02",
            "price": "148.91",
            "revenue": 0
        },
        "2016-03": {
            "month": "2016-03",
            "price": "152.99",
            "revenue": 0
        },
        "2016-04": {
            "month": "2016-04",
            "price": "152.62",
            "revenue": 0
        },
        "2016-05": {
            "month": "2016-05",
            "price": "146.54",
            "revenue": 0
        },
        "2016-06": {
            "month": "2016-06",
            "price": "154.97",
            "revenue": 0
        },
        "2016-07": {
            "month": "2016-07",
            "price": "165.15",
            "revenue": 0
        },
        "2016-08": {
            "month": "2016-08",
            "price": "166.76",
            "revenue": 0
        },
        "2016-09": {
            "month": "2016-09",
            "price": "152.55",
            "revenue": 0
        },
        "2016-10": {
            "month": "2016-10",
            "price": "150.09",
            "revenue": 0
        },
        "2016-11": {
            "month": "2016-11",
            "price": "149.01",
            "revenue": 0
        },
        "2016-12": {
            "month": "2016-12",
            "price": "158.87",
            "revenue": 0
        },
        "2017-01": {
            "month": "2017-01",
            "price": "162.66",
            "revenue": 0
        },
        "2017-02": {
            "month": "2017-02",
            "price": "172.53",
            "revenue": 0
        },
        "2017-03": {
            "month": "2017-03",
            "price": "167.79",
            "revenue": 0
        },
        "2017-04": {
            "month": "2017-04",
            "price": "171.05",
            "revenue": 0
        },
        "2017-05": {
            "month": "2017-05",
            "price": "174.62",
            "revenue": 0
        },
        "2017-06": {
            "month": "2017-06",
            "price": "171.08",
            "revenue": 0
        },
        "2017-07": {
            "month": "2017-07",
            "price": "153.28",
            "revenue": 0
        },
        "2017-08": {
            "month": "2017-08",
            "price": "156.81",
            "revenue": 0
        },
        "2017-09": {
            "month": "2017-09",
            "price": "161.25",
            "revenue": 0
        },
        "2017-10": {
            "month": "2017-10",
            "price": "160.61",
            "revenue": 0
        },
        "2017-11": {
            "month": "2017-11",
            "price": "170.80",
            "revenue": 0
        },
        "2017-12": {
            "month": "2017-12",
            "price": "187.79",
            "revenue": 0
        },
        "2018-01": {
            "month": "2018-01",
            "price": "192.13",
            "revenue": 0
        },
        "2018-02": {
            "month": "2018-02",
            "price": "187.08",
            "revenue": 0
        },
        "2018-03": {
            "month": "2018-03",
            "price": "186.63",
            "revenue": 0
        },
        "2018-04": {
            "month": "2018-04",
            "price": "190.28",
            "revenue": 0
        },
        "2018-05": {
            "month": "2018-05",
            "price": "196.85",
            "revenue": 0
        },
        "2018-06": {
            "month": "2018-06",
            "price": "205.52",
            "revenue": 0
        },
        "2018-07": {
            "month": "2018-07",
            "price": "215.07",
            "revenue": 0
        },
        "2018-08": {
            "month": "2018-08",
            "price": "225.32",
            "revenue": 0
        },
        "2018-09": {
            "month": "2018-09",
            "price": "236.46",
            "revenue": 0
        },
        "2018-10": {
            "month": "2018-10",
            "price": "226.81",
            "revenue": 0
        },
        "2018-11": {
            "month": "2018-11",
            "price": "230.11",
            "revenue": 0
        },
        "2018-12": {
            "month": "2018-12",
            "price": "211.62",
            "revenue": 0
        },
        "2019-01": {
            "month": "2019-01",
            "price": "209.72",
            "revenue": 0
        },
        "2019-02": {
            "month": "2019-02",
            "price": "213.86",
            "revenue": 0
        },
        "2019-03": {
            "month": "2019-03",
            "price": "232.12",
            "revenue": 0
        },
        "2019-04": {
            "month": "2019-04",
            "price": "244.61",
            "revenue": 0
        },
        "2019-05": {
            "month": "2019-05",
            "price": "244.66",
            "revenue": 0
        },
        "2019-06": {
            "month": "2019-06",
            "price": "259.08",
            "revenue": 0
        },
        "2019-07": {
            "month": "2019-07",
            "price": "276.27",
            "revenue": 0
        },
        "2019-08": {
            "month": "2019-08",
            "price": "277.30",
            "revenue": 0
        },
        "2019-09": {
            "month": "2019-09",
            "price": "291.52",
            "revenue": 0
        },
        "2019-10": {
            "month": "2019-10",
            "price": "296.10",
            "revenue": 0
        },
        "2019-11": {
            "month": "2019-11",
            "price": "301.09",
            "revenue": 0
        },
        "2019-12": {
            "month": "2019-12",
            "price": "294.71",
            "revenue": 0
        },
        "2020-01": {
            "month": "2020-01",
            "price": "302.82",
            "revenue": 0
        },
        "2020-02": {
            "month": "2020-02",
            "price": "310.83",
            "revenue": 0
        },
        "2020-03": {
            "month": "2020-03",
            "price": "297.64",
            "revenue": 0
        },
        "2020-04": {
            "month": "2020-04",
            "price": "305.13",
            "revenue": 0
        },
        "2020-05": {
            "month": "2020-05",
            "price": "304.80",
            "revenue": 0
        },
        "2020-06": {
            "month": "2020-06",
            "price": "302.89",
            "revenue": 0
        },
        "2020-07": {
            "month": "2020-07",
            "price": "322.36",
            "revenue": 0
        },
        "2020-08": {
            "month": "2020-08",
            "price": "340.81",
            "revenue": 0
        },
        "2020-09": {
            "month": "2020-09",
            "price": "345.21",
            "revenue": 0
        },
        "2020-10": {
            "month": "2020-10",
            "price": "369.75",
            "revenue": 0
        },
        "2020-11": {
            "month": "2020-11",
            "price": "379.25",
            "revenue": 0
        },
        "2020-12": {
            "month": "2020-12",
            "price": "372.41",
            "revenue": 0
        },
        "2021-01": {
            "month": "2021-01",
            "price": "364.06",
            "revenue": 0
        },
        "2021-02": {
            "month": "2021-02",
            "price": "351.29",
            "revenue": 0
        },
        "2021-03": {
            "month": "2021-03",
            "price": "332.29",
            "revenue": 0
        },
        "2021-04": {
            "month": "2021-04",
            "price": "366.94",
            "revenue": 0
        },
        "2021-05": {
            "month": "2021-05",
            "price": "381.05",
            "revenue": 0
        },
        "2021-06": {
            "month": "2021-06",
            "price": "386.20",
            "revenue": 0
        },
        "2021-07": {
            "month": "2021-07",
            "price": "413.08",
            "revenue": 0
        },
        "2021-08": {
            "month": "2021-08",
            "price": "447.11",
            "revenue": 0
        },
        "2021-09": {
            "month": "2021-09",
            "price": "458.25",
            "revenue": 0
        },
        "2021-10": {
            "month": "2021-10",
            "price": "463.74",
            "revenue": 0
        },
        "2021-11": {
            "month": "2021-11",
            "price": "522.78",
            "revenue": 0
        },
        "2021-12": {
            "month": "2021-12",
            "price": "548.30",
            "revenue": 0
        },
        "2022-01": {
            "month": "2022-01",
            "price": "511.29",
            "revenue": 0
        },
        "2022-02": {
            "month": "2022-02",
            "price": "514.02",
            "revenue": 0
        },
        "2022-03": {
            "month": "2022-03",
            "price": "545.45",
            "revenue": 0
        },
        "2022-04": {
            "month": "2022-04",
            "price": "578.98",
            "revenue": 0
        },
        "2022-05": {
            "month": "2022-05",
            "price": "478.95",
            "revenue": 0
        },
        "2022-06": {
            "month": "2022-06",
            "price": "467.36",
            "revenue": 0
        },
        "2022-07": {
            "month": "2022-07",
            "price": "512.03",
            "revenue": 0
        },
        "2022-08": {
            "month": "2022-08",
            "price": "542.15",
            "revenue": 0
        },
        "2022-09": {
            "month": "2022-09",
            "price": "503.75",
            "revenue": 0
        },
        "2022-10": {
            "month": "2022-10",
            "price": "479.92",
            "revenue": 0
        },
        "2022-11": {
            "month": "2022-11",
            "price": "513.52",
            "revenue": 0
        },
        "2022-12": {
            "month": "2022-12",
            "price": "472.56",
            "revenue": 0
        },
        "2023-01": {
            "month": "2023-01",
            "price": "483.12",
            "revenue": 0
        },
        "2023-02": {
            "month": "2023-02",
            "price": "504.07",
            "revenue": 0
        },
        "2023-03": {
            "month": "2023-03",
            "price": "485.58",
            "revenue": 0
        },
        "2023-04": {
            "month": "2023-04",
            "price": "497.97",
            "revenue": 0
        },
        "2023-05": {
            "month": "2023-05",
            "price": "495.72",
            "revenue": 0
        }
    }
}
