{
    "summary": {
        "stock_name": "Salesforce Inc",
        "stock_id": "CRM",
        "category": "Computer and Technology",
        "main_business": "賽富時公司於1999年2月在特拉華州註冊成立。公司具有全球領先的客戶關係管理（CRM）技術，能夠將公司和客戶聯絡在一起。公司透過現有和新興技術（包括雲、移動、社交、區塊鏈、語音和人工智慧（“AI”）等），使各種規模和行業的公司能夠以新的方式與客戶聯絡，從而實現業務轉型。",
        "website_url": "https://www.salesforce.com/",
        "ceo": "Marc Benioff",
        "pe_ratio": 64,
        "report_year_from": 2005,
        "report_year_to": 2024,
        "age": 18,
        "eps_negative_percentage": 27,
        "eps_growth_avg": {
            "last_all": 14.87,
            "last_2y": null,
            "last_4y": null,
            "last_8y": null,
            "last_12y": null,
            "last_16y": null,
            "last_20y": null,
            "at_2006_last_3y": null,
            "at_2007_last_3y": 0,
            "at_2008_last_3y": 0,
            "at_2009_last_3y": 33.33,
            "at_2010_last_3y": 22.22,
            "at_2011_last_3y": 48.89,
            "at_2012_last_3y": 11.67,
            "at_2013_last_3y": -17.78,
            "at_2014_last_3y": -60,
            "at_2015_last_3y": -100,
            "at_2016_last_3y": null,
            "at_2017_last_3y": null,
            "at_2018_last_3y": 36.17,
            "at_2019_last_3y": 68.09,
            "at_2020_last_3y": 19.34,
            "at_2021_last_3y": 39.51,
            "at_2022_last_3y": 14,
            "at_2023_last_3y": 14,
            "at_2006_last_all": 100,
            "at_2007_last_all": 0,
            "at_2008_last_all": 0,
            "at_2009_last_all": 33.33,
            "at_2010_last_all": 41.67,
            "at_2011_last_all": 29.33,
            "at_2012_last_all": 7.78,
            "at_2013_last_all": 7.78,
            "at_2014_last_all": 7.78,
            "at_2015_last_all": 7.78,
            "at_2016_last_all": 7.78,
            "at_2017_last_all": 7.78,
            "at_2018_last_all": 11.83,
            "at_2019_last_all": 22.85,
            "at_2020_last_all": 11.63,
            "at_2021_last_all": 20.47,
            "at_2022_last_all": 12.62,
            "at_2023_last_all": 12.62
        },
        "latest_eps": 3.08,
        "latest_price": 196.57,
        "latest_roe": 2.71,
        "latest_gross_margin": 75.44,
        "latest_equity": 58082000,
        "latest_revenue": 8603000,
        "latest_gross_profit": 6490000,
        "latest_net_income": 1267000,
        "latest_debt_ratio": 37.17,
        "latest_current_ratio": 101.6,
        "latest_account_receivable_turnover_ratio": 1.27,
        "latest_inventory_turnover_ratio": null,
        "latest_reinvestment_rate": 57.62,
        "latest_research_to_sale_ratio": 14.18
    },
    "eps_dividends": {
        "2001": {
            "cash": 0,
            "stock": 0,
            "eps": 0
        },
        "2002": {
            "cash": 0,
            "stock": 0,
            "eps": 0
        },
        "2003": {
            "cash": 0,
            "stock": 0,
            "eps": -0.09
        },
        "2004": {
            "cash": 0,
            "stock": 0,
            "eps": 0
        },
        "2005": {
            "cash": 0,
            "stock": 0,
            "eps": 0.01
        },
        "2006": {
            "cash": 0,
            "stock": 0,
            "eps": 0.06
        },
        "2007": {
            "cash": 0,
            "stock": 0,
            "eps": 0
        },
        "2008": {
            "cash": 0,
            "stock": 0,
            "eps": 0.03
        },
        "2009": {
            "cash": 0,
            "stock": 0,
            "eps": 0.09
        },
        "2010": {
            "cash": 0,
            "stock": 0,
            "eps": 0.15
        },
        "2011": {
            "cash": 0,
            "stock": 0,
            "eps": 0.12
        },
        "2012": {
            "cash": 0,
            "stock": 0,
            "eps": -0.03
        },
        "2013": {
            "cash": 0,
            "stock": 0,
            "eps": -0.75
        },
        "2014": {
            "cash": 0,
            "stock": 0,
            "eps": -0.4
        },
        "2015": {
            "cash": 0,
            "stock": 0,
            "eps": -0.43
        },
        "2016": {
            "cash": 0,
            "stock": 0,
            "eps": -0.09
        },
        "2017": {
            "cash": 0,
            "stock": 0,
            "eps": 0.47
        },
        "2018": {
            "cash": 0,
            "stock": 0,
            "eps": 0.64
        },
        "2019": {
            "cash": 0,
            "stock": 0,
            "eps": 1.51
        },
        "2020": {
            "cash": 0,
            "stock": 0,
            "eps": 0.33
        },
        "2021": {
            "cash": 0,
            "stock": 0,
            "eps": 4.51
        },
        "2022": {
            "cash": 0,
            "stock": 0,
            "eps": 1.54
        },
        "2023": {
            "cash": 0,
            "stock": 0,
            "eps": 1.07
        },
        "2024": {
            "cash": 0,
            "stock": 0,
            "eps": 2.15
        }
    },
    "dividends": [],
    "prices": {
        "200101": "無",
        "200102": "無",
        "200103": "無",
        "200104": "無",
        "200105": "無",
        "200106": "無",
        "200107": "無",
        "200108": "無",
        "200109": "無",
        "200110": "無",
        "200111": "無",
        "200112": "無",
        "200201": "無",
        "200202": "無",
        "200203": "無",
        "200204": "無",
        "200205": "無",
        "200206": "無",
        "200207": "無",
        "200208": "無",
        "200209": "無",
        "200210": "無",
        "200211": "無",
        "200212": "無",
        "200301": "無",
        "200302": "無",
        "200303": "無",
        "200304": "無",
        "200305": "無",
        "200306": "無",
        "200307": "無",
        "200308": "無",
        "200309": "無",
        "200310": "無",
        "200311": "無",
        "200312": "無",
        "200401": "無",
        "200402": "無",
        "200403": "無",
        "200404": "無",
        "200405": "無",
        "200406": "4.09",
        "200407": "3.73",
        "200408": "2.94",
        "200409": "3.77",
        "200410": "4.54",
        "200411": "4.88",
        "200412": "4.12",
        "200501": "3.83",
        "200502": "3.61",
        "200503": "3.88",
        "200504": "3.72",
        "200505": "4.19",
        "200506": "5.07",
        "200507": "5.40",
        "200508": "5.46",
        "200509": "5.61",
        "200510": "5.86",
        "200511": "7.10",
        "200512": "8.40",
        "200601": "9.77",
        "200602": "9.01",
        "200603": "9.43",
        "200604": "8.63",
        "200605": "7.89",
        "200606": "6.82",
        "200607": "5.97",
        "200608": "7.45",
        "200609": "8.83",
        "200610": "9.92",
        "200611": "10.30",
        "200612": "9.50",
        "200701": "10.31",
        "200702": "11.85",
        "200703": "10.71",
        "200704": "10.78",
        "200705": "11.11",
        "200706": "11.19",
        "200707": "10.81",
        "200708": "10.33",
        "200709": "11.54",
        "200710": "13.47",
        "200711": "13.32",
        "200712": "14.98",
        "200801": "13.71",
        "200802": "13.40",
        "200803": "14.47",
        "200804": "15.98",
        "200805": "16.97",
        "200806": "17.82",
        "200807": "16.48",
        "200808": "15.90",
        "200809": "13.36",
        "200810": "8.36",
        "200811": "6.69",
        "200812": "7.89",
        "200901": "7.35",
        "200902": "6.90",
        "200903": "8.20",
        "200904": "9.55",
        "200905": "10.05",
        "200906": "9.88",
        "200907": "10.12",
        "200908": "12.02",
        "200909": "13.98",
        "200910": "15.04",
        "200911": "15.73",
        "200912": "16.96",
        "201001": "17.27",
        "201002": "16.53",
        "201003": "18.67",
        "201004": "20.73",
        "201005": "21.05",
        "201006": "22.88",
        "201007": "23.50",
        "201008": "26.04",
        "201009": "29.45",
        "201010": "27.14",
        "201011": "30.90",
        "201012": "34.85",
        "201101": "34.18",
        "201102": "34.38",
        "201103": "31.73",
        "201104": "33.84",
        "201105": "34.73",
        "201106": "35.69",
        "201107": "37.97",
        "201108": "31.90",
        "201109": "31.24",
        "201110": "31.67",
        "201111": "30.85",
        "201112": "27.55",
        "201201": "27.19",
        "201202": "32.53",
        "201203": "37.51",
        "201204": "39.07",
        "201205": "36.41",
        "201206": "33.51",
        "201207": "32.82",
        "201208": "35.32",
        "201209": "38.18",
        "201210": "37.84",
        "201211": "37.22",
        "201212": "41.15",
        "201301": "42.94",
        "201302": "42.69",
        "201303": "44.76",
        "201304": "41.62",
        "201305": "43.81",
        "201306": "38.11",
        "201307": "41.33",
        "201308": "44.49",
        "201309": "50.85",
        "201310": "52.70",
        "201311": "54.77",
        "201312": "53.14",
        "201401": "58.02",
        "201402": "62.49",
        "201403": "59.11",
        "201404": "54.74",
        "201405": "52.35",
        "201406": "54.96",
        "201407": "54.98",
        "201408": "55.64",
        "201409": "58.41",
        "201410": "57.38",
        "201411": "61.82",
        "201412": "58.15",
        "201501": "57.65",
        "201502": "61.66",
        "201503": "66.32",
        "201504": "68.00",
        "201505": "72.69",
        "201506": "72.96",
        "201507": "71.99",
        "201508": "70.48",
        "201509": "70.15",
        "201510": "76.55",
        "201511": "78.86",
        "201512": "78.94",
        "201601": "71.82",
        "201602": "62.82",
        "201603": "71.80",
        "201604": "75.78",
        "201605": "78.37",
        "201606": "81.18",
        "201607": "81.18",
        "201608": "79.55",
        "201609": "73.26",
        "201610": "73.02",
        "201611": "74.58",
        "201612": "70.11",
        "201701": "75.63",
        "201702": "80.95",
        "201703": "82.71",
        "201704": "84.19",
        "201705": "88.36",
        "201706": "88.30",
        "201707": "89.34",
        "201708": "91.63",
        "201709": "95.07",
        "201710": "97.51",
        "201711": "105.21",
        "201712": "103.29",
        "201801": "110.35",
        "201802": "111.54",
        "201803": "122.30",
        "201804": "119.80",
        "201805": "127.36",
        "201806": "135.59",
        "201807": "144.27",
        "201808": "146.63",
        "201809": "155.08",
        "201810": "144.37",
        "201811": "132.75",
        "201812": "134.62",
        "201901": "146.07",
        "201902": "159.74",
        "201903": "159.63",
        "201904": "160.38",
        "201905": "156.91",
        "201906": "152.65",
        "201907": "156.76",
        "201908": "146.83",
        "201909": "152.36",
        "201910": "148.66",
        "201911": "161.69",
        "201912": "160.94",
        "202001": "179.96",
        "202002": "185.97",
        "202003": "150.80",
        "202004": "152.10",
        "202005": "172.32",
        "202006": "180.67",
        "202007": "192.39",
        "202008": "215.54",
        "202009": "250.05",
        "202010": "253.03",
        "202011": "252.27",
        "202012": "225.08",
        "202101": "220.83",
        "202102": "238.04",
        "202103": "211.37",
        "202104": "229.31",
        "202105": "220.29",
        "202106": "240.84",
        "202107": "244.07",
        "202108": "252.93",
        "202109": "264.92",
        "202110": "285.61",
        "202111": "301.00",
        "202112": "257.47",
        "202201": "228.09",
        "202202": "211.00",
        "202203": "207.50",
        "202204": "190.45",
        "202205": "165.14",
        "202206": "175.14",
        "202207": "174.16",
        "202208": "181.02",
        "202209": "152.64",
        "202210": "153.67",
        "202211": "151.55",
        "202212": "132.54",
        "202301": "150.53",
        "202302": "167.98",
        "202303": "185.67",
        "202304": "194.91",
        "202305": "205.36",
        "202306": "211.19",
        "202307": "223.27",
        "202308": "211.39",
        "202309": "214.23",
        "202310": "203.87"
    },
    "quarters": {
        "20011": {
            "year_quarter": 20011,
            "year": 2001,
            "quarter": 1,
            "eps": null,
            "eps_growth_year": null,
            "eps_4q": null,
            "eps_4q_growth_year": null,
            "roe": null,
            "roe_4q": 0,
            "gross_profit": null,
            "gross_margin": null,
            "gross_margin_4q_avg": 0,
            "net_income": null,
            "net_income_4q": null,
            "revenue": null,
            "revenue_4q": null,
            "common_shares": null,
            "book_valuer_per_share": null,
            "book_valuer_per_share_4q_avg": 0,
            "equity": null,
            "current_ratio": null,
            "debt_ratio": null,
            "inventory_turnover_ratio": null,
            "account_receivable_turnover_ratio": null,
            "reinvestment_rate": null,
            "research_to_sale_ratio": null,
            "price_fair": 0,
            "eps_avg_yearly": 0,
            "eps_latest_yearly": 0,
            "eps_growth_yearly": 0
        },
        "20012": {
            "year_quarter": 20012,
            "year": 2001,
            "quarter": 2,
            "eps": null,
            "eps_growth_year": null,
            "eps_4q": null,
            "eps_4q_growth_year": null,
            "roe": null,
            "roe_4q": 0,
            "gross_profit": null,
            "gross_margin": null,
            "gross_margin_4q_avg": 0,
            "net_income": null,
            "net_income_4q": null,
            "revenue": null,
            "revenue_4q": null,
            "common_shares": null,
            "book_valuer_per_share": null,
            "book_valuer_per_share_4q_avg": 0,
            "equity": null,
            "current_ratio": null,
            "debt_ratio": null,
            "inventory_turnover_ratio": null,
            "account_receivable_turnover_ratio": null,
            "reinvestment_rate": null,
            "research_to_sale_ratio": null,
            "price_fair": 0,
            "eps_avg_yearly": 0,
            "eps_latest_yearly": 0,
            "eps_growth_yearly": 0
        },
        "20013": {
            "year_quarter": 20013,
            "year": 2001,
            "quarter": 3,
            "eps": null,
            "eps_growth_year": null,
            "eps_4q": null,
            "eps_4q_growth_year": null,
            "roe": null,
            "roe_4q": 0,
            "gross_profit": null,
            "gross_margin": null,
            "gross_margin_4q_avg": 0,
            "net_income": null,
            "net_income_4q": null,
            "revenue": null,
            "revenue_4q": null,
            "common_shares": null,
            "book_valuer_per_share": null,
            "book_valuer_per_share_4q_avg": 0,
            "equity": null,
            "current_ratio": null,
            "debt_ratio": null,
            "inventory_turnover_ratio": null,
            "account_receivable_turnover_ratio": null,
            "reinvestment_rate": null,
            "research_to_sale_ratio": null,
            "price_fair": 0,
            "eps_avg_yearly": 0,
            "eps_latest_yearly": 0,
            "eps_growth_yearly": 0
        },
        "20014": {
            "year_quarter": 20014,
            "year": 2001,
            "quarter": 4,
            "eps": null,
            "eps_growth_year": null,
            "eps_4q": null,
            "eps_4q_growth_year": null,
            "roe": null,
            "roe_4q": 0,
            "gross_profit": null,
            "gross_margin": null,
            "gross_margin_4q_avg": 0,
            "net_income": null,
            "net_income_4q": null,
            "revenue": null,
            "revenue_4q": null,
            "common_shares": null,
            "book_valuer_per_share": null,
            "book_valuer_per_share_4q_avg": 0,
            "equity": null,
            "current_ratio": null,
            "debt_ratio": null,
            "inventory_turnover_ratio": null,
            "account_receivable_turnover_ratio": null,
            "reinvestment_rate": null,
            "research_to_sale_ratio": null,
            "price_fair": 0,
            "eps_avg_yearly": 0,
            "eps_latest_yearly": 0,
            "eps_growth_yearly": 0
        },
        "20021": {
            "year_quarter": 20021,
            "year": 2002,
            "quarter": 1,
            "eps": null,
            "eps_growth_year": null,
            "eps_4q": null,
            "eps_4q_growth_year": null,
            "roe": null,
            "roe_4q": 0,
            "gross_profit": null,
            "gross_margin": null,
            "gross_margin_4q_avg": 0,
            "net_income": null,
            "net_income_4q": null,
            "revenue": null,
            "revenue_4q": null,
            "common_shares": null,
            "book_valuer_per_share": null,
            "book_valuer_per_share_4q_avg": 0,
            "equity": null,
            "current_ratio": null,
            "debt_ratio": null,
            "inventory_turnover_ratio": null,
            "account_receivable_turnover_ratio": null,
            "reinvestment_rate": null,
            "research_to_sale_ratio": null,
            "price_fair": 0,
            "eps_avg_yearly": 0,
            "eps_latest_yearly": 0,
            "eps_growth_yearly": 0
        },
        "20022": {
            "year_quarter": 20022,
            "year": 2002,
            "quarter": 2,
            "eps": null,
            "eps_growth_year": null,
            "eps_4q": null,
            "eps_4q_growth_year": null,
            "roe": null,
            "roe_4q": 0,
            "gross_profit": null,
            "gross_margin": null,
            "gross_margin_4q_avg": 0,
            "net_income": null,
            "net_income_4q": null,
            "revenue": null,
            "revenue_4q": null,
            "common_shares": null,
            "book_valuer_per_share": null,
            "book_valuer_per_share_4q_avg": 0,
            "equity": null,
            "current_ratio": null,
            "debt_ratio": null,
            "inventory_turnover_ratio": null,
            "account_receivable_turnover_ratio": null,
            "reinvestment_rate": null,
            "research_to_sale_ratio": null,
            "price_fair": 0,
            "eps_avg_yearly": 0,
            "eps_latest_yearly": 0,
            "eps_growth_yearly": 0
        },
        "20023": {
            "year_quarter": 20023,
            "year": 2002,
            "quarter": 3,
            "eps": null,
            "eps_growth_year": null,
            "eps_4q": null,
            "eps_4q_growth_year": null,
            "roe": null,
            "roe_4q": 0,
            "gross_profit": null,
            "gross_margin": null,
            "gross_margin_4q_avg": 0,
            "net_income": null,
            "net_income_4q": null,
            "revenue": null,
            "revenue_4q": null,
            "common_shares": null,
            "book_valuer_per_share": null,
            "book_valuer_per_share_4q_avg": 0,
            "equity": null,
            "current_ratio": null,
            "debt_ratio": null,
            "inventory_turnover_ratio": null,
            "account_receivable_turnover_ratio": null,
            "reinvestment_rate": null,
            "research_to_sale_ratio": null,
            "price_fair": 0,
            "eps_avg_yearly": 0,
            "eps_latest_yearly": 0,
            "eps_growth_yearly": 0
        },
        "20033": {
            "year_quarter": 20033,
            "year": 2003,
            "quarter": 3,
            "eps": -0.07,
            "eps_growth_year": null,
            "eps_4q": null,
            "eps_4q_growth_year": null,
            "roe": null,
            "roe_4q": 0,
            "gross_profit": 28319,
            "gross_margin": 79.94,
            "gross_margin_4q_avg": 79.94,
            "net_income": -7346,
            "net_income_4q": null,
            "revenue": 35425,
            "revenue_4q": null,
            "common_shares": null,
            "book_valuer_per_share": null,
            "book_valuer_per_share_4q_avg": 0,
            "equity": null,
            "current_ratio": null,
            "debt_ratio": null,
            "inventory_turnover_ratio": null,
            "account_receivable_turnover_ratio": null,
            "reinvestment_rate": null,
            "research_to_sale_ratio": 9.47,
            "price_fair": 0,
            "eps_avg_yearly": 0,
            "eps_latest_yearly": 0,
            "eps_growth_yearly": 0
        },
        "20034": {
            "year_quarter": 20034,
            "year": 2003,
            "quarter": 4,
            "eps": -0.02,
            "eps_growth_year": null,
            "eps_4q": null,
            "eps_4q_growth_year": null,
            "roe": null,
            "roe_4q": 0,
            "gross_profit": 12309,
            "gross_margin": 79.08,
            "gross_margin_4q_avg": 79.51,
            "net_income": -2285,
            "net_income_4q": null,
            "revenue": 15566,
            "revenue_4q": null,
            "common_shares": 29,
            "book_valuer_per_share": 0.04,
            "book_valuer_per_share_4q_avg": 0.02,
            "equity": 5010,
            "current_ratio": 104.55,
            "debt_ratio": 87.29,
            "inventory_turnover_ratio": null,
            "account_receivable_turnover_ratio": null,
            "reinvestment_rate": null,
            "research_to_sale_ratio": 8.32,
            "price_fair": 0,
            "eps_avg_yearly": 0,
            "eps_latest_yearly": 0,
            "eps_growth_yearly": 0
        },
        "20041": {
            "year_quarter": 20041,
            "year": 2004,
            "quarter": 1,
            "eps": 0,
            "eps_growth_year": null,
            "eps_4q": null,
            "eps_4q_growth_year": null,
            "roe": null,
            "roe_4q": 0,
            "gross_profit": 15558,
            "gross_margin": 82.26,
            "gross_margin_4q_avg": 80.43,
            "net_income": 352,
            "net_income_4q": null,
            "revenue": 18913,
            "revenue_4q": null,
            "common_shares": null,
            "book_valuer_per_share": null,
            "book_valuer_per_share_4q_avg": 0.01,
            "equity": null,
            "current_ratio": null,
            "debt_ratio": null,
            "inventory_turnover_ratio": null,
            "account_receivable_turnover_ratio": null,
            "reinvestment_rate": null,
            "research_to_sale_ratio": 6.56,
            "price_fair": 0,
            "eps_avg_yearly": 0,
            "eps_latest_yearly": 0,
            "eps_growth_yearly": 0
        },
        "20042": {
            "year_quarter": 20042,
            "year": 2004,
            "quarter": 2,
            "eps": 0,
            "eps_growth_year": null,
            "eps_4q": null,
            "eps_4q_growth_year": null,
            "roe": null,
            "roe_4q": 0,
            "gross_profit": 17795,
            "gross_margin": 82.3,
            "gross_margin_4q_avg": 80.9,
            "net_income": 127,
            "net_income_4q": null,
            "revenue": 21623,
            "revenue_4q": null,
            "common_shares": null,
            "book_valuer_per_share": null,
            "book_valuer_per_share_4q_avg": 0.01,
            "equity": null,
            "current_ratio": null,
            "debt_ratio": null,
            "inventory_turnover_ratio": null,
            "account_receivable_turnover_ratio": null,
            "reinvestment_rate": null,
            "research_to_sale_ratio": 7.79,
            "price_fair": 0,
            "eps_avg_yearly": 0,
            "eps_latest_yearly": 0,
            "eps_growth_yearly": 0
        },
        "20043": {
            "year_quarter": 20043,
            "year": 2004,
            "quarter": 3,
            "eps": -0,
            "eps_growth_year": null,
            "eps_4q": -0.02,
            "eps_4q_growth_year": null,
            "roe": null,
            "roe_4q": 0,
            "gross_profit": 20766,
            "gross_margin": 81.65,
            "gross_margin_4q_avg": 81.32,
            "net_income": 3902,
            "net_income_4q": null,
            "revenue": 25434,
            "revenue_4q": null,
            "common_shares": 31,
            "book_valuer_per_share": 0.12,
            "book_valuer_per_share_4q_avg": 0.04,
            "equity": 14289,
            "current_ratio": 112.84,
            "debt_ratio": 78.95,
            "inventory_turnover_ratio": null,
            "account_receivable_turnover_ratio": null,
            "reinvestment_rate": null,
            "research_to_sale_ratio": 7.39,
            "price_fair": 0,
            "eps_avg_yearly": 0,
            "eps_latest_yearly": 0,
            "eps_growth_yearly": 0
        },
        "20044": {
            "year_quarter": 20044,
            "year": 2004,
            "quarter": 4,
            "eps": -0,
            "eps_growth_year": null,
            "eps_4q": -0,
            "eps_4q_growth_year": null,
            "roe": -4.68,
            "roe_4q": -4.68,
            "gross_profit": 24631,
            "gross_margin": 81.96,
            "gross_margin_4q_avg": 82.04,
            "net_income": -683,
            "net_income_4q": null,
            "revenue": 30053,
            "revenue_4q": null,
            "common_shares": 32,
            "book_valuer_per_share": 0.12,
            "book_valuer_per_share_4q_avg": 0.06,
            "equity": 14900,
            "current_ratio": 105.91,
            "debt_ratio": 82.97,
            "inventory_turnover_ratio": null,
            "account_receivable_turnover_ratio": 1.39,
            "reinvestment_rate": null,
            "research_to_sale_ratio": 7.18,
            "price_fair": 0,
            "eps_avg_yearly": 0,
            "eps_latest_yearly": 0,
            "eps_growth_yearly": 0
        },
        "20051": {
            "year_quarter": 20051,
            "year": 2005,
            "quarter": 1,
            "eps": 0,
            "eps_growth_year": 9,
            "eps_4q": 0,
            "eps_4q_growth_year": null,
            "roe": 2.84,
            "roe_4q": -1.8399999999999999,
            "gross_profit": 28476,
            "gross_margin": 81.74,
            "gross_margin_4q_avg": 81.91,
            "net_income": 454,
            "net_income_4q": null,
            "revenue": 34839,
            "revenue_4q": null,
            "common_shares": 33,
            "book_valuer_per_share": 0.13,
            "book_valuer_per_share_4q_avg": 0.09,
            "equity": 17081,
            "current_ratio": 110.01,
            "debt_ratio": 81.63,
            "inventory_turnover_ratio": null,
            "account_receivable_turnover_ratio": 1.37,
            "reinvestment_rate": null,
            "research_to_sale_ratio": 6.11,
            "price_fair": 0,
            "eps_avg_yearly": 0,
            "eps_latest_yearly": 0,
            "eps_growth_yearly": 0
        },
        "20052": {
            "year_quarter": 20052,
            "year": 2005,
            "quarter": 2,
            "eps": 0,
            "eps_growth_year": 292.75,
            "eps_4q": 0,
            "eps_4q_growth_year": null,
            "roe": 1.75,
            "roe_4q": -0.08999999999999986,
            "gross_profit": 32399,
            "gross_margin": 79.84,
            "gross_margin_4q_avg": 81.3,
            "net_income": 1316,
            "net_income_4q": null,
            "revenue": 40581,
            "revenue_4q": null,
            "common_shares": 103,
            "book_valuer_per_share": 0.32,
            "book_valuer_per_share_4q_avg": 0.17,
            "equity": 133187,
            "current_ratio": 175.03,
            "debt_ratio": 41.2,
            "inventory_turnover_ratio": null,
            "account_receivable_turnover_ratio": 1.49,
            "reinvestment_rate": null,
            "research_to_sale_ratio": 5.11,
            "price_fair": 0,
            "eps_avg_yearly": 0,
            "eps_latest_yearly": 0,
            "eps_growth_yearly": 0
        },
        "20053": {
            "year_quarter": 20053,
            "year": 2005,
            "quarter": 3,
            "eps": 0,
            "eps_growth_year": null,
            "eps_4q": 0.01,
            "eps_4q_growth_year": null,
            "roe": 1.65,
            "roe_4q": 1.5600000000000005,
            "gross_profit": 37456,
            "gross_margin": 80.79,
            "gross_margin_4q_avg": 81.08,
            "net_income": 2230,
            "net_income_4q": null,
            "revenue": 46361,
            "revenue_4q": null,
            "common_shares": 103,
            "book_valuer_per_share": 0.33,
            "book_valuer_per_share_4q_avg": 0.23,
            "equity": 137355,
            "current_ratio": 153.97,
            "debt_ratio": 44.32,
            "inventory_turnover_ratio": null,
            "account_receivable_turnover_ratio": 1.37,
            "reinvestment_rate": null,
            "research_to_sale_ratio": 5.31,
            "price_fair": 0,
            "eps_avg_yearly": 0,
            "eps_latest_yearly": 0,
            "eps_growth_yearly": 0
        },
        "20054": {
            "year_quarter": 20054,
            "year": 2005,
            "quarter": 4,
            "eps": 0.01,
            "eps_growth_year": null,
            "eps_4q": 0.02,
            "eps_4q_growth_year": null,
            "roe": 2.79,
            "roe_4q": 9.03,
            "gross_profit": 44590,
            "gross_margin": 81.68,
            "gross_margin_4q_avg": 81.01,
            "net_income": 3936,
            "net_income_4q": null,
            "revenue": 54594,
            "revenue_4q": null,
            "common_shares": 105,
            "book_valuer_per_share": 0.35,
            "book_valuer_per_share_4q_avg": 0.28,
            "equity": 145131,
            "current_ratio": 135.73,
            "debt_ratio": 48.26,
            "inventory_turnover_ratio": null,
            "account_receivable_turnover_ratio": 1.26,
            "reinvestment_rate": null,
            "research_to_sale_ratio": 5.79,
            "price_fair": 0,
            "eps_avg_yearly": 0,
            "eps_latest_yearly": 0,
            "eps_growth_yearly": 0
        },
        "20061": {
            "year_quarter": 20061,
            "year": 2006,
            "quarter": 1,
            "eps": 0.01,
            "eps_growth_year": 718.35,
            "eps_4q": 0.02,
            "eps_4q_growth_year": 79666.67,
            "roe": 3.09,
            "roe_4q": 9.28,
            "gross_profit": 52212,
            "gross_margin": 81.36,
            "gross_margin_4q_avg": 80.92,
            "net_income": 4604,
            "net_income_4q": null,
            "revenue": 64177,
            "revenue_4q": null,
            "common_shares": 106,
            "book_valuer_per_share": 0.36,
            "book_valuer_per_share_4q_avg": 0.34,
            "equity": 152998,
            "current_ratio": 130.67,
            "debt_ratio": 48.07,
            "inventory_turnover_ratio": null,
            "account_receivable_turnover_ratio": 1.41,
            "reinvestment_rate": null,
            "research_to_sale_ratio": 6.7,
            "price_fair": 0.4,
            "eps_avg_yearly": 0.04,
            "eps_latest_yearly": 0.04,
            "eps_growth_yearly": 0
        },
        "20062": {
            "year_quarter": 20062,
            "year": 2006,
            "quarter": 2,
            "eps": 0.01,
            "eps_growth_year": 294.1,
            "eps_4q": 0.03,
            "eps_4q_growth_year": 1456.1,
            "roe": 3.29,
            "roe_4q": 10.82,
            "gross_profit": 55706,
            "gross_margin": 77.43,
            "gross_margin_4q_avg": 80.32,
            "net_income": 5242,
            "net_income_4q": null,
            "revenue": 71943,
            "revenue_4q": null,
            "common_shares": 108,
            "book_valuer_per_share": 0.38,
            "book_valuer_per_share_4q_avg": 0.36,
            "equity": 165402,
            "current_ratio": 129.08,
            "debt_ratio": 48.9,
            "inventory_turnover_ratio": null,
            "account_receivable_turnover_ratio": 1.55,
            "reinvestment_rate": null,
            "research_to_sale_ratio": 7.6,
            "price_fair": 0.4,
            "eps_avg_yearly": 0.04,
            "eps_latest_yearly": 0.04,
            "eps_growth_yearly": 0
        },
        "20063": {
            "year_quarter": 20063,
            "year": 2006,
            "quarter": 3,
            "eps": 0.03,
            "eps_growth_year": 495.9,
            "eps_4q": 0.05,
            "eps_4q_growth_year": 690.49,
            "roe": 7.74,
            "roe_4q": 16.91,
            "gross_profit": 63089,
            "gross_margin": 76.31,
            "gross_margin_4q_avg": 79.2,
            "net_income": 13438,
            "net_income_4q": null,
            "revenue": 82673,
            "revenue_4q": null,
            "common_shares": 108,
            "book_valuer_per_share": 0.42,
            "book_valuer_per_share_4q_avg": 0.38,
            "equity": 181979,
            "current_ratio": 140.84,
            "debt_ratio": 49.37,
            "inventory_turnover_ratio": null,
            "account_receivable_turnover_ratio": 1.6,
            "reinvestment_rate": null,
            "research_to_sale_ratio": 7.99,
            "price_fair": 2.33,
            "eps_avg_yearly": 0.07,
            "eps_latest_yearly": 0.12,
            "eps_growth_yearly": 266.67
        },
        "20064": {
            "year_quarter": 20064,
            "year": 2006,
            "quarter": 4,
            "eps": 0.01,
            "eps_growth_year": 60.5,
            "eps_4q": 0.06,
            "eps_4q_growth_year": 269.57,
            "roe": 3.29,
            "roe_4q": 17.41,
            "gross_profit": 69724,
            "gross_margin": 76.57,
            "gross_margin_4q_avg": 77.92,
            "net_income": 6224,
            "net_income_4q": null,
            "revenue": 91064,
            "revenue_4q": null,
            "common_shares": 111,
            "book_valuer_per_share": 0.44,
            "book_valuer_per_share_4q_avg": 0.4,
            "equity": 196371,
            "current_ratio": 129.23,
            "debt_ratio": 54.83,
            "inventory_turnover_ratio": null,
            "account_receivable_turnover_ratio": 1.41,
            "reinvestment_rate": null,
            "research_to_sale_ratio": 7.64,
            "price_fair": 2.1,
            "eps_avg_yearly": 0.06,
            "eps_latest_yearly": 0.04,
            "eps_growth_yearly": 133.33
        },
        "20071": {
            "year_quarter": 20071,
            "year": 2007,
            "quarter": 1,
            "eps": -0,
            "eps_growth_year": -105.83,
            "eps_4q": 0.05,
            "eps_4q_growth_year": 109.19,
            "roe": 0.12,
            "roe_4q": 14.440000000000001,
            "gross_profit": 80126,
            "gross_margin": 76.54,
            "gross_margin_4q_avg": 76.71,
            "net_income": 255,
            "net_income_4q": null,
            "revenue": 104686,
            "revenue_4q": null,
            "common_shares": 111,
            "book_valuer_per_share": 0.46,
            "book_valuer_per_share_4q_avg": 0.43,
            "equity": 211877,
            "current_ratio": 137.52,
            "debt_ratio": 53.68,
            "inventory_turnover_ratio": null,
            "account_receivable_turnover_ratio": 1.41,
            "reinvestment_rate": null,
            "research_to_sale_ratio": 8.43,
            "price_fair": 2.1,
            "eps_avg_yearly": 0.06,
            "eps_latest_yearly": 0.04,
            "eps_growth_yearly": 133.33
        },
        "20072": {
            "year_quarter": 20072,
            "year": 2007,
            "quarter": 2,
            "eps": -0,
            "eps_growth_year": -103,
            "eps_4q": 0.04,
            "eps_4q_growth_year": 22.45,
            "roe": 0.14,
            "roe_4q": 11.29,
            "gross_profit": 89006,
            "gross_margin": 75.34,
            "gross_margin_4q_avg": 76.19,
            "net_income": 315,
            "net_income_4q": null,
            "revenue": 118137,
            "revenue_4q": null,
            "common_shares": 112,
            "book_valuer_per_share": 0.5,
            "book_valuer_per_share_4q_avg": 0.46,
            "equity": 230119,
            "current_ratio": 138.6,
            "debt_ratio": 54.1,
            "inventory_turnover_ratio": null,
            "account_receivable_turnover_ratio": 1.6,
            "reinvestment_rate": null,
            "research_to_sale_ratio": 9.32,
            "price_fair": 2.1,
            "eps_avg_yearly": 0.06,
            "eps_latest_yearly": 0.04,
            "eps_growth_yearly": 133.33
        },
        "20073": {
            "year_quarter": 20073,
            "year": 2007,
            "quarter": 3,
            "eps": 0,
            "eps_growth_year": -97.46,
            "eps_4q": 0.01,
            "eps_4q_growth_year": -77.82,
            "roe": 0.37,
            "roe_4q": 3.92,
            "gross_profit": 98693,
            "gross_margin": 75.89,
            "gross_margin_4q_avg": 76.09,
            "net_income": 900,
            "net_income_4q": null,
            "revenue": 130053,
            "revenue_4q": null,
            "common_shares": 114,
            "book_valuer_per_share": 0.55,
            "book_valuer_per_share_4q_avg": 0.49,
            "equity": 256381,
            "current_ratio": 120.95,
            "debt_ratio": 53.86,
            "inventory_turnover_ratio": null,
            "account_receivable_turnover_ratio": 1.64,
            "reinvestment_rate": 344.64,
            "research_to_sale_ratio": 8.8,
            "price_fair": 2.1,
            "eps_avg_yearly": 0.06,
            "eps_latest_yearly": 0.04,
            "eps_growth_yearly": 133.33
        },
        "20074": {
            "year_quarter": 20074,
            "year": 2007,
            "quarter": 4,
            "eps": 0,
            "eps_growth_year": -91.39,
            "eps_4q": 0,
            "eps_4q_growth_year": -98.45,
            "roe": 0.46,
            "roe_4q": 1.09,
            "gross_profit": 110383,
            "gross_margin": 76.54,
            "gross_margin_4q_avg": 76.08,
            "net_income": 1231,
            "net_income_4q": null,
            "revenue": 144222,
            "revenue_4q": null,
            "common_shares": 115,
            "book_valuer_per_share": 0.57,
            "book_valuer_per_share_4q_avg": 0.52,
            "equity": 281791,
            "current_ratio": 112.3,
            "debt_ratio": 57.61,
            "inventory_turnover_ratio": null,
            "account_receivable_turnover_ratio": 1.36,
            "reinvestment_rate": 388.06,
            "research_to_sale_ratio": 9.24,
            "price_fair": 2.1,
            "eps_avg_yearly": 0.06,
            "eps_latest_yearly": 0.04,
            "eps_growth_yearly": 133.33
        },
        "20081": {
            "year_quarter": 20081,
            "year": 2008,
            "quarter": 1,
            "eps": 0,
            "eps_growth_year": null,
            "eps_4q": 0,
            "eps_4q_growth_year": -94.11,
            "roe": 0.49,
            "roe_4q": 1.46,
            "gross_profit": 123245,
            "gross_margin": 75.88,
            "gross_margin_4q_avg": 75.91,
            "net_income": 1448,
            "net_income_4q": null,
            "revenue": 162412,
            "revenue_4q": null,
            "common_shares": 115,
            "book_valuer_per_share": 0.61,
            "book_valuer_per_share_4q_avg": 0.56,
            "equity": 309282,
            "current_ratio": 106.05,
            "debt_ratio": 55.69,
            "inventory_turnover_ratio": null,
            "account_receivable_turnover_ratio": 1.39,
            "reinvestment_rate": 457.06,
            "research_to_sale_ratio": 8.69,
            "price_fair": 2.1,
            "eps_avg_yearly": 0.06,
            "eps_latest_yearly": 0.04,
            "eps_growth_yearly": 133.33
        },
        "20082": {
            "year_quarter": 20082,
            "year": 2008,
            "quarter": 2,
            "eps": 0.01,
            "eps_growth_year": null,
            "eps_4q": 0.01,
            "eps_4q_growth_year": -71.92,
            "roe": 1.39,
            "roe_4q": 2.71,
            "gross_profit": 135167,
            "gross_margin": 76.55,
            "gross_margin_4q_avg": 76.22,
            "net_income": 4589,
            "net_income_4q": null,
            "revenue": 176579,
            "revenue_4q": null,
            "common_shares": 117,
            "book_valuer_per_share": 0.69,
            "book_valuer_per_share_4q_avg": 0.61,
            "equity": 351056,
            "current_ratio": 115.79,
            "debt_ratio": 54.75,
            "inventory_turnover_ratio": null,
            "account_receivable_turnover_ratio": 1.61,
            "reinvestment_rate": 402.86,
            "research_to_sale_ratio": 8.55,
            "price_fair": 2.1,
            "eps_avg_yearly": 0.06,
            "eps_latest_yearly": 0.04,
            "eps_growth_yearly": 133.33
        },
        "20083": {
            "year_quarter": 20083,
            "year": 2008,
            "quarter": 3,
            "eps": 0.01,
            "eps_growth_year": 1604.29,
            "eps_4q": 0.02,
            "eps_4q_growth_year": 82.42,
            "roe": 2.03,
            "roe_4q": 4.37,
            "gross_profit": 148522,
            "gross_margin": 77.03,
            "gross_margin_4q_avg": 76.5,
            "net_income": 7637,
            "net_income_4q": null,
            "revenue": 192803,
            "revenue_4q": null,
            "common_shares": 118,
            "book_valuer_per_share": 0.78,
            "book_valuer_per_share_4q_avg": 0.66,
            "equity": 401295,
            "current_ratio": 123.34,
            "debt_ratio": 53.61,
            "inventory_turnover_ratio": null,
            "account_receivable_turnover_ratio": 1.63,
            "reinvestment_rate": 386.18,
            "research_to_sale_ratio": 8.76,
            "price_fair": 1.96,
            "eps_avg_yearly": 0.06,
            "eps_latest_yearly": 0.04,
            "eps_growth_yearly": 106.67
        },
        "20084": {
            "year_quarter": 20084,
            "year": 2008,
            "quarter": 4,
            "eps": 0.01,
            "eps_growth_year": 1307.55,
            "eps_4q": 0.04,
            "eps_4q_growth_year": 3819.57,
            "roe": 2.15,
            "roe_4q": 6.06,
            "gross_profit": 170175,
            "gross_margin": 78.46,
            "gross_margin_4q_avg": 76.98,
            "net_income": 9154,
            "net_income_4q": null,
            "revenue": 216906,
            "revenue_4q": null,
            "common_shares": 119,
            "book_valuer_per_share": 0.88,
            "book_valuer_per_share_4q_avg": 0.74,
            "equity": 452059,
            "current_ratio": 122.26,
            "debt_ratio": 58.51,
            "inventory_turnover_ratio": null,
            "account_receivable_turnover_ratio": 1.27,
            "reinvestment_rate": 358.81,
            "research_to_sale_ratio": 8.16,
            "price_fair": 1.87,
            "eps_avg_yearly": 0.05,
            "eps_latest_yearly": 0.04,
            "eps_growth_yearly": 88.89
        },
        "20091": {
            "year_quarter": 20091,
            "year": 2009,
            "quarter": 1,
            "eps": 0.02,
            "eps_growth_year": 1171.52,
            "eps_4q": 0.05,
            "eps_4q_growth_year": 1722.03,
            "roe": 2.32,
            "roe_4q": 7.89,
            "gross_profit": 196324,
            "gross_margin": 79.28,
            "gross_margin_4q_avg": 77.83,
            "net_income": 11069,
            "net_income_4q": null,
            "revenue": 247622,
            "revenue_4q": null,
            "common_shares": 120,
            "book_valuer_per_share": 0.98,
            "book_valuer_per_share_4q_avg": 0.83,
            "equity": 503067,
            "current_ratio": 122.79,
            "debt_ratio": 55.07,
            "inventory_turnover_ratio": null,
            "account_receivable_turnover_ratio": 1.36,
            "reinvestment_rate": 299.64,
            "research_to_sale_ratio": 7.98,
            "price_fair": 2,
            "eps_avg_yearly": 0.06,
            "eps_latest_yearly": 0.08,
            "eps_growth_yearly": 133.33
        },
        "20092": {
            "year_quarter": 20092,
            "year": 2009,
            "quarter": 2,
            "eps": 0.02,
            "eps_growth_year": 158.31,
            "eps_4q": 0.07,
            "eps_4q_growth_year": 501.09,
            "roe": 2.13,
            "roe_4q": 8.629999999999999,
            "gross_profit": 208986,
            "gross_margin": 79.44,
            "gross_margin_4q_avg": 78.55,
            "net_income": 11408,
            "net_income_4q": null,
            "revenue": 263077,
            "revenue_4q": null,
            "common_shares": 121,
            "book_valuer_per_share": 1.1,
            "book_valuer_per_share_4q_avg": 0.94,
            "equity": 565976,
            "current_ratio": 133.73,
            "debt_ratio": 52.97,
            "inventory_turnover_ratio": null,
            "account_receivable_turnover_ratio": 1.81,
            "reinvestment_rate": 237,
            "research_to_sale_ratio": 9.14,
            "price_fair": 2.1,
            "eps_avg_yearly": 0.06,
            "eps_latest_yearly": 0.08,
            "eps_growth_yearly": 116.67
        },
        "20093": {
            "year_quarter": 20093,
            "year": 2009,
            "quarter": 3,
            "eps": 0.02,
            "eps_growth_year": 69.57,
            "eps_4q": 0.07,
            "eps_4q_growth_year": 234.41,
            "roe": 1.97,
            "roe_4q": 8.57,
            "gross_profit": 220139,
            "gross_margin": 79.62,
            "gross_margin_4q_avg": 79.2,
            "net_income": 11683,
            "net_income_4q": null,
            "revenue": 276487,
            "revenue_4q": null,
            "common_shares": 122,
            "book_valuer_per_share": 1.13,
            "book_valuer_per_share_4q_avg": 1.02,
            "equity": 618387,
            "current_ratio": 137.88,
            "debt_ratio": 51.53,
            "inventory_turnover_ratio": null,
            "account_receivable_turnover_ratio": 1.82,
            "reinvestment_rate": 165.78,
            "research_to_sale_ratio": 9.5,
            "price_fair": 2.18,
            "eps_avg_yearly": 0.06,
            "eps_latest_yearly": 0.08,
            "eps_growth_yearly": 103.7
        },
        "20094": {
            "year_quarter": 20094,
            "year": 2009,
            "quarter": 4,
            "eps": 0.03,
            "eps_growth_year": 85.05,
            "eps_4q": 0.09,
            "eps_4q_growth_year": 141.07,
            "roe": 2.15,
            "roe_4q": 8.57,
            "gross_profit": 230849,
            "gross_margin": 79.72,
            "gross_margin_4q_avg": 79.52,
            "net_income": 13875,
            "net_income_4q": null,
            "revenue": 289583,
            "revenue_4q": null,
            "common_shares": 123,
            "book_valuer_per_share": 1.2,
            "book_valuer_per_share_4q_avg": 1.1,
            "equity": 671784,
            "current_ratio": 139.32,
            "debt_ratio": 54.6,
            "inventory_turnover_ratio": null,
            "account_receivable_turnover_ratio": 1.37,
            "reinvestment_rate": 136.6,
            "research_to_sale_ratio": 10.17,
            "price_fair": 2.38,
            "eps_avg_yearly": 0.07,
            "eps_latest_yearly": 0.12,
            "eps_growth_yearly": 113.33
        },
        "20101": {
            "year_quarter": 20101,
            "year": 2010,
            "quarter": 1,
            "eps": 0.04,
            "eps_growth_year": 91.51,
            "eps_4q": 0.1,
            "eps_4q_growth_year": 94.42,
            "roe": 2.71,
            "roe_4q": 8.959999999999999,
            "gross_profit": 243124,
            "gross_margin": 79.73,
            "gross_margin_4q_avg": 79.63,
            "net_income": 18993,
            "net_income_4q": null,
            "revenue": 304924,
            "revenue_4q": null,
            "common_shares": 124,
            "book_valuer_per_share": 1.31,
            "book_valuer_per_share_4q_avg": 1.19,
            "equity": 727855,
            "current_ratio": 110.54,
            "debt_ratio": 50.41,
            "inventory_turnover_ratio": null,
            "account_receivable_turnover_ratio": 1.48,
            "reinvestment_rate": 339.87,
            "research_to_sale_ratio": 10.36,
            "price_fair": 2.8,
            "eps_avg_yearly": 0.08,
            "eps_latest_yearly": 0.16,
            "eps_growth_yearly": 126.67
        },
        "20102": {
            "year_quarter": 20102,
            "year": 2010,
            "quarter": 2,
            "eps": 0.04,
            "eps_growth_year": 110.51,
            "eps_4q": 0.13,
            "eps_4q_growth_year": 91.81,
            "roe": 2.88,
            "roe_4q": 9.71,
            "gross_profit": 253565,
            "gross_margin": 80.23,
            "gross_margin_4q_avg": 79.83,
            "net_income": 21841,
            "net_income_4q": null,
            "revenue": 316061,
            "revenue_4q": null,
            "common_shares": 124,
            "book_valuer_per_share": 1.43,
            "book_valuer_per_share_4q_avg": 1.27,
            "equity": 791117,
            "current_ratio": 98.42,
            "debt_ratio": 49.17,
            "inventory_turnover_ratio": null,
            "account_receivable_turnover_ratio": 2.01,
            "reinvestment_rate": 410.74,
            "research_to_sale_ratio": 9.84,
            "price_fair": 3.22,
            "eps_avg_yearly": 0.09,
            "eps_latest_yearly": 0.16,
            "eps_growth_yearly": 126.67
        },
        "20103": {
            "year_quarter": 20103,
            "year": 2010,
            "quarter": 3,
            "eps": 0.04,
            "eps_growth_year": 98.81,
            "eps_4q": 0.15,
            "eps_4q_growth_year": 97.29,
            "roe": 2.6,
            "roe_4q": 10.340000000000002,
            "gross_profit": 264979,
            "gross_margin": 80.16,
            "gross_margin_4q_avg": 79.96,
            "net_income": 21443,
            "net_income_4q": null,
            "revenue": 330549,
            "revenue_4q": null,
            "common_shares": 125,
            "book_valuer_per_share": 1.55,
            "book_valuer_per_share_4q_avg": 1.37,
            "equity": 858891,
            "current_ratio": 105.02,
            "debt_ratio": 47.73,
            "inventory_turnover_ratio": null,
            "account_receivable_turnover_ratio": 1.84,
            "reinvestment_rate": 394.15,
            "research_to_sale_ratio": 9.91,
            "price_fair": 3.36,
            "eps_avg_yearly": 0.1,
            "eps_latest_yearly": 0.16,
            "eps_growth_yearly": 46.67
        },
        "20104": {
            "year_quarter": 20104,
            "year": 2010,
            "quarter": 4,
            "eps": 0.03,
            "eps_growth_year": 26.33,
            "eps_4q": 0.15,
            "eps_4q_growth_year": 76.85,
            "roe": 2.1,
            "roe_4q": 10.29,
            "gross_profit": 264135,
            "gross_margin": 80.42,
            "gross_margin_4q_avg": 80.14,
            "net_income": 19965,
            "net_income_4q": null,
            "revenue": 328424,
            "revenue_4q": null,
            "common_shares": 127,
            "book_valuer_per_share": 1.87,
            "book_valuer_per_share_4q_avg": 1.54,
            "equity": 1043802,
            "current_ratio": 187.88,
            "debt_ratio": 57.57,
            "inventory_turnover_ratio": null,
            "account_receivable_turnover_ratio": 1.28,
            "reinvestment_rate": 287.41,
            "research_to_sale_ratio": 10.74,
            "price_fair": 3.64,
            "eps_avg_yearly": 0.1,
            "eps_latest_yearly": 0.12,
            "eps_growth_yearly": 63.33
        },
        "20111": {
            "year_quarter": 20111,
            "year": 2011,
            "quarter": 1,
            "eps": 0.03,
            "eps_growth_year": -8.78,
            "eps_4q": 0.15,
            "eps_4q_growth_year": 44.03,
            "roe": 1.82,
            "roe_4q": 9.399999999999999,
            "gross_profit": 305232,
            "gross_margin": 81,
            "gross_margin_4q_avg": 80.45,
            "net_income": 19876,
            "net_income_4q": null,
            "revenue": 376813,
            "revenue_4q": null,
            "common_shares": 129,
            "book_valuer_per_share": 2.03,
            "book_valuer_per_share_4q_avg": 1.72,
            "equity": 1134510,
            "current_ratio": 150.79,
            "debt_ratio": 54.4,
            "inventory_turnover_ratio": null,
            "account_receivable_turnover_ratio": 1.49,
            "reinvestment_rate": 494.88,
            "research_to_sale_ratio": 10.65,
            "price_fair": 3.69,
            "eps_avg_yearly": 0.11,
            "eps_latest_yearly": 0.12,
            "eps_growth_yearly": 57.58
        },
        "20112": {
            "year_quarter": 20112,
            "year": 2011,
            "quarter": 2,
            "eps": 0.03,
            "eps_growth_year": -34.39,
            "eps_4q": 0.14,
            "eps_4q_growth_year": 7.61,
            "roe": 1.4,
            "roe_4q": 7.92,
            "gross_profit": 316582,
            "gross_margin": 80.27,
            "gross_margin_4q_avg": 80.46,
            "net_income": 16583,
            "net_income_4q": null,
            "revenue": 394372,
            "revenue_4q": null,
            "common_shares": 130,
            "book_valuer_per_share": 1.88,
            "book_valuer_per_share_4q_avg": 1.83,
            "equity": 1240626,
            "current_ratio": 119.77,
            "debt_ratio": 54.02,
            "inventory_turnover_ratio": null,
            "account_receivable_turnover_ratio": 1.91,
            "reinvestment_rate": 510.35,
            "research_to_sale_ratio": 10.89,
            "price_fair": 3.73,
            "eps_avg_yearly": 0.11,
            "eps_latest_yearly": 0.12,
            "eps_growth_yearly": 52.78
        },
        "20113": {
            "year_quarter": 20113,
            "year": 2011,
            "quarter": 3,
            "eps": 0.04,
            "eps_growth_year": -4.43,
            "eps_4q": 0.13,
            "eps_4q_growth_year": -8.29,
            "roe": 1.83,
            "roe_4q": 7.15,
            "gross_profit": 346956,
            "gross_margin": 80.86,
            "gross_margin_4q_avg": 80.64,
            "net_income": 22368,
            "net_income_4q": null,
            "revenue": 429087,
            "revenue_4q": null,
            "common_shares": 131,
            "book_valuer_per_share": 1.77,
            "book_valuer_per_share_4q_avg": 1.89,
            "equity": 1210288,
            "current_ratio": 120.13,
            "debt_ratio": 55.84,
            "inventory_turnover_ratio": null,
            "account_receivable_turnover_ratio": 1.76,
            "reinvestment_rate": 417.72,
            "research_to_sale_ratio": 11.02,
            "price_fair": 3.88,
            "eps_avg_yearly": 0.11,
            "eps_latest_yearly": 0.16,
            "eps_growth_yearly": 58.97
        },
        "20114": {
            "year_quarter": 20114,
            "year": 2011,
            "quarter": 4,
            "eps": 0.02,
            "eps_growth_year": -44.21,
            "eps_4q": 0.12,
            "eps_4q_growth_year": -22.66,
            "roe": 0.87,
            "roe_4q": 5.92,
            "gross_profit": 364556,
            "gross_margin": 79.79,
            "gross_margin_4q_avg": 80.48,
            "net_income": 10870,
            "net_income_4q": null,
            "revenue": 456867,
            "revenue_4q": null,
            "common_shares": 133,
            "book_valuer_per_share": 1.34,
            "book_valuer_per_share_4q_avg": 1.76,
            "equity": 1276491,
            "current_ratio": 84.21,
            "debt_ratio": 58.71,
            "inventory_turnover_ratio": null,
            "account_receivable_turnover_ratio": 1.33,
            "reinvestment_rate": 453.86,
            "research_to_sale_ratio": 12.59,
            "price_fair": 3.8,
            "eps_avg_yearly": 0.11,
            "eps_latest_yearly": 0.08,
            "eps_growth_yearly": 40.48
        },
        "20121": {
            "year_quarter": 20121,
            "year": 2012,
            "quarter": 1,
            "eps": 0,
            "eps_growth_year": -97.2,
            "eps_4q": 0.09,
            "eps_4q_growth_year": -42.65,
            "roe": 0.04,
            "roe_4q": 4.140000000000001,
            "gross_profit": 401298,
            "gross_margin": 79.57,
            "gross_margin_4q_avg": 80.12,
            "net_income": 530,
            "net_income_4q": null,
            "revenue": 504364,
            "revenue_4q": null,
            "common_shares": 134,
            "book_valuer_per_share": 1.28,
            "book_valuer_per_share_4q_avg": 1.57,
            "equity": 1255642,
            "current_ratio": 70.5,
            "debt_ratio": 59.86,
            "inventory_turnover_ratio": null,
            "account_receivable_turnover_ratio": 1.45,
            "reinvestment_rate": 422.27,
            "research_to_sale_ratio": 12.95,
            "price_fair": 3.8,
            "eps_avg_yearly": 0.11,
            "eps_latest_yearly": 0.08,
            "eps_growth_yearly": 40.48
        },
        "20122": {
            "year_quarter": 20122,
            "year": 2012,
            "quarter": 2,
            "eps": -0.01,
            "eps_growth_year": -128.76,
            "eps_4q": 0.05,
            "eps_4q_growth_year": -62.57,
            "roe": -0.32,
            "roe_4q": 2.42,
            "gross_profit": 425092,
            "gross_margin": 77.86,
            "gross_margin_4q_avg": 79.52,
            "net_income": -4268,
            "net_income_4q": null,
            "revenue": 546002,
            "revenue_4q": null,
            "common_shares": 135,
            "book_valuer_per_share": 0.9,
            "book_valuer_per_share_4q_avg": 1.32,
            "equity": 1418123,
            "current_ratio": 61.45,
            "debt_ratio": 58.55,
            "inventory_turnover_ratio": null,
            "account_receivable_turnover_ratio": 1.78,
            "reinvestment_rate": 428.6,
            "research_to_sale_ratio": 13.44,
            "price_fair": 3.8,
            "eps_avg_yearly": 0.11,
            "eps_latest_yearly": 0.08,
            "eps_growth_yearly": 40.48
        },
        "20123": {
            "year_quarter": 20123,
            "year": 2012,
            "quarter": 3,
            "eps": -0.01,
            "eps_growth_year": -117.98,
            "eps_4q": 0.01,
            "eps_4q_growth_year": -95.84,
            "roe": -0.26,
            "roe_4q": 0.32999999999999996,
            "gross_profit": 455695,
            "gross_margin": 78,
            "gross_margin_4q_avg": 78.81,
            "net_income": -3756,
            "net_income_4q": null,
            "revenue": 584260,
            "revenue_4q": null,
            "common_shares": 136,
            "book_valuer_per_share": 0.93,
            "book_valuer_per_share_4q_avg": 1.11,
            "equity": 1498389,
            "current_ratio": 62.66,
            "debt_ratio": 57.33,
            "inventory_turnover_ratio": null,
            "account_receivable_turnover_ratio": 1.78,
            "reinvestment_rate": 437.92,
            "research_to_sale_ratio": 13.02,
            "price_fair": 3.98,
            "eps_avg_yearly": 0.11,
            "eps_latest_yearly": 0.08,
            "eps_growth_yearly": 43.59
        },
        "20124": {
            "year_quarter": 20124,
            "year": 2012,
            "quarter": 4,
            "eps": -0.01,
            "eps_growth_year": -138.34,
            "eps_4q": -0.02,
            "eps_4q_growth_year": -117.94,
            "roe": -0.26,
            "roe_4q": -0.8,
            "gross_profit": 495568,
            "gross_margin": 78.42,
            "gross_margin_4q_avg": 78.46,
            "net_income": -4078,
            "net_income_4q": null,
            "revenue": 631913,
            "revenue_4q": null,
            "common_shares": 137,
            "book_valuer_per_share": 1.01,
            "book_valuer_per_share_4q_avg": 1.03,
            "equity": 1587360,
            "current_ratio": 71.97,
            "debt_ratio": 61.88,
            "inventory_turnover_ratio": null,
            "account_receivable_turnover_ratio": 1.27,
            "reinvestment_rate": 464.75,
            "research_to_sale_ratio": 12.76,
            "price_fair": 4.2,
            "eps_avg_yearly": 0.12,
            "eps_latest_yearly": 0.08,
            "eps_growth_yearly": 47.22
        },
        "20131": {
            "year_quarter": 20131,
            "year": 2013,
            "quarter": 1,
            "eps": -0.04,
            "eps_growth_year": -3848.94,
            "eps_4q": -0.06,
            "eps_4q_growth_year": -166.63,
            "roe": -1.15,
            "roe_4q": -1.99,
            "gross_profit": 543916,
            "gross_margin": 78.21,
            "gross_margin_4q_avg": 78.12,
            "net_income": -19475,
            "net_income_4q": null,
            "revenue": 695467,
            "revenue_4q": null,
            "common_shares": 138,
            "book_valuer_per_share": 1.33,
            "book_valuer_per_share_4q_avg": 1.04,
            "equity": 1809769,
            "current_ratio": 78.9,
            "debt_ratio": 56.46,
            "inventory_turnover_ratio": null,
            "account_receivable_turnover_ratio": 1.32,
            "reinvestment_rate": 733.54,
            "research_to_sale_ratio": 13.63,
            "price_fair": 3.11,
            "eps_avg_yearly": 0.12,
            "eps_latest_yearly": 0.08,
            "eps_growth_yearly": 15.15
        },
        "20132": {
            "year_quarter": 20132,
            "year": 2013,
            "quarter": 2,
            "eps": -0.02,
            "eps_growth_year": null,
            "eps_4q": -0.07,
            "eps_4q_growth_year": -231.98,
            "roe": -0.53,
            "roe_4q": -2.2,
            "gross_profit": 569231,
            "gross_margin": 77.8,
            "gross_margin_4q_avg": 78.11,
            "net_income": -9829,
            "net_income_4q": null,
            "revenue": 731649,
            "revenue_4q": null,
            "common_shares": 139,
            "book_valuer_per_share": 1.48,
            "book_valuer_per_share_4q_avg": 1.19,
            "equity": 1892314,
            "current_ratio": 79.56,
            "debt_ratio": 57.51,
            "inventory_turnover_ratio": null,
            "account_receivable_turnover_ratio": 1.79,
            "reinvestment_rate": 702.41,
            "research_to_sale_ratio": 13.59,
            "price_fair": 3.41,
            "eps_avg_yearly": 0.13,
            "eps_latest_yearly": 0.08,
            "eps_growth_yearly": 16.67
        },
        "20133": {
            "year_quarter": 20133,
            "year": 2013,
            "quarter": 3,
            "eps": -0.65,
            "eps_growth_year": null,
            "eps_4q": -0.71,
            "eps_4q_growth_year": -12798.03,
            "roe": -11.08,
            "roe_4q": -13.02,
            "gross_profit": 602150,
            "gross_margin": 76.38,
            "gross_margin_4q_avg": 77.7,
            "net_income": -220297,
            "net_income_4q": null,
            "revenue": 788398,
            "revenue_4q": null,
            "common_shares": 142,
            "book_valuer_per_share": 0.47,
            "book_valuer_per_share_4q_avg": 1.07,
            "equity": 2083615,
            "current_ratio": 54.12,
            "debt_ratio": 55.12,
            "inventory_turnover_ratio": null,
            "account_receivable_turnover_ratio": 1.82,
            "reinvestment_rate": -1368.55,
            "research_to_sale_ratio": 14.47,
            "price_fair": 3.8,
            "eps_avg_yearly": 0.13,
            "eps_latest_yearly": 0.08,
            "eps_growth_yearly": 18.52
        },
        "20134": {
            "year_quarter": 20134,
            "year": 2013,
            "quarter": 4,
            "eps": -0.04,
            "eps_growth_year": null,
            "eps_4q": -0.74,
            "eps_4q_growth_year": null,
            "roe": -0.95,
            "roe_4q": -13.709999999999999,
            "gross_profit": 651319,
            "gross_margin": 78.03,
            "gross_margin_4q_avg": 77.61,
            "net_income": -20844,
            "net_income_4q": null,
            "revenue": 834681,
            "revenue_4q": null,
            "common_shares": 586,
            "book_valuer_per_share": 0.99,
            "book_valuer_per_share_4q_avg": 1.07,
            "equity": 2317633,
            "current_ratio": 69.09,
            "debt_ratio": 58.08,
            "inventory_turnover_ratio": null,
            "account_receivable_turnover_ratio": 1.29,
            "reinvestment_rate": -774.3,
            "research_to_sale_ratio": 14.52,
            "price_fair": 0.41,
            "eps_avg_yearly": 0.14,
            "eps_latest_yearly": 0.08,
            "eps_growth_yearly": -4.17
        },
        "20141": {
            "year_quarter": 20141,
            "year": 2014,
            "quarter": 1,
            "eps": -0.12,
            "eps_growth_year": null,
            "eps_4q": -0.82,
            "eps_4q_growth_year": null,
            "roe": -2.83,
            "roe_4q": -15.389999999999999,
            "gross_profit": 683639,
            "gross_margin": 76.59,
            "gross_margin_4q_avg": 77.2,
            "net_income": -67721,
            "net_income_4q": null,
            "revenue": 892633,
            "revenue_4q": null,
            "common_shares": 590,
            "book_valuer_per_share": 1.12,
            "book_valuer_per_share_4q_avg": 1.02,
            "equity": 2462796,
            "current_ratio": 105.36,
            "debt_ratio": 62.19,
            "inventory_turnover_ratio": null,
            "account_receivable_turnover_ratio": 1.3,
            "reinvestment_rate": -456.01,
            "research_to_sale_ratio": 14.78,
            "price_fair": 0.39,
            "eps_avg_yearly": 0.13,
            "eps_latest_yearly": 0.08,
            "eps_growth_yearly": -23.81
        },
        "20142": {
            "year_quarter": 20142,
            "year": 2014,
            "quarter": 2,
            "eps": 0.12,
            "eps_growth_year": null,
            "eps_4q": -0.68,
            "eps_4q_growth_year": null,
            "roe": 2.9,
            "roe_4q": -11.96,
            "gross_profit": 739377,
            "gross_margin": 77.25,
            "gross_margin_4q_avg": 77.06,
            "net_income": 76603,
            "net_income_4q": null,
            "revenue": 957094,
            "revenue_4q": null,
            "common_shares": 596,
            "book_valuer_per_share": -2.83,
            "book_valuer_per_share_4q_avg": -0.06,
            "equity": 2818649,
            "current_ratio": 55.44,
            "debt_ratio": 64.63,
            "inventory_turnover_ratio": null,
            "account_receivable_turnover_ratio": 1.74,
            "reinvestment_rate": -538.61,
            "research_to_sale_ratio": 15.47,
            "price_fair": 0.38,
            "eps_avg_yearly": 0.13,
            "eps_latest_yearly": 0.08,
            "eps_growth_yearly": -27.78
        },
        "20143": {
            "year_quarter": 20143,
            "year": 2014,
            "quarter": 3,
            "eps": -0.21,
            "eps_growth_year": null,
            "eps_4q": -0.24,
            "eps_4q_growth_year": null,
            "roe": -4.34,
            "roe_4q": -5.22,
            "gross_profit": 807847,
            "gross_margin": 75.08,
            "gross_margin_4q_avg": 76.74,
            "net_income": -124434,
            "net_income_4q": null,
            "revenue": 1076034,
            "revenue_4q": null,
            "common_shares": 603,
            "book_valuer_per_share": -2.54,
            "book_valuer_per_share_4q_avg": -0.82,
            "equity": 2912356,
            "current_ratio": 58.16,
            "debt_ratio": 64.03,
            "inventory_turnover_ratio": null,
            "account_receivable_turnover_ratio": 1.79,
            "reinvestment_rate": -357.66,
            "research_to_sale_ratio": 15.86,
            "price_fair": 0.36,
            "eps_avg_yearly": 0.12,
            "eps_latest_yearly": 0.08,
            "eps_growth_yearly": -33.33
        },
        "20144": {
            "year_quarter": 20144,
            "year": 2014,
            "quarter": 4,
            "eps": -0.19,
            "eps_growth_year": null,
            "eps_4q": -0.39,
            "eps_4q_growth_year": null,
            "roe": -3.92,
            "roe_4q": -8.19,
            "gross_profit": 871712,
            "gross_margin": 76.12,
            "gross_margin_4q_avg": 76.26,
            "net_income": -116623,
            "net_income_4q": null,
            "revenue": 1145242,
            "revenue_4q": null,
            "common_shares": 610,
            "book_valuer_per_share": -2.25,
            "book_valuer_per_share_4q_avg": -1.63,
            "equity": 3038510,
            "current_ratio": 67.34,
            "debt_ratio": 66.8,
            "inventory_turnover_ratio": null,
            "account_receivable_turnover_ratio": 1.17,
            "reinvestment_rate": -175.81,
            "research_to_sale_ratio": 15.11,
            "price_fair": 0.36,
            "eps_avg_yearly": 0.12,
            "eps_latest_yearly": 0.08,
            "eps_growth_yearly": -16.67
        },
        "20151": {
            "year_quarter": 20151,
            "year": 2015,
            "quarter": 1,
            "eps": -0.15,
            "eps_growth_year": null,
            "eps_4q": -0.43,
            "eps_4q_growth_year": null,
            "roe": -3.14,
            "roe_4q": -8.5,
            "gross_profit": 934467,
            "gross_margin": 76.17,
            "gross_margin_4q_avg": 76.16,
            "net_income": -96911,
            "net_income_4q": null,
            "revenue": 1226772,
            "revenue_4q": null,
            "common_shares": 614,
            "book_valuer_per_share": -2.02,
            "book_valuer_per_share_4q_avg": -2.41,
            "equity": 3131914,
            "current_ratio": 60.7,
            "debt_ratio": 63.76,
            "inventory_turnover_ratio": null,
            "account_receivable_turnover_ratio": 1.2,
            "reinvestment_rate": -139.55,
            "research_to_sale_ratio": 15.35,
            "price_fair": 0.36,
            "eps_avg_yearly": 0.12,
            "eps_latest_yearly": 0.08,
            "eps_growth_yearly": -22.22
        },
        "20152": {
            "year_quarter": 20152,
            "year": 2015,
            "quarter": 2,
            "eps": -0.1,
            "eps_growth_year": -180.43,
            "eps_4q": -0.65,
            "eps_4q_growth_year": null,
            "roe": -1.9,
            "roe_4q": -13.3,
            "gross_profit": 1010720,
            "gross_margin": 76.65,
            "gross_margin_4q_avg": 76.01,
            "net_income": -61088,
            "net_income_4q": null,
            "revenue": 1318551,
            "revenue_4q": null,
            "common_shares": 619,
            "book_valuer_per_share": -1.68,
            "book_valuer_per_share_4q_avg": -2.12,
            "equity": 3300568,
            "current_ratio": 65.8,
            "debt_ratio": 63.37,
            "inventory_turnover_ratio": null,
            "account_receivable_turnover_ratio": 1.74,
            "reinvestment_rate": -153.37,
            "research_to_sale_ratio": 15.4,
            "price_fair": 0.36,
            "eps_avg_yearly": 0.12,
            "eps_latest_yearly": 0.08,
            "eps_growth_yearly": -33.33
        },
        "20153": {
            "year_quarter": 20153,
            "year": 2015,
            "quarter": 3,
            "eps": -0.08,
            "eps_growth_year": null,
            "eps_4q": -0.52,
            "eps_4q_growth_year": null,
            "roe": -1.1,
            "roe_4q": -10.06,
            "gross_profit": 1050444,
            "gross_margin": 75.92,
            "gross_margin_4q_avg": 76.22,
            "net_income": -38924,
            "net_income_4q": null,
            "revenue": 1383655,
            "revenue_4q": null,
            "common_shares": 631,
            "book_valuer_per_share": -1.27,
            "book_valuer_per_share_4q_avg": -1.81,
            "equity": 3790614,
            "current_ratio": 73.73,
            "debt_ratio": 59.73,
            "inventory_turnover_ratio": null,
            "account_receivable_turnover_ratio": 1.7,
            "reinvestment_rate": -116.85,
            "research_to_sale_ratio": 14.13,
            "price_fair": 0.24,
            "eps_avg_yearly": 0.08,
            "eps_latest_yearly": 0.08,
            "eps_growth_yearly": -200
        },
        "20154": {
            "year_quarter": 20154,
            "year": 2015,
            "quarter": 4,
            "eps": -0.1,
            "eps_growth_year": null,
            "eps_4q": -0.43,
            "eps_4q_growth_year": null,
            "roe": -1.69,
            "roe_4q": -7.83,
            "gross_profit": 1088685,
            "gross_margin": 75.36,
            "gross_margin_4q_avg": 76.03,
            "net_income": -65765,
            "net_income_4q": null,
            "revenue": 1444608,
            "revenue_4q": null,
            "common_shares": 651,
            "book_valuer_per_share": -0.9,
            "book_valuer_per_share_4q_avg": -1.47,
            "equity": 3975183,
            "current_ratio": 80.06,
            "debt_ratio": 62.73,
            "inventory_turnover_ratio": null,
            "account_receivable_turnover_ratio": 1.06,
            "reinvestment_rate": -123.6,
            "research_to_sale_ratio": 14.26,
            "price_fair": 0,
            "eps_avg_yearly": 0,
            "eps_latest_yearly": 0,
            "eps_growth_yearly": 0
        },
        "20161": {
            "year_quarter": 20161,
            "year": 2016,
            "quarter": 1,
            "eps": 0.01,
            "eps_growth_year": null,
            "eps_4q": -0.27,
            "eps_4q_growth_year": null,
            "roe": 0.1,
            "roe_4q": -4.59,
            "gross_profit": 1129365,
            "gross_margin": 74.73,
            "gross_margin_4q_avg": 75.67,
            "net_income": 4092,
            "net_income_4q": null,
            "revenue": 1511167,
            "revenue_4q": null,
            "common_shares": 656,
            "book_valuer_per_share": -0.47,
            "book_valuer_per_share_4q_avg": -1.08,
            "equity": 4235203,
            "current_ratio": 65.76,
            "debt_ratio": 59.14,
            "inventory_turnover_ratio": null,
            "account_receivable_turnover_ratio": 1.05,
            "reinvestment_rate": -224.96,
            "research_to_sale_ratio": 14.7,
            "price_fair": 0,
            "eps_avg_yearly": 0,
            "eps_latest_yearly": 0,
            "eps_growth_yearly": 0
        },
        "20162": {
            "year_quarter": 20162,
            "year": 2016,
            "quarter": 2,
            "eps": -0,
            "eps_growth_year": null,
            "eps_4q": -0.17,
            "eps_4q_growth_year": null,
            "roe": -0.02,
            "roe_4q": -2.71,
            "gross_profit": 1229300,
            "gross_margin": 75.2,
            "gross_margin_4q_avg": 75.3,
            "net_income": -852,
            "net_income_4q": null,
            "revenue": 1634684,
            "revenue_4q": null,
            "common_shares": 660,
            "book_valuer_per_share": 0.01,
            "book_valuer_per_share_4q_avg": -0.66,
            "equity": 4535803,
            "current_ratio": 70.92,
            "debt_ratio": 57.98,
            "inventory_turnover_ratio": null,
            "account_receivable_turnover_ratio": 1.6,
            "reinvestment_rate": -245.34,
            "research_to_sale_ratio": 14.32,
            "price_fair": 0,
            "eps_avg_yearly": 0,
            "eps_latest_yearly": 0,
            "eps_growth_yearly": 0
        },
        "20163": {
            "year_quarter": 20163,
            "year": 2016,
            "quarter": 3,
            "eps": -0.06,
            "eps_growth_year": null,
            "eps_4q": -0.16,
            "eps_4q_growth_year": null,
            "roe": -0.54,
            "roe_4q": -2.15,
            "gross_profit": 1288284,
            "gross_margin": 75.25,
            "gross_margin_4q_avg": 75.14,
            "net_income": -25157,
            "net_income_4q": null,
            "revenue": 1711967,
            "revenue_4q": null,
            "common_shares": 664,
            "book_valuer_per_share": 0.32,
            "book_valuer_per_share_4q_avg": -0.26,
            "equity": 4749954,
            "current_ratio": 73.89,
            "debt_ratio": 56.47,
            "inventory_turnover_ratio": null,
            "account_receivable_turnover_ratio": 1.56,
            "reinvestment_rate": -244.03,
            "research_to_sale_ratio": 13.97,
            "price_fair": 0,
            "eps_avg_yearly": 0,
            "eps_latest_yearly": 0,
            "eps_growth_yearly": 0
        },
        "20164": {
            "year_quarter": 20164,
            "year": 2016,
            "quarter": 4,
            "eps": -0.04,
            "eps_growth_year": null,
            "eps_4q": -0.09,
            "eps_4q_growth_year": null,
            "roe": -0.52,
            "roe_4q": -0.9800000000000001,
            "gross_profit": 1365719,
            "gross_margin": 75.48,
            "gross_margin_4q_avg": 75.17,
            "net_income": -25509,
            "net_income_4q": null,
            "revenue": 1809398,
            "revenue_4q": null,
            "common_shares": 671,
            "book_valuer_per_share": 0.74,
            "book_valuer_per_share_4q_avg": 0.15,
            "equity": 5002869,
            "current_ratio": 102.04,
            "debt_ratio": 60.8,
            "inventory_turnover_ratio": null,
            "account_receivable_turnover_ratio": 1,
            "reinvestment_rate": -84.67,
            "research_to_sale_ratio": 13.86,
            "price_fair": 0,
            "eps_avg_yearly": 0,
            "eps_latest_yearly": 0,
            "eps_growth_yearly": 0
        },
        "20171": {
            "year_quarter": 20171,
            "year": 2017,
            "quarter": 1,
            "eps": 0.06,
            "eps_growth_year": 816.07,
            "eps_4q": -0.04,
            "eps_4q_growth_year": null,
            "roe": 0.73,
            "roe_4q": -0.3500000000000001,
            "gross_profit": 1419622,
            "gross_margin": 74.07,
            "gross_margin_4q_avg": 75,
            "net_income": 38759,
            "net_income_4q": null,
            "revenue": 1916603,
            "revenue_4q": null,
            "common_shares": 678,
            "book_valuer_per_share": 1.14,
            "book_valuer_per_share_4q_avg": 0.55,
            "equity": 5584264,
            "current_ratio": 74.23,
            "debt_ratio": 56.43,
            "inventory_turnover_ratio": null,
            "account_receivable_turnover_ratio": 1.02,
            "reinvestment_rate": -346.17,
            "research_to_sale_ratio": 13.62,
            "price_fair": 0,
            "eps_avg_yearly": 0,
            "eps_latest_yearly": 0,
            "eps_growth_yearly": 0
        },
        "20172": {
            "year_quarter": 20172,
            "year": 2017,
            "quarter": 2,
            "eps": 0.33,
            "eps_growth_year": null,
            "eps_4q": 0.29,
            "eps_4q_growth_year": null,
            "roe": 3.92,
            "roe_4q": 3.5900000000000007,
            "gross_profit": 1511039,
            "gross_margin": 74.19,
            "gross_margin_4q_avg": 74.75,
            "net_income": 229622,
            "net_income_4q": null,
            "revenue": 2036618,
            "revenue_4q": null,
            "common_shares": 685,
            "book_valuer_per_share": -1.95,
            "book_valuer_per_share_4q_avg": 0.06,
            "equity": 6132576,
            "current_ratio": 60.97,
            "debt_ratio": 57.36,
            "inventory_turnover_ratio": null,
            "account_receivable_turnover_ratio": 1.58,
            "reinvestment_rate": -267.47,
            "research_to_sale_ratio": 14.31,
            "price_fair": 46.2,
            "eps_avg_yearly": 1.32,
            "eps_latest_yearly": 1.32,
            "eps_growth_yearly": 1800
        },
        "20173": {
            "year_quarter": 20173,
            "year": 2017,
            "quarter": 3,
            "eps": -0.05,
            "eps_growth_year": null,
            "eps_4q": 0.29,
            "eps_4q_growth_year": null,
            "roe": -0.58,
            "roe_4q": 3.5500000000000003,
            "gross_profit": 1559253,
            "gross_margin": 72.7,
            "gross_margin_4q_avg": 74.11,
            "net_income": -37309,
            "net_income_4q": null,
            "revenue": 2144775,
            "revenue_4q": null,
            "common_shares": 697,
            "book_valuer_per_share": -1.55,
            "book_valuer_per_share_4q_avg": -0.41,
            "equity": 6806037,
            "current_ratio": 60.33,
            "debt_ratio": 52.7,
            "inventory_turnover_ratio": null,
            "account_receivable_turnover_ratio": 1.61,
            "reinvestment_rate": -411.86,
            "research_to_sale_ratio": 14.52,
            "price_fair": 46.2,
            "eps_avg_yearly": 1.32,
            "eps_latest_yearly": 1.32,
            "eps_growth_yearly": 1800
        },
        "20174": {
            "year_quarter": 20174,
            "year": 2017,
            "quarter": 4,
            "eps": 0.13,
            "eps_growth_year": null,
            "eps_4q": 0.46,
            "eps_4q_growth_year": null,
            "roe": 1.29,
            "roe_4q": 5.359999999999999,
            "gross_profit": 1713086,
            "gross_margin": 73.24,
            "gross_margin_4q_avg": 73.55,
            "net_income": 91928,
            "net_income_4q": null,
            "revenue": 2339004,
            "revenue_4q": null,
            "common_shares": 708,
            "book_valuer_per_share": -1.5,
            "book_valuer_per_share_4q_avg": -0.97,
            "equity": 7500127,
            "current_ratio": 82.2,
            "debt_ratio": 57.35,
            "inventory_turnover_ratio": null,
            "account_receivable_turnover_ratio": 1.03,
            "reinvestment_rate": -316.91,
            "research_to_sale_ratio": 14.71,
            "price_fair": 46.2,
            "eps_avg_yearly": 1.32,
            "eps_latest_yearly": 1.32,
            "eps_growth_yearly": 1800
        },
        "20181": {
            "year_quarter": 20181,
            "year": 2018,
            "quarter": 1,
            "eps": 0,
            "eps_growth_year": -97.54,
            "eps_4q": 0.41,
            "eps_4q_growth_year": null,
            "roe": 0.01,
            "roe_4q": 4.64,
            "gross_profit": 1746000,
            "gross_margin": 72.84,
            "gross_margin_4q_avg": 73.24,
            "net_income": 1000,
            "net_income_4q": null,
            "revenue": 2397000,
            "revenue_4q": null,
            "common_shares": 712,
            "book_valuer_per_share": -0.81,
            "book_valuer_per_share_4q_avg": -1.45,
            "equity": 7934488,
            "current_ratio": 70.87,
            "debt_ratio": 53.49,
            "inventory_turnover_ratio": null,
            "account_receivable_turnover_ratio": 1.02,
            "reinvestment_rate": -616.49,
            "research_to_sale_ratio": 15.69,
            "price_fair": 46.2,
            "eps_avg_yearly": 1.32,
            "eps_latest_yearly": 1.32,
            "eps_growth_yearly": 1800
        },
        "20182": {
            "year_quarter": 20182,
            "year": 2018,
            "quarter": 2,
            "eps": 0.06,
            "eps_growth_year": -80.87,
            "eps_4q": 0.14,
            "eps_4q_growth_year": -51.66,
            "roe": 0.56,
            "roe_4q": 1.2800000000000002,
            "gross_profit": 1907000,
            "gross_margin": 74,
            "gross_margin_4q_avg": 73.2,
            "net_income": 46000,
            "net_income_4q": null,
            "revenue": 2577000,
            "revenue_4q": null,
            "common_shares": 719,
            "book_valuer_per_share": 0.03,
            "book_valuer_per_share_4q_avg": -0.96,
            "equity": 8451314,
            "current_ratio": 77.21,
            "debt_ratio": 51.48,
            "inventory_turnover_ratio": null,
            "account_receivable_turnover_ratio": 1.67,
            "reinvestment_rate": -478.63,
            "research_to_sale_ratio": 15.02,
            "price_fair": 46.2,
            "eps_avg_yearly": 1.32,
            "eps_latest_yearly": 1.32,
            "eps_growth_yearly": 1800
        },
        "20183": {
            "year_quarter": 20183,
            "year": 2018,
            "quarter": 3,
            "eps": 0.14,
            "eps_growth_year": null,
            "eps_4q": 0.34,
            "eps_4q_growth_year": 15.13,
            "roe": 1.24,
            "roe_4q": 3.1,
            "gross_profit": 1987000,
            "gross_margin": 73.57,
            "gross_margin_4q_avg": 73.41,
            "net_income": 107000,
            "net_income_4q": null,
            "revenue": 2701000,
            "revenue_4q": null,
            "common_shares": 722,
            "book_valuer_per_share": 0.65,
            "book_valuer_per_share_4q_avg": -0.41,
            "equity": 8829370,
            "current_ratio": 82.4,
            "debt_ratio": 49.52,
            "inventory_turnover_ratio": null,
            "account_receivable_turnover_ratio": 1.71,
            "reinvestment_rate": 1432.11,
            "research_to_sale_ratio": 14.59,
            "price_fair": 32.9,
            "eps_avg_yearly": 0.94,
            "eps_latest_yearly": 0.56,
            "eps_growth_yearly": 1166.67
        },
        "20184": {
            "year_quarter": 20184,
            "year": 2018,
            "quarter": 4,
            "eps": 0.44,
            "eps_growth_year": 242.49,
            "eps_4q": 0.65,
            "eps_4q_growth_year": 41.29,
            "roe": 3.46,
            "roe_4q": 5.27,
            "gross_profit": 2127000,
            "gross_margin": 74.24,
            "gross_margin_4q_avg": 73.66,
            "net_income": 332000,
            "net_income_4q": null,
            "revenue": 2865000,
            "revenue_4q": null,
            "common_shares": 1000,
            "book_valuer_per_share": 2.86,
            "book_valuer_per_share_4q_avg": 0.68,
            "equity": 10376000,
            "current_ratio": 95.2,
            "debt_ratio": 52.8,
            "inventory_turnover_ratio": null,
            "account_receivable_turnover_ratio": 0.93,
            "reinvestment_rate": 124.24,
            "research_to_sale_ratio": 13.82,
            "price_fair": 42.47,
            "eps_avg_yearly": 1.21,
            "eps_latest_yearly": 1.76,
            "eps_growth_yearly": 1063.49
        },
        "20191": {
            "year_quarter": 20191,
            "year": 2019,
            "quarter": 1,
            "eps": 0.46,
            "eps_growth_year": 33148.92,
            "eps_4q": 1.11,
            "eps_4q_growth_year": 173.75,
            "roe": 3.21,
            "roe_4q": 8.47,
            "gross_profit": 2239000,
            "gross_margin": 74.48,
            "gross_margin_4q_avg": 74.07,
            "net_income": 344000,
            "net_income_4q": null,
            "revenue": 3006000,
            "revenue_4q": null,
            "common_shares": 1000,
            "book_valuer_per_share": 3.58,
            "book_valuer_per_share_4q_avg": 1.78,
            "equity": 11060000,
            "current_ratio": 128.58,
            "debt_ratio": 51.84,
            "inventory_turnover_ratio": null,
            "account_receivable_turnover_ratio": 0.85,
            "reinvestment_rate": 89.02,
            "research_to_sale_ratio": 14.11,
            "price_fair": 47.95,
            "eps_avg_yearly": 1.37,
            "eps_latest_yearly": 1.84,
            "eps_growth_yearly": 802.16
        },
        "20192": {
            "year_quarter": 20192,
            "year": 2019,
            "quarter": 2,
            "eps": 0.4,
            "eps_growth_year": 537.5,
            "eps_4q": 1.45,
            "eps_4q_growth_year": 939.35,
            "roe": 2.43,
            "roe_4q": 10.340000000000002,
            "gross_profit": 2432000,
            "gross_margin": 74.12,
            "gross_margin_4q_avg": 74.1,
            "net_income": 299000,
            "net_income_4q": null,
            "revenue": 3281000,
            "revenue_4q": null,
            "common_shares": 1000,
            "book_valuer_per_share": -1.16,
            "book_valuer_per_share_4q_avg": 1.48,
            "equity": 13528000,
            "current_ratio": 80.32,
            "debt_ratio": 47.61,
            "inventory_turnover_ratio": null,
            "account_receivable_turnover_ratio": 1.27,
            "reinvestment_rate": 80.38,
            "research_to_sale_ratio": 14.11,
            "price_fair": 49.56,
            "eps_avg_yearly": 1.42,
            "eps_latest_yearly": 1.6,
            "eps_growth_yearly": 631.3
        },
        "20193": {
            "year_quarter": 20193,
            "year": 2019,
            "quarter": 3,
            "eps": 0.13,
            "eps_growth_year": -7.75,
            "eps_4q": 1.44,
            "eps_4q_growth_year": 325.37,
            "roe": 0.74,
            "roe_4q": 9.84,
            "gross_profit": 2503000,
            "gross_margin": 73.79,
            "gross_margin_4q_avg": 74.16,
            "net_income": 105000,
            "net_income_4q": null,
            "revenue": 3392000,
            "revenue_4q": null,
            "common_shares": 1000,
            "book_valuer_per_share": -0.5,
            "book_valuer_per_share_4q_avg": 1.2,
            "equity": 14693000,
            "current_ratio": 85.64,
            "debt_ratio": 44.74,
            "inventory_turnover_ratio": null,
            "account_receivable_turnover_ratio": 1.25,
            "reinvestment_rate": 72.9,
            "research_to_sale_ratio": 14.18,
            "price_fair": 44.33,
            "eps_avg_yearly": 1.27,
            "eps_latest_yearly": 0.52,
            "eps_growth_yearly": 481.08
        },
        "20194": {
            "year_quarter": 20194,
            "year": 2019,
            "quarter": 4,
            "eps": 0.52,
            "eps_growth_year": 17.26,
            "eps_4q": 1.52,
            "eps_4q_growth_year": 132.65,
            "roe": 2.67,
            "roe_4q": 9.05,
            "gross_profit": 2657000,
            "gross_margin": 73.74,
            "gross_margin_4q_avg": 74.03,
            "net_income": 405000,
            "net_income_4q": null,
            "revenue": 3603000,
            "revenue_4q": null,
            "common_shares": 1000,
            "book_valuer_per_share": 0.88,
            "book_valuer_per_share_4q_avg": 0.7,
            "equity": 15605000,
            "current_ratio": 94.92,
            "debt_ratio": 49.23,
            "inventory_turnover_ratio": null,
            "account_receivable_turnover_ratio": 0.85,
            "reinvestment_rate": 20.56,
            "research_to_sale_ratio": 14.38,
            "price_fair": 48.4,
            "eps_avg_yearly": 1.38,
            "eps_latest_yearly": 2.08,
            "eps_growth_yearly": 583.78
        },
        "20201": {
            "year_quarter": 20201,
            "year": 2020,
            "quarter": 1,
            "eps": 0.49,
            "eps_growth_year": 6.96,
            "eps_4q": 1.55,
            "eps_4q_growth_year": 39.22,
            "roe": 2.45,
            "roe_4q": 8.290000000000001,
            "gross_profit": 2823000,
            "gross_margin": 75.54,
            "gross_margin_4q_avg": 74.3,
            "net_income": 392000,
            "net_income_4q": null,
            "revenue": 3737000,
            "revenue_4q": null,
            "common_shares": 1000,
            "book_valuer_per_share": 2.32,
            "book_valuer_per_share_4q_avg": 0.39,
            "equity": 16446000,
            "current_ratio": 95.68,
            "debt_ratio": 50.4,
            "inventory_turnover_ratio": null,
            "account_receivable_turnover_ratio": 0.86,
            "reinvestment_rate": 153.98,
            "research_to_sale_ratio": 14.82,
            "price_fair": 50.93,
            "eps_avg_yearly": 1.46,
            "eps_latest_yearly": 1.96,
            "eps_growth_yearly": 507.93
        },
        "20202": {
            "year_quarter": 20202,
            "year": 2020,
            "quarter": 2,
            "eps": 0.23,
            "eps_growth_year": -42.74,
            "eps_4q": 1.38,
            "eps_4q_growth_year": -5.14,
            "roe": 0.54,
            "roe_4q": 6.4,
            "gross_profit": 3030000,
            "gross_margin": 75.81,
            "gross_margin_4q_avg": 74.72,
            "net_income": 91000,
            "net_income_4q": null,
            "revenue": 3997000,
            "revenue_4q": null,
            "common_shares": 1000,
            "book_valuer_per_share": 2.87,
            "book_valuer_per_share_4q_avg": 1.39,
            "equity": 17166000,
            "current_ratio": 97.14,
            "debt_ratio": 48.51,
            "inventory_turnover_ratio": null,
            "account_receivable_turnover_ratio": 1.32,
            "reinvestment_rate": 151.14,
            "research_to_sale_ratio": 15.19,
            "price_fair": 48.84,
            "eps_avg_yearly": 1.4,
            "eps_latest_yearly": 0.92,
            "eps_growth_yearly": 427.91
        },
        "20203": {
            "year_quarter": 20203,
            "year": 2020,
            "quarter": 3,
            "eps": -0.12,
            "eps_growth_year": -192.7,
            "eps_4q": 1.12,
            "eps_4q_growth_year": -22.29,
            "roe": -0.43,
            "roe_4q": 5.23,
            "gross_profit": 3379000,
            "gross_margin": 74.87,
            "gross_margin_4q_avg": 74.99,
            "net_income": -109000,
            "net_income_4q": null,
            "revenue": 4513000,
            "revenue_4q": null,
            "common_shares": 1000,
            "book_valuer_per_share": 3.69,
            "book_valuer_per_share_4q_avg": 2.44,
            "equity": 33279000,
            "current_ratio": 105.27,
            "debt_ratio": 33.36,
            "inventory_turnover_ratio": null,
            "account_receivable_turnover_ratio": 1.39,
            "reinvestment_rate": 218.07,
            "research_to_sale_ratio": 17.15,
            "price_fair": 48.84,
            "eps_avg_yearly": 1.4,
            "eps_latest_yearly": 0.92,
            "eps_growth_yearly": 427.91
        },
        "20204": {
            "year_quarter": 20204,
            "year": 2020,
            "quarter": 4,
            "eps": -0.27,
            "eps_growth_year": -152.44,
            "eps_4q": 0.33,
            "eps_4q_growth_year": -78.35,
            "roe": -0.72,
            "roe_4q": 1.8400000000000003,
            "gross_profit": 3631000,
            "gross_margin": 74.85,
            "gross_margin_4q_avg": 75.27,
            "net_income": -242000,
            "net_income_4q": null,
            "revenue": 4851000,
            "revenue_4q": null,
            "common_shares": 1000,
            "book_valuer_per_share": 4.51,
            "book_valuer_per_share_4q_avg": 3.35,
            "equity": 33885000,
            "current_ratio": 107.53,
            "debt_ratio": 38.53,
            "inventory_turnover_ratio": null,
            "account_receivable_turnover_ratio": 0.93,
            "reinvestment_rate": 165.31,
            "research_to_sale_ratio": 17.13,
            "price_fair": 48.84,
            "eps_avg_yearly": 1.4,
            "eps_latest_yearly": 0.92,
            "eps_growth_yearly": 427.91
        },
        "20211": {
            "year_quarter": 20211,
            "year": 2021,
            "quarter": 1,
            "eps": 0.16,
            "eps_growth_year": -66.98,
            "eps_4q": -0,
            "eps_4q_growth_year": -100.17,
            "roe": 0.29,
            "roe_4q": -0.31999999999999995,
            "gross_profit": 3611000,
            "gross_margin": 74.22,
            "gross_margin_4q_avg": 74.94,
            "net_income": 99000,
            "net_income_4q": null,
            "revenue": 4865000,
            "revenue_4q": null,
            "common_shares": 1000,
            "book_valuer_per_share": 5.35,
            "book_valuer_per_share_4q_avg": 4.11,
            "equity": 34565000,
            "current_ratio": 114.56,
            "debt_ratio": 35.54,
            "inventory_turnover_ratio": null,
            "account_receivable_turnover_ratio": 0.88,
            "reinvestment_rate": 212.64,
            "research_to_sale_ratio": 17.66,
            "price_fair": 48.84,
            "eps_avg_yearly": 1.4,
            "eps_latest_yearly": 0.92,
            "eps_growth_yearly": 427.91
        },
        "20212": {
            "year_quarter": 20212,
            "year": 2021,
            "quarter": 2,
            "eps": 2.86,
            "eps_growth_year": 1140.37,
            "eps_4q": 2.62,
            "eps_4q_growth_year": 90.49,
            "roe": 7.19,
            "roe_4q": 6.330000000000001,
            "gross_profit": 3840000,
            "gross_margin": 74.55,
            "gross_margin_4q_avg": 74.62,
            "net_income": 2625000,
            "net_income_4q": null,
            "revenue": 5151000,
            "revenue_4q": null,
            "common_shares": 1000,
            "book_valuer_per_share": 8.22,
            "book_valuer_per_share_4q_avg": 5.44,
            "equity": 38440000,
            "current_ratio": 114.53,
            "debt_ratio": 33.47,
            "inventory_turnover_ratio": null,
            "account_receivable_turnover_ratio": 1.23,
            "reinvestment_rate": 114.41,
            "research_to_sale_ratio": 17.43,
            "price_fair": 88.2,
            "eps_avg_yearly": 2.52,
            "eps_latest_yearly": 11.44,
            "eps_growth_yearly": 977.91
        },
        "20213": {
            "year_quarter": 20213,
            "year": 2021,
            "quarter": 3,
            "eps": 1.16,
            "eps_growth_year": null,
            "eps_4q": 3.91,
            "eps_4q_growth_year": 248.88,
            "roe": 2.75,
            "roe_4q": 9.51,
            "gross_profit": 4025000,
            "gross_margin": 74.28,
            "gross_margin_4q_avg": 74.48,
            "net_income": 1081000,
            "net_income_4q": null,
            "revenue": 5419000,
            "revenue_4q": null,
            "common_shares": 1000,
            "book_valuer_per_share": 10.5,
            "book_valuer_per_share_4q_avg": 7.15,
            "equity": 40310000,
            "current_ratio": 122.17,
            "debt_ratio": 31.84,
            "inventory_turnover_ratio": null,
            "account_receivable_turnover_ratio": 1.24,
            "reinvestment_rate": 125.24,
            "research_to_sale_ratio": 16.65,
            "price_fair": 95.62,
            "eps_avg_yearly": 2.73,
            "eps_latest_yearly": 4.64,
            "eps_growth_yearly": 856.34
        },
        "20214": {
            "year_quarter": 20214,
            "year": 2021,
            "quarter": 4,
            "eps": 0.33,
            "eps_growth_year": null,
            "eps_4q": 4.51,
            "eps_4q_growth_year": 1271.78,
            "roe": 0.71,
            "roe_4q": 10.94,
            "gross_profit": 4338000,
            "gross_margin": 74.57,
            "gross_margin_4q_avg": 74.41,
            "net_income": 290000,
            "net_income_4q": null,
            "revenue": 5817000,
            "revenue_4q": null,
            "common_shares": 1000,
            "book_valuer_per_share": 12.04,
            "book_valuer_per_share_4q_avg": 9.03,
            "equity": 41493000,
            "current_ratio": 123.47,
            "debt_ratio": 37.42,
            "inventory_turnover_ratio": null,
            "account_receivable_turnover_ratio": 0.88,
            "reinvestment_rate": 120.8,
            "research_to_sale_ratio": 16.14,
            "price_fair": 91.13,
            "eps_avg_yearly": 2.6,
            "eps_latest_yearly": 1.32,
            "eps_growth_yearly": 752.47
        },
        "20221": {
            "year_quarter": 20221,
            "year": 2022,
            "quarter": 1,
            "eps": 0.51,
            "eps_growth_year": 212.71,
            "eps_4q": 4.85,
            "eps_4q_growth_year": null,
            "roe": 1.12,
            "roe_4q": 11.77,
            "gross_profit": 4408000,
            "gross_margin": 73.92,
            "gross_margin_4q_avg": 74.33,
            "net_income": 469000,
            "net_income_4q": null,
            "revenue": 5963000,
            "revenue_4q": null,
            "common_shares": 1000,
            "book_valuer_per_share": 12.98,
            "book_valuer_per_share_4q_avg": 10.94,
            "equity": 42567000,
            "current_ratio": 133.42,
            "debt_ratio": 34.4,
            "inventory_turnover_ratio": null,
            "account_receivable_turnover_ratio": 0.9,
            "reinvestment_rate": 110.12,
            "research_to_sale_ratio": 15.95,
            "price_fair": 89.48,
            "eps_avg_yearly": 2.56,
            "eps_latest_yearly": 2.04,
            "eps_growth_yearly": 707.95
        },
        "20222": {
            "year_quarter": 20222,
            "year": 2022,
            "quarter": 2,
            "eps": 0.58,
            "eps_growth_year": -79.81,
            "eps_4q": 2.57,
            "eps_4q_growth_year": -1.96,
            "roe": 1.09,
            "roe_4q": 5.67,
            "gross_profit": 4727000,
            "gross_margin": 74.56,
            "gross_margin_4q_avg": 74.33,
            "net_income": 535000,
            "net_income_4q": null,
            "revenue": 6340000,
            "revenue_4q": null,
            "common_shares": 1000,
            "book_valuer_per_share": -2.38,
            "book_valuer_per_share_4q_avg": 8.29,
            "equity": 55520000,
            "current_ratio": 93.46,
            "debt_ratio": 37.38,
            "inventory_turnover_ratio": null,
            "account_receivable_turnover_ratio": 1.32,
            "reinvestment_rate": 108.51,
            "research_to_sale_ratio": 16.09,
            "price_fair": 88.85,
            "eps_avg_yearly": 2.54,
            "eps_latest_yearly": 2.32,
            "eps_growth_yearly": 657.71
        },
        "20223": {
            "year_quarter": 20223,
            "year": 2022,
            "quarter": 3,
            "eps": 0.47,
            "eps_growth_year": -59.03,
            "eps_4q": 1.89,
            "eps_4q_growth_year": -51.65,
            "roe": 0.83,
            "roe_4q": 3.75,
            "gross_profit": 5019000,
            "gross_margin": 73.13,
            "gross_margin_4q_avg": 74.05,
            "net_income": 468000,
            "net_income_4q": null,
            "revenue": 6863000,
            "revenue_4q": null,
            "common_shares": 1000,
            "book_valuer_per_share": -0.38,
            "book_valuer_per_share_4q_avg": 5.57,
            "equity": 57054000,
            "current_ratio": 106.13,
            "debt_ratio": 34.75,
            "inventory_turnover_ratio": null,
            "account_receivable_turnover_ratio": 1.3,
            "reinvestment_rate": 98.23,
            "research_to_sale_ratio": 17.53,
            "price_fair": 92.4,
            "eps_avg_yearly": 2.64,
            "eps_latest_yearly": 1.88,
            "eps_growth_yearly": 610.85
        },
        "20224": {
            "year_quarter": 20224,
            "year": 2022,
            "quarter": 4,
            "eps": -0.02,
            "eps_growth_year": -107.49,
            "eps_4q": 1.54,
            "eps_4q_growth_year": -65.87,
            "roe": -0.05,
            "roe_4q": 2.99,
            "gross_profit": 5312000,
            "gross_margin": 72.51,
            "gross_margin_4q_avg": 73.53,
            "net_income": -28000,
            "net_income_4q": null,
            "revenue": 7326000,
            "revenue_4q": null,
            "common_shares": 1000,
            "book_valuer_per_share": 1.23,
            "book_valuer_per_share_4q_avg": 2.86,
            "equity": 58131000,
            "current_ratio": 104.87,
            "debt_ratio": 38.94,
            "inventory_turnover_ratio": null,
            "account_receivable_turnover_ratio": 0.89,
            "reinvestment_rate": 109.98,
            "research_to_sale_ratio": 17.62,
            "price_fair": 94.97,
            "eps_avg_yearly": 2.71,
            "eps_latest_yearly": 1.88,
            "eps_growth_yearly": 590.33
        },
        "20231": {
            "year_quarter": 20231,
            "year": 2023,
            "quarter": 1,
            "eps": 0.04,
            "eps_growth_year": -93.12,
            "eps_4q": 1.06,
            "eps_4q_growth_year": -78.11,
            "roe": 0.05,
            "roe_4q": 1.92,
            "gross_profit": 5366000,
            "gross_margin": 72.41,
            "gross_margin_4q_avg": 73.15,
            "net_income": 28000,
            "net_income_4q": null,
            "revenue": 7411000,
            "revenue_4q": null,
            "common_shares": 1000,
            "book_valuer_per_share": 2.01,
            "book_valuer_per_share_4q_avg": 0.12,
            "equity": 58876000,
            "current_ratio": 102.57,
            "debt_ratio": 36.71,
            "inventory_turnover_ratio": null,
            "account_receivable_turnover_ratio": 0.89,
            "reinvestment_rate": 115.69,
            "research_to_sale_ratio": 17.78,
            "price_fair": 97.75,
            "eps_avg_yearly": 2.79,
            "eps_latest_yearly": 1.88,
            "eps_growth_yearly": 642.34
        },
        "20232": {
            "year_quarter": 20232,
            "year": 2023,
            "quarter": 2,
            "eps": 0.1,
            "eps_growth_year": -83.49,
            "eps_4q": 0.58,
            "eps_4q_growth_year": -77.43,
            "roe": 0.11,
            "roe_4q": 0.94,
            "gross_profit": 5593000,
            "gross_margin": 72.45,
            "gross_margin_4q_avg": 72.63,
            "net_income": 68000,
            "net_income_4q": null,
            "revenue": 7720000,
            "revenue_4q": null,
            "common_shares": 1000,
            "book_valuer_per_share": 3.46,
            "book_valuer_per_share_4q_avg": 1.58,
            "equity": 60098000,
            "current_ratio": 105.81,
            "debt_ratio": 36.17,
            "inventory_turnover_ratio": null,
            "account_receivable_turnover_ratio": 1.32,
            "reinvestment_rate": 127.08,
            "research_to_sale_ratio": 17.22,
            "price_fair": 93.93,
            "eps_avg_yearly": 2.68,
            "eps_latest_yearly": 0.4,
            "eps_growth_yearly": 701.63
        },
        "20233": {
            "year_quarter": 20233,
            "year": 2023,
            "quarter": 3,
            "eps": 0.24,
            "eps_growth_year": -49.43,
            "eps_4q": 0.35,
            "eps_4q_growth_year": -81.69,
            "roe": 0.35,
            "roe_4q": 0.46,
            "gross_profit": 5749000,
            "gross_margin": 73.36,
            "gross_margin_4q_avg": 72.68,
            "net_income": 210000,
            "net_income_4q": null,
            "revenue": 7837000,
            "revenue_4q": null,
            "common_shares": 1000,
            "book_valuer_per_share": 3.19,
            "book_valuer_per_share_4q_avg": 2.47,
            "equity": 59351000,
            "current_ratio": 105.39,
            "debt_ratio": 35.41,
            "inventory_turnover_ratio": null,
            "account_receivable_turnover_ratio": 1.3,
            "reinvestment_rate": 128.31,
            "research_to_sale_ratio": 16.33,
            "price_fair": 95.33,
            "eps_avg_yearly": 2.72,
            "eps_latest_yearly": 0.96,
            "eps_growth_yearly": 777.08
        },
        "20234": {
            "year_quarter": 20234,
            "year": 2023,
            "quarter": 4,
            "eps": 0.69,
            "eps_growth_year": null,
            "eps_4q": 1.06,
            "eps_4q_growth_year": -30.92,
            "roe": -0.17,
            "roe_4q": 0.33999999999999997,
            "gross_profit": 6284000,
            "gross_margin": 74.95,
            "gross_margin_4q_avg": 73.29,
            "net_income": -98000,
            "net_income_4q": null,
            "revenue": 8384000,
            "revenue_4q": null,
            "common_shares": 1000,
            "book_valuer_per_share": 2.64,
            "book_valuer_per_share_4q_avg": 2.83,
            "equity": 58359000,
            "current_ratio": 101.95,
            "debt_ratio": 40.96,
            "inventory_turnover_ratio": null,
            "account_receivable_turnover_ratio": 0.91,
            "reinvestment_rate": 78.57,
            "research_to_sale_ratio": 13.45,
            "price_fair": 97.49,
            "eps_avg_yearly": 2.79,
            "eps_latest_yearly": 2.76,
            "eps_growth_yearly": 736.18
        },
        "20241": {
            "year_quarter": 20241,
            "year": 2024,
            "quarter": 1,
            "eps": 0.75,
            "eps_growth_year": 2036.31,
            "eps_4q": 1.78,
            "eps_4q_growth_year": 67.32,
            "roe": 0.34,
            "roe_4q": 0.63,
            "gross_profit": 6122000,
            "gross_margin": 74.23,
            "gross_margin_4q_avg": 73.75,
            "net_income": 199000,
            "net_income_4q": null,
            "revenue": 8247000,
            "revenue_4q": null,
            "common_shares": 1000,
            "book_valuer_per_share": 2.16,
            "book_valuer_per_share_4q_avg": 2.86,
            "equity": 57412000,
            "current_ratio": 101.64,
            "debt_ratio": 38.62,
            "inventory_turnover_ratio": null,
            "account_receivable_turnover_ratio": 0.87,
            "reinvestment_rate": 73.39,
            "research_to_sale_ratio": 14.64,
            "price_fair": 100.8,
            "eps_avg_yearly": 2.88,
            "eps_latest_yearly": 3,
            "eps_growth_yearly": 741.44
        },
        "20242": {
            "year_quarter": 20242,
            "year": 2024,
            "quarter": 2,
            "eps": 1.4,
            "eps_growth_year": 1366.48,
            "eps_4q": 3.08,
            "eps_4q_growth_year": 430.21,
            "roe": 2.19,
            "roe_4q": 2.71,
            "gross_profit": 6490000,
            "gross_margin": 75.44,
            "gross_margin_4q_avg": 74.5,
            "net_income": 1267000,
            "net_income_4q": null,
            "revenue": 8603000,
            "revenue_4q": null,
            "common_shares": 1000,
            "book_valuer_per_share": 3.26,
            "book_valuer_per_share_4q_avg": 2.81,
            "equity": 58082000,
            "current_ratio": 101.6,
            "debt_ratio": 37.17,
            "inventory_turnover_ratio": null,
            "account_receivable_turnover_ratio": 1.27,
            "reinvestment_rate": 57.62,
            "research_to_sale_ratio": 14.18,
            "price_fair": 115.69,
            "eps_avg_yearly": 3.31,
            "eps_latest_yearly": 5.6,
            "eps_growth_yearly": 792.25
        }
    },
    "months": {
        "2004-06": {
            "month": "2004-06",
            "price": "4.09",
            "revenue": 0
        },
        "2004-07": {
            "month": "2004-07",
            "price": "3.73",
            "revenue": 0
        },
        "2004-08": {
            "month": "2004-08",
            "price": "2.94",
            "revenue": 0
        },
        "2004-09": {
            "month": "2004-09",
            "price": "3.77",
            "revenue": 0
        },
        "2004-10": {
            "month": "2004-10",
            "price": "4.54",
            "revenue": 0
        },
        "2004-11": {
            "month": "2004-11",
            "price": "4.88",
            "revenue": 0
        },
        "2004-12": {
            "month": "2004-12",
            "price": "4.12",
            "revenue": 0
        },
        "2005-01": {
            "month": "2005-01",
            "price": "3.83",
            "revenue": 0
        },
        "2005-02": {
            "month": "2005-02",
            "price": "3.61",
            "revenue": 0
        },
        "2005-03": {
            "month": "2005-03",
            "price": "3.88",
            "revenue": 0
        },
        "2005-04": {
            "month": "2005-04",
            "price": "3.72",
            "revenue": 0
        },
        "2005-05": {
            "month": "2005-05",
            "price": "4.19",
            "revenue": 0
        },
        "2005-06": {
            "month": "2005-06",
            "price": "5.07",
            "revenue": 0
        },
        "2005-07": {
            "month": "2005-07",
            "price": "5.40",
            "revenue": 0
        },
        "2005-08": {
            "month": "2005-08",
            "price": "5.46",
            "revenue": 0
        },
        "2005-09": {
            "month": "2005-09",
            "price": "5.61",
            "revenue": 0
        },
        "2005-10": {
            "month": "2005-10",
            "price": "5.86",
            "revenue": 0
        },
        "2005-11": {
            "month": "2005-11",
            "price": "7.10",
            "revenue": 0
        },
        "2005-12": {
            "month": "2005-12",
            "price": "8.40",
            "revenue": 0
        },
        "2006-01": {
            "month": "2006-01",
            "price": "9.77",
            "revenue": 0
        },
        "2006-02": {
            "month": "2006-02",
            "price": "9.01",
            "revenue": 0
        },
        "2006-03": {
            "month": "2006-03",
            "price": "9.43",
            "revenue": 0
        },
        "2006-04": {
            "month": "2006-04",
            "price": "8.63",
            "revenue": 0
        },
        "2006-05": {
            "month": "2006-05",
            "price": "7.89",
            "revenue": 0
        },
        "2006-06": {
            "month": "2006-06",
            "price": "6.82",
            "revenue": 0
        },
        "2006-07": {
            "month": "2006-07",
            "price": "5.97",
            "revenue": 0
        },
        "2006-08": {
            "month": "2006-08",
            "price": "7.45",
            "revenue": 0
        },
        "2006-09": {
            "month": "2006-09",
            "price": "8.83",
            "revenue": 0
        },
        "2006-10": {
            "month": "2006-10",
            "price": "9.92",
            "revenue": 0
        },
        "2006-11": {
            "month": "2006-11",
            "price": "10.30",
            "revenue": 0
        },
        "2006-12": {
            "month": "2006-12",
            "price": "9.50",
            "revenue": 0
        },
        "2007-01": {
            "month": "2007-01",
            "price": "10.31",
            "revenue": 0
        },
        "2007-02": {
            "month": "2007-02",
            "price": "11.85",
            "revenue": 0
        },
        "2007-03": {
            "month": "2007-03",
            "price": "10.71",
            "revenue": 0
        },
        "2007-04": {
            "month": "2007-04",
            "price": "10.78",
            "revenue": 0
        },
        "2007-05": {
            "month": "2007-05",
            "price": "11.11",
            "revenue": 0
        },
        "2007-06": {
            "month": "2007-06",
            "price": "11.19",
            "revenue": 0
        },
        "2007-07": {
            "month": "2007-07",
            "price": "10.81",
            "revenue": 0
        },
        "2007-08": {
            "month": "2007-08",
            "price": "10.33",
            "revenue": 0
        },
        "2007-09": {
            "month": "2007-09",
            "price": "11.54",
            "revenue": 0
        },
        "2007-10": {
            "month": "2007-10",
            "price": "13.47",
            "revenue": 0
        },
        "2007-11": {
            "month": "2007-11",
            "price": "13.32",
            "revenue": 0
        },
        "2007-12": {
            "month": "2007-12",
            "price": "14.98",
            "revenue": 0
        },
        "2008-01": {
            "month": "2008-01",
            "price": "13.71",
            "revenue": 0
        },
        "2008-02": {
            "month": "2008-02",
            "price": "13.40",
            "revenue": 0
        },
        "2008-03": {
            "month": "2008-03",
            "price": "14.47",
            "revenue": 0
        },
        "2008-04": {
            "month": "2008-04",
            "price": "15.98",
            "revenue": 0
        },
        "2008-05": {
            "month": "2008-05",
            "price": "16.97",
            "revenue": 0
        },
        "2008-06": {
            "month": "2008-06",
            "price": "17.82",
            "revenue": 0
        },
        "2008-07": {
            "month": "2008-07",
            "price": "16.48",
            "revenue": 0
        },
        "2008-08": {
            "month": "2008-08",
            "price": "15.90",
            "revenue": 0
        },
        "2008-09": {
            "month": "2008-09",
            "price": "13.36",
            "revenue": 0
        },
        "2008-10": {
            "month": "2008-10",
            "price": "8.36",
            "revenue": 0
        },
        "2008-11": {
            "month": "2008-11",
            "price": "6.69",
            "revenue": 0
        },
        "2008-12": {
            "month": "2008-12",
            "price": "7.89",
            "revenue": 0
        },
        "2009-01": {
            "month": "2009-01",
            "price": "7.35",
            "revenue": 0
        },
        "2009-02": {
            "month": "2009-02",
            "price": "6.90",
            "revenue": 0
        },
        "2009-03": {
            "month": "2009-03",
            "price": "8.20",
            "revenue": 0
        },
        "2009-04": {
            "month": "2009-04",
            "price": "9.55",
            "revenue": 0
        },
        "2009-05": {
            "month": "2009-05",
            "price": "10.05",
            "revenue": 0
        },
        "2009-06": {
            "month": "2009-06",
            "price": "9.88",
            "revenue": 0
        },
        "2009-07": {
            "month": "2009-07",
            "price": "10.12",
            "revenue": 0
        },
        "2009-08": {
            "month": "2009-08",
            "price": "12.02",
            "revenue": 0
        },
        "2009-09": {
            "month": "2009-09",
            "price": "13.98",
            "revenue": 0
        },
        "2009-10": {
            "month": "2009-10",
            "price": "15.04",
            "revenue": 0
        },
        "2009-11": {
            "month": "2009-11",
            "price": "15.73",
            "revenue": 0
        },
        "2009-12": {
            "month": "2009-12",
            "price": "16.96",
            "revenue": 0
        },
        "2010-01": {
            "month": "2010-01",
            "price": "17.27",
            "revenue": 0
        },
        "2010-02": {
            "month": "2010-02",
            "price": "16.53",
            "revenue": 0
        },
        "2010-03": {
            "month": "2010-03",
            "price": "18.67",
            "revenue": 0
        },
        "2010-04": {
            "month": "2010-04",
            "price": "20.73",
            "revenue": 0
        },
        "2010-05": {
            "month": "2010-05",
            "price": "21.05",
            "revenue": 0
        },
        "2010-06": {
            "month": "2010-06",
            "price": "22.88",
            "revenue": 0
        },
        "2010-07": {
            "month": "2010-07",
            "price": "23.50",
            "revenue": 0
        },
        "2010-08": {
            "month": "2010-08",
            "price": "26.04",
            "revenue": 0
        },
        "2010-09": {
            "month": "2010-09",
            "price": "29.45",
            "revenue": 0
        },
        "2010-10": {
            "month": "2010-10",
            "price": "27.14",
            "revenue": 0
        },
        "2010-11": {
            "month": "2010-11",
            "price": "30.90",
            "revenue": 0
        },
        "2010-12": {
            "month": "2010-12",
            "price": "34.85",
            "revenue": 0
        },
        "2011-01": {
            "month": "2011-01",
            "price": "34.18",
            "revenue": 0
        },
        "2011-02": {
            "month": "2011-02",
            "price": "34.38",
            "revenue": 0
        },
        "2011-03": {
            "month": "2011-03",
            "price": "31.73",
            "revenue": 0
        },
        "2011-04": {
            "month": "2011-04",
            "price": "33.84",
            "revenue": 0
        },
        "2011-05": {
            "month": "2011-05",
            "price": "34.73",
            "revenue": 0
        },
        "2011-06": {
            "month": "2011-06",
            "price": "35.69",
            "revenue": 0
        },
        "2011-07": {
            "month": "2011-07",
            "price": "37.97",
            "revenue": 0
        },
        "2011-08": {
            "month": "2011-08",
            "price": "31.90",
            "revenue": 0
        },
        "2011-09": {
            "month": "2011-09",
            "price": "31.24",
            "revenue": 0
        },
        "2011-10": {
            "month": "2011-10",
            "price": "31.67",
            "revenue": 0
        },
        "2011-11": {
            "month": "2011-11",
            "price": "30.85",
            "revenue": 0
        },
        "2011-12": {
            "month": "2011-12",
            "price": "27.55",
            "revenue": 0
        },
        "2012-01": {
            "month": "2012-01",
            "price": "27.19",
            "revenue": 0
        },
        "2012-02": {
            "month": "2012-02",
            "price": "32.53",
            "revenue": 0
        },
        "2012-03": {
            "month": "2012-03",
            "price": "37.51",
            "revenue": 0
        },
        "2012-04": {
            "month": "2012-04",
            "price": "39.07",
            "revenue": 0
        },
        "2012-05": {
            "month": "2012-05",
            "price": "36.41",
            "revenue": 0
        },
        "2012-06": {
            "month": "2012-06",
            "price": "33.51",
            "revenue": 0
        },
        "2012-07": {
            "month": "2012-07",
            "price": "32.82",
            "revenue": 0
        },
        "2012-08": {
            "month": "2012-08",
            "price": "35.32",
            "revenue": 0
        },
        "2012-09": {
            "month": "2012-09",
            "price": "38.18",
            "revenue": 0
        },
        "2012-10": {
            "month": "2012-10",
            "price": "37.84",
            "revenue": 0
        },
        "2012-11": {
            "month": "2012-11",
            "price": "37.22",
            "revenue": 0
        },
        "2012-12": {
            "month": "2012-12",
            "price": "41.15",
            "revenue": 0
        },
        "2013-01": {
            "month": "2013-01",
            "price": "42.94",
            "revenue": 0
        },
        "2013-02": {
            "month": "2013-02",
            "price": "42.69",
            "revenue": 0
        },
        "2013-03": {
            "month": "2013-03",
            "price": "44.76",
            "revenue": 0
        },
        "2013-04": {
            "month": "2013-04",
            "price": "41.62",
            "revenue": 0
        },
        "2013-05": {
            "month": "2013-05",
            "price": "43.81",
            "revenue": 0
        },
        "2013-06": {
            "month": "2013-06",
            "price": "38.11",
            "revenue": 0
        },
        "2013-07": {
            "month": "2013-07",
            "price": "41.33",
            "revenue": 0
        },
        "2013-08": {
            "month": "2013-08",
            "price": "44.49",
            "revenue": 0
        },
        "2013-09": {
            "month": "2013-09",
            "price": "50.85",
            "revenue": 0
        },
        "2013-10": {
            "month": "2013-10",
            "price": "52.70",
            "revenue": 0
        },
        "2013-11": {
            "month": "2013-11",
            "price": "54.77",
            "revenue": 0
        },
        "2013-12": {
            "month": "2013-12",
            "price": "53.14",
            "revenue": 0
        },
        "2014-01": {
            "month": "2014-01",
            "price": "58.02",
            "revenue": 0
        },
        "2014-02": {
            "month": "2014-02",
            "price": "62.49",
            "revenue": 0
        },
        "2014-03": {
            "month": "2014-03",
            "price": "59.11",
            "revenue": 0
        },
        "2014-04": {
            "month": "2014-04",
            "price": "54.74",
            "revenue": 0
        },
        "2014-05": {
            "month": "2014-05",
            "price": "52.35",
            "revenue": 0
        },
        "2014-06": {
            "month": "2014-06",
            "price": "54.96",
            "revenue": 0
        },
        "2014-07": {
            "month": "2014-07",
            "price": "54.98",
            "revenue": 0
        },
        "2014-08": {
            "month": "2014-08",
            "price": "55.64",
            "revenue": 0
        },
        "2014-09": {
            "month": "2014-09",
            "price": "58.41",
            "revenue": 0
        },
        "2014-10": {
            "month": "2014-10",
            "price": "57.38",
            "revenue": 0
        },
        "2014-11": {
            "month": "2014-11",
            "price": "61.82",
            "revenue": 0
        },
        "2014-12": {
            "month": "2014-12",
            "price": "58.15",
            "revenue": 0
        },
        "2015-01": {
            "month": "2015-01",
            "price": "57.65",
            "revenue": 0
        },
        "2015-02": {
            "month": "2015-02",
            "price": "61.66",
            "revenue": 0
        },
        "2015-03": {
            "month": "2015-03",
            "price": "66.32",
            "revenue": 0
        },
        "2015-04": {
            "month": "2015-04",
            "price": "68.00",
            "revenue": 0
        },
        "2015-05": {
            "month": "2015-05",
            "price": "72.69",
            "revenue": 0
        },
        "2015-06": {
            "month": "2015-06",
            "price": "72.96",
            "revenue": 0
        },
        "2015-07": {
            "month": "2015-07",
            "price": "71.99",
            "revenue": 0
        },
        "2015-08": {
            "month": "2015-08",
            "price": "70.48",
            "revenue": 0
        },
        "2015-09": {
            "month": "2015-09",
            "price": "70.15",
            "revenue": 0
        },
        "2015-10": {
            "month": "2015-10",
            "price": "76.55",
            "revenue": 0
        },
        "2015-11": {
            "month": "2015-11",
            "price": "78.86",
            "revenue": 0
        },
        "2015-12": {
            "month": "2015-12",
            "price": "78.94",
            "revenue": 0
        },
        "2016-01": {
            "month": "2016-01",
            "price": "71.82",
            "revenue": 0
        },
        "2016-02": {
            "month": "2016-02",
            "price": "62.82",
            "revenue": 0
        },
        "2016-03": {
            "month": "2016-03",
            "price": "71.80",
            "revenue": 0
        },
        "2016-04": {
            "month": "2016-04",
            "price": "75.78",
            "revenue": 0
        },
        "2016-05": {
            "month": "2016-05",
            "price": "78.37",
            "revenue": 0
        },
        "2016-06": {
            "month": "2016-06",
            "price": "81.18",
            "revenue": 0
        },
        "2016-07": {
            "month": "2016-07",
            "price": "81.18",
            "revenue": 0
        },
        "2016-08": {
            "month": "2016-08",
            "price": "79.55",
            "revenue": 0
        },
        "2016-09": {
            "month": "2016-09",
            "price": "73.26",
            "revenue": 0
        },
        "2016-10": {
            "month": "2016-10",
            "price": "73.02",
            "revenue": 0
        },
        "2016-11": {
            "month": "2016-11",
            "price": "74.58",
            "revenue": 0
        },
        "2016-12": {
            "month": "2016-12",
            "price": "70.11",
            "revenue": 0
        },
        "2017-01": {
            "month": "2017-01",
            "price": "75.63",
            "revenue": 0
        },
        "2017-02": {
            "month": "2017-02",
            "price": "80.95",
            "revenue": 0
        },
        "2017-03": {
            "month": "2017-03",
            "price": "82.71",
            "revenue": 0
        },
        "2017-04": {
            "month": "2017-04",
            "price": "84.19",
            "revenue": 0
        },
        "2017-05": {
            "month": "2017-05",
            "price": "88.36",
            "revenue": 0
        },
        "2017-06": {
            "month": "2017-06",
            "price": "88.30",
            "revenue": 0
        },
        "2017-07": {
            "month": "2017-07",
            "price": "89.34",
            "revenue": 0
        },
        "2017-08": {
            "month": "2017-08",
            "price": "91.63",
            "revenue": 0
        },
        "2017-09": {
            "month": "2017-09",
            "price": "95.07",
            "revenue": 0
        },
        "2017-10": {
            "month": "2017-10",
            "price": "97.51",
            "revenue": 0
        },
        "2017-11": {
            "month": "2017-11",
            "price": "105.21",
            "revenue": 0
        },
        "2017-12": {
            "month": "2017-12",
            "price": "103.29",
            "revenue": 0
        },
        "2018-01": {
            "month": "2018-01",
            "price": "110.35",
            "revenue": 0
        },
        "2018-02": {
            "month": "2018-02",
            "price": "111.54",
            "revenue": 0
        },
        "2018-03": {
            "month": "2018-03",
            "price": "122.30",
            "revenue": 0
        },
        "2018-04": {
            "month": "2018-04",
            "price": "119.80",
            "revenue": 0
        },
        "2018-05": {
            "month": "2018-05",
            "price": "127.36",
            "revenue": 0
        },
        "2018-06": {
            "month": "2018-06",
            "price": "135.59",
            "revenue": 0
        },
        "2018-07": {
            "month": "2018-07",
            "price": "144.27",
            "revenue": 0
        },
        "2018-08": {
            "month": "2018-08",
            "price": "146.63",
            "revenue": 0
        },
        "2018-09": {
            "month": "2018-09",
            "price": "155.08",
            "revenue": 0
        },
        "2018-10": {
            "month": "2018-10",
            "price": "144.37",
            "revenue": 0
        },
        "2018-11": {
            "month": "2018-11",
            "price": "132.75",
            "revenue": 0
        },
        "2018-12": {
            "month": "2018-12",
            "price": "134.62",
            "revenue": 0
        },
        "2019-01": {
            "month": "2019-01",
            "price": "146.07",
            "revenue": 0
        },
        "2019-02": {
            "month": "2019-02",
            "price": "159.74",
            "revenue": 0
        },
        "2019-03": {
            "month": "2019-03",
            "price": "159.63",
            "revenue": 0
        },
        "2019-04": {
            "month": "2019-04",
            "price": "160.38",
            "revenue": 0
        },
        "2019-05": {
            "month": "2019-05",
            "price": "156.91",
            "revenue": 0
        },
        "2019-06": {
            "month": "2019-06",
            "price": "152.65",
            "revenue": 0
        },
        "2019-07": {
            "month": "2019-07",
            "price": "156.76",
            "revenue": 0
        },
        "2019-08": {
            "month": "2019-08",
            "price": "146.83",
            "revenue": 0
        },
        "2019-09": {
            "month": "2019-09",
            "price": "152.36",
            "revenue": 0
        },
        "2019-10": {
            "month": "2019-10",
            "price": "148.66",
            "revenue": 0
        },
        "2019-11": {
            "month": "2019-11",
            "price": "161.69",
            "revenue": 0
        },
        "2019-12": {
            "month": "2019-12",
            "price": "160.94",
            "revenue": 0
        },
        "2020-01": {
            "month": "2020-01",
            "price": "179.96",
            "revenue": 0
        },
        "2020-02": {
            "month": "2020-02",
            "price": "185.97",
            "revenue": 0
        },
        "2020-03": {
            "month": "2020-03",
            "price": "150.80",
            "revenue": 0
        },
        "2020-04": {
            "month": "2020-04",
            "price": "152.10",
            "revenue": 0
        },
        "2020-05": {
            "month": "2020-05",
            "price": "172.32",
            "revenue": 0
        },
        "2020-06": {
            "month": "2020-06",
            "price": "180.67",
            "revenue": 0
        },
        "2020-07": {
            "month": "2020-07",
            "price": "192.39",
            "revenue": 0
        },
        "2020-08": {
            "month": "2020-08",
            "price": "215.54",
            "revenue": 0
        },
        "2020-09": {
            "month": "2020-09",
            "price": "250.05",
            "revenue": 0
        },
        "2020-10": {
            "month": "2020-10",
            "price": "253.03",
            "revenue": 0
        },
        "2020-11": {
            "month": "2020-11",
            "price": "252.27",
            "revenue": 0
        },
        "2020-12": {
            "month": "2020-12",
            "price": "225.08",
            "revenue": 0
        },
        "2021-01": {
            "month": "2021-01",
            "price": "220.83",
            "revenue": 0
        },
        "2021-02": {
            "month": "2021-02",
            "price": "238.04",
            "revenue": 0
        },
        "2021-03": {
            "month": "2021-03",
            "price": "211.37",
            "revenue": 0
        },
        "2021-04": {
            "month": "2021-04",
            "price": "229.31",
            "revenue": 0
        },
        "2021-05": {
            "month": "2021-05",
            "price": "220.29",
            "revenue": 0
        },
        "2021-06": {
            "month": "2021-06",
            "price": "240.84",
            "revenue": 0
        },
        "2021-07": {
            "month": "2021-07",
            "price": "244.07",
            "revenue": 0
        },
        "2021-08": {
            "month": "2021-08",
            "price": "252.93",
            "revenue": 0
        },
        "2021-09": {
            "month": "2021-09",
            "price": "264.92",
            "revenue": 0
        },
        "2021-10": {
            "month": "2021-10",
            "price": "285.61",
            "revenue": 0
        },
        "2021-11": {
            "month": "2021-11",
            "price": "301.00",
            "revenue": 0
        },
        "2021-12": {
            "month": "2021-12",
            "price": "257.47",
            "revenue": 0
        },
        "2022-01": {
            "month": "2022-01",
            "price": "228.09",
            "revenue": 0
        },
        "2022-02": {
            "month": "2022-02",
            "price": "211.00",
            "revenue": 0
        },
        "2022-03": {
            "month": "2022-03",
            "price": "207.50",
            "revenue": 0
        },
        "2022-04": {
            "month": "2022-04",
            "price": "190.45",
            "revenue": 0
        },
        "2022-05": {
            "month": "2022-05",
            "price": "165.14",
            "revenue": 0
        },
        "2022-06": {
            "month": "2022-06",
            "price": "175.14",
            "revenue": 0
        },
        "2022-07": {
            "month": "2022-07",
            "price": "174.16",
            "revenue": 0
        },
        "2022-08": {
            "month": "2022-08",
            "price": "181.02",
            "revenue": 0
        },
        "2022-09": {
            "month": "2022-09",
            "price": "152.64",
            "revenue": 0
        },
        "2022-10": {
            "month": "2022-10",
            "price": "153.67",
            "revenue": 0
        },
        "2022-11": {
            "month": "2022-11",
            "price": "151.55",
            "revenue": 0
        },
        "2022-12": {
            "month": "2022-12",
            "price": "132.54",
            "revenue": 0
        },
        "2023-01": {
            "month": "2023-01",
            "price": "150.53",
            "revenue": 0
        },
        "2023-02": {
            "month": "2023-02",
            "price": "167.98",
            "revenue": 0
        },
        "2023-03": {
            "month": "2023-03",
            "price": "185.67",
            "revenue": 0
        },
        "2023-04": {
            "month": "2023-04",
            "price": "194.91",
            "revenue": 0
        },
        "2023-05": {
            "month": "2023-05",
            "price": "205.36",
            "revenue": 0
        },
        "2023-06": {
            "month": "2023-06",
            "price": "211.19",
            "revenue": 0
        },
        "2023-07": {
            "month": "2023-07",
            "price": "223.27",
            "revenue": 0
        },
        "2023-08": {
            "month": "2023-08",
            "price": "211.39",
            "revenue": 0
        },
        "2023-09": {
            "month": "2023-09",
            "price": "214.23",
            "revenue": 0
        },
        "2023-10": {
            "month": "2023-10",
            "price": "203.87",
            "revenue": 0
        }
    }
}
