{
    "summary": {
        "stock_name": "Cisco Systems Inc",
        "stock_id": "CSCO",
        "category": "Computer and Technology",
        "main_business": "思科公司於1984年在加利福尼亞州註冊成立，並於2021年在特拉華州重新註冊成立。該公司設計並銷售一系列為網際網路提供動力的技術。該公司正在整合跨網路、安全、協作、應用和雲的產品組合，為客戶的數字業務建立高度安全、智慧的平臺。這些平臺旨在幫助客戶管理更多的使用者、裝置和連線到他們網路的東西。公司的產品和技術分為以下幾類：安全、敏捷網路；面向未來的網際網路；協作；端到端安全；最佳化應用體驗；以及其他產品。除了提供產品外，該公司還提供廣泛的服務，包括技術支援服務和高階服務。該公司越來越多地透過軟體和服務提供技術。該公司的客戶包括各種規模的企業、公共機構、政府和服務提供商，包括大型網路服務提供商。",
        "website_url": "https://www.cisco.com/",
        "ceo": "Charles H. Robbins",
        "pe_ratio": 14,
        "report_year_from": 1995,
        "report_year_to": 2024,
        "age": 29,
        "eps_negative_percentage": 0,
        "eps_growth_avg": {
            "last_all": 16.42,
            "last_2y": 5.38,
            "last_4y": 8.13,
            "last_8y": 8.83,
            "last_12y": 7.47,
            "last_16y": 8.71,
            "last_20y": 14.4,
            "at_2006_last_3y": 38.58,
            "at_2007_last_3y": 24.97,
            "at_2008_last_3y": 17.28,
            "at_2009_last_3y": 6.62,
            "at_2010_last_3y": 12.72,
            "at_2011_last_3y": 3.58,
            "at_2012_last_3y": 6.46,
            "at_2013_last_3y": 15.62,
            "at_2014_last_3y": 4.42,
            "at_2015_last_3y": 10.04,
            "at_2016_last_3y": 9.66,
            "at_2017_last_3y": 3.11,
            "at_2018_last_3y": 9.7,
            "at_2019_last_3y": 12.63,
            "at_2020_last_3y": 6.86,
            "at_2021_last_3y": 7.92,
            "at_2022_last_3y": 6.98,
            "at_2023_last_3y": 3.07,
            "at_2024_last_3y": 3.07,
            "at_2006_last_all": 42.63,
            "at_2007_last_all": 40.65,
            "at_2008_last_all": 36.16,
            "at_2009_last_all": 29.53,
            "at_2010_last_all": 29.33,
            "at_2011_last_all": 25.82,
            "at_2012_last_all": 25.36,
            "at_2013_last_all": 24.89,
            "at_2014_last_all": 21.67,
            "at_2015_last_all": 21.31,
            "at_2016_last_all": 21.17,
            "at_2017_last_all": 19.45,
            "at_2018_last_all": 18.85,
            "at_2019_last_all": 19.38,
            "at_2020_last_all": 18.16,
            "at_2021_last_all": 17.14,
            "at_2022_last_all": 16.59,
            "at_2023_last_all": 16.42,
            "at_2024_last_all": 16.42
        },
        "latest_eps": 3.38,
        "latest_price": 48.89,
        "latest_roe": 30.19,
        "latest_gross_margin": 65.16,
        "latest_equity": 45210000,
        "latest_revenue": 14668000,
        "latest_gross_profit": 9557000,
        "latest_net_income": 3638000,
        "latest_debt_ratio": 54.23,
        "latest_current_ratio": 146.7,
        "latest_account_receivable_turnover_ratio": 1.41,
        "latest_inventory_turnover_ratio": 1.46,
        "latest_reinvestment_rate": -3.91,
        "latest_research_to_sale_ratio": 13.04
    },
    "eps_dividends": {
        "2001": {
            "cash": 0,
            "stock": 0,
            "eps": 0.17
        },
        "2002": {
            "cash": 0,
            "stock": 0,
            "eps": 0.27
        },
        "2003": {
            "cash": 0,
            "stock": 0,
            "eps": 0.5
        },
        "2004": {
            "cash": 0,
            "stock": 0,
            "eps": 0.7
        },
        "2005": {
            "cash": 0,
            "stock": 0,
            "eps": 0.88
        },
        "2006": {
            "cash": 0,
            "stock": 0,
            "eps": 0.91
        },
        "2007": {
            "cash": 0,
            "stock": 0,
            "eps": 1.19
        },
        "2008": {
            "cash": 0,
            "stock": 0,
            "eps": 1.3
        },
        "2009": {
            "cash": 0,
            "stock": 0,
            "eps": 1.08
        },
        "2010": {
            "cash": 0,
            "stock": 0,
            "eps": 1.38
        },
        "2011": {
            "cash": 0.18,
            "stock": 0,
            "eps": 1.3
        },
        "2012": {
            "cash": 0.5,
            "stock": 0,
            "eps": 1.57
        },
        "2013": {
            "cash": 0.51,
            "stock": 0,
            "eps": 1.88
        },
        "2014": {
            "cash": 0.74,
            "stock": 0,
            "eps": 1.56
        },
        "2015": {
            "cash": 0.82,
            "stock": 0,
            "eps": 1.82
        },
        "2016": {
            "cash": 0.99,
            "stock": 0,
            "eps": 2.17
        },
        "2017": {
            "cash": 1.1300000000000001,
            "stock": 0,
            "eps": 2.03
        },
        "2018": {
            "cash": 1.28,
            "stock": 0,
            "eps": 2.22
        },
        "2019": {
            "cash": 1.38,
            "stock": 0,
            "eps": 2.85
        },
        "2020": {
            "cash": 1.4299999999999997,
            "stock": 0,
            "eps": 2.74
        },
        "2021": {
            "cash": 1.4700000000000002,
            "stock": 0,
            "eps": 2.68
        },
        "2022": {
            "cash": 1.5099999999999998,
            "stock": 0,
            "eps": 2.83
        },
        "2023": {
            "cash": 1.5500000000000003,
            "stock": 0,
            "eps": 3.19
        },
        "2024": {
            "cash": 0.78,
            "stock": 0,
            "eps": 0.91
        }
    },
    "dividends": {
        "2011-04-20": {
            "cash": 0.06,
            "stock": 0
        },
        "2011-07-27": {
            "cash": 0.06,
            "stock": 0
        },
        "2011-10-26": {
            "cash": 0.06,
            "stock": 0
        },
        "2012-01-25": {
            "cash": 0.06,
            "stock": 0
        },
        "2012-04-25": {
            "cash": 0.08,
            "stock": 0
        },
        "2012-07-25": {
            "cash": 0.08,
            "stock": 0
        },
        "2012-10-24": {
            "cash": 0.14,
            "stock": 0
        },
        "2012-12-19": {
            "cash": 0.14,
            "stock": 0
        },
        "2013-04-24": {
            "cash": 0.17,
            "stock": 0
        },
        "2013-07-24": {
            "cash": 0.17,
            "stock": 0
        },
        "2013-10-23": {
            "cash": 0.17,
            "stock": 0
        },
        "2014-01-22": {
            "cash": 0.17,
            "stock": 0
        },
        "2014-04-23": {
            "cash": 0.19,
            "stock": 0
        },
        "2014-07-23": {
            "cash": 0.19,
            "stock": 0
        },
        "2014-10-22": {
            "cash": 0.19,
            "stock": 0
        },
        "2015-01-21": {
            "cash": 0.19,
            "stock": 0
        },
        "2015-04-22": {
            "cash": 0.21,
            "stock": 0
        },
        "2015-07-22": {
            "cash": 0.21,
            "stock": 0
        },
        "2015-10-21": {
            "cash": 0.21,
            "stock": 0
        },
        "2016-01-20": {
            "cash": 0.21,
            "stock": 0
        },
        "2016-04-27": {
            "cash": 0.26,
            "stock": 0
        },
        "2016-07-27": {
            "cash": 0.26,
            "stock": 0
        },
        "2016-10-26": {
            "cash": 0.26,
            "stock": 0
        },
        "2017-01-25": {
            "cash": 0.26,
            "stock": 0
        },
        "2017-04-26": {
            "cash": 0.29,
            "stock": 0
        },
        "2017-07-26": {
            "cash": 0.29,
            "stock": 0
        },
        "2017-10-25": {
            "cash": 0.29,
            "stock": 0
        },
        "2018-01-24": {
            "cash": 0.29,
            "stock": 0
        },
        "2018-04-25": {
            "cash": 0.33,
            "stock": 0
        },
        "2018-07-25": {
            "cash": 0.33,
            "stock": 0
        },
        "2018-10-24": {
            "cash": 0.33,
            "stock": 0
        },
        "2019-01-23": {
            "cash": 0.33,
            "stock": 0
        },
        "2019-04-24": {
            "cash": 0.35,
            "stock": 0
        },
        "2019-07-24": {
            "cash": 0.35,
            "stock": 0
        },
        "2019-10-23": {
            "cash": 0.35,
            "stock": 0
        },
        "2020-01-22": {
            "cash": 0.35,
            "stock": 0
        },
        "2020-04-22": {
            "cash": 0.36,
            "stock": 0
        },
        "2020-07-22": {
            "cash": 0.36,
            "stock": 0
        },
        "2020-10-21": {
            "cash": 0.36,
            "stock": 0
        },
        "2021-01-20": {
            "cash": 0.36,
            "stock": 0
        },
        "2021-04-28": {
            "cash": 0.37,
            "stock": 0
        },
        "2021-07-28": {
            "cash": 0.37,
            "stock": 0
        },
        "2021-10-27": {
            "cash": 0.37,
            "stock": 0
        },
        "2022-01-26": {
            "cash": 0.37,
            "stock": 0
        },
        "2022-04-27": {
            "cash": 0.38,
            "stock": 0
        },
        "2022-07-27": {
            "cash": 0.38,
            "stock": 0
        },
        "2022-10-27": {
            "cash": 0.38,
            "stock": 0
        },
        "2023-01-26": {
            "cash": 0.38,
            "stock": 0
        },
        "2023-04-26": {
            "cash": 0.39,
            "stock": 0
        },
        "2023-07-27": {
            "cash": 0.39,
            "stock": 0
        },
        "2023-10-26": {
            "cash": 0.39,
            "stock": 0
        },
        "2024-01-25": {
            "cash": 0.39,
            "stock": 0
        },
        "2024-04-26": {
            "cash": 0.39,
            "stock": 0
        }
    },
    "prices": {
        "200101": "38.91",
        "200102": "29.38",
        "200103": "20.11",
        "200104": "16.19",
        "200105": "20.11",
        "200106": "18.70",
        "200107": "18.09",
        "200108": "17.82",
        "200109": "13.38",
        "200110": "15.76",
        "200111": "19.31",
        "200112": "19.57",
        "200201": "19.71",
        "200202": "16.79",
        "200203": "16.59",
        "200204": "15.37",
        "200205": "15.61",
        "200206": "14.71",
        "200207": "13.40",
        "200208": "13.68",
        "200209": "12.42",
        "200210": "10.40",
        "200211": "13.61",
        "200212": "13.66",
        "200301": "14.39",
        "200302": "13.69",
        "200303": "13.54",
        "200304": "13.86",
        "200305": "16.00",
        "200306": "17.44",
        "200307": "18.47",
        "200308": "18.44",
        "200309": "20.55",
        "200310": "20.71",
        "200311": "22.30",
        "200312": "23.82",
        "200401": "26.86",
        "200402": "24.11",
        "200403": "22.97",
        "200404": "23.21",
        "200405": "21.67",
        "200406": "23.35",
        "200407": "21.70",
        "200408": "19.36",
        "200409": "19.17",
        "200410": "18.77",
        "200411": "19.27",
        "200412": "19.37",
        "200501": "18.41",
        "200502": "17.67",
        "200503": "18.04",
        "200504": "17.58",
        "200505": "18.82",
        "200506": "19.44",
        "200507": "19.41",
        "200508": "18.23",
        "200509": "18.07",
        "200510": "17.30",
        "200511": "17.46",
        "200512": "17.47",
        "200601": "18.64",
        "200602": "19.36",
        "200603": "21.26",
        "200604": "21.04",
        "200605": "20.72",
        "200606": "19.82",
        "200607": "18.36",
        "200608": "19.96",
        "200609": "22.67",
        "200610": "24.15",
        "200611": "26.12",
        "200612": "27.22",
        "200701": "27.37",
        "200702": "27.29",
        "200703": "25.95",
        "200704": "26.40",
        "200705": "26.64",
        "200706": "26.96",
        "200707": "29.22",
        "200708": "30.45",
        "200709": "32.13",
        "200710": "32.39",
        "200711": "29.79",
        "200712": "28.01",
        "200801": "25.19",
        "200802": "23.73",
        "200803": "24.61",
        "200804": "24.52",
        "200805": "25.99",
        "200806": "25.54",
        "200807": "22.06",
        "200808": "24.03",
        "200809": "22.94",
        "200810": "18.35",
        "200811": "16.57",
        "200812": "16.43",
        "200901": "16.32",
        "200902": "15.55",
        "200903": "15.67",
        "200904": "17.93",
        "200905": "18.67",
        "200906": "19.30",
        "200907": "20.18",
        "200908": "21.77",
        "200909": "22.75",
        "200910": "23.68",
        "200911": "23.64",
        "200912": "23.82",
        "201001": "23.99",
        "201002": "23.82",
        "201003": "25.94",
        "201004": "26.85",
        "201005": "24.84",
        "201006": "22.84",
        "201007": "22.83",
        "201008": "22.37",
        "201009": "21.37",
        "201010": "22.87",
        "201011": "21.26",
        "201012": "19.67",
        "201101": "21.00",
        "201102": "19.84",
        "201103": "17.70",
        "201104": "17.26",
        "201105": "16.95",
        "201106": "15.38",
        "201107": "15.82",
        "201108": "15.28",
        "201109": "15.98",
        "201110": "17.21",
        "201111": "18.20",
        "201112": "18.37",
        "201201": "19.35",
        "201202": "20.10",
        "201203": "20.22",
        "201204": "20.00",
        "201205": "17.44",
        "201206": "16.77",
        "201207": "16.25",
        "201208": "18.07",
        "201209": "19.08",
        "201210": "18.34",
        "201211": "17.93",
        "201212": "19.73",
        "201301": "20.70",
        "201302": "20.99",
        "201303": "21.33",
        "201304": "20.91",
        "201305": "22.39",
        "201306": "24.37",
        "201307": "25.38",
        "201308": "24.95",
        "201309": "24.08",
        "201310": "22.85",
        "201311": "22.20",
        "201312": "21.26",
        "201401": "22.26",
        "201402": "22.23",
        "201403": "21.81",
        "201404": "23.04",
        "201405": "23.74",
        "201406": "24.72",
        "201407": "25.56",
        "201408": "24.87",
        "201409": "25.01",
        "201410": "23.90",
        "201411": "26.07",
        "201412": "27.60",
        "201501": "27.57",
        "201502": "28.50",
        "201503": "28.38",
        "201504": "28.20",
        "201505": "29.27",
        "201506": "28.61",
        "201507": "27.83",
        "201508": "27.39",
        "201509": "25.75",
        "201510": "28.08",
        "201511": "27.65",
        "201512": "27.06",
        "201601": "24.35",
        "201602": "24.86",
        "201603": "27.70",
        "201604": "28.07",
        "201605": "27.38",
        "201606": "28.74",
        "201607": "29.87",
        "201608": "30.98",
        "201609": "31.37",
        "201610": "30.71",
        "201611": "30.53",
        "201612": "30.21",
        "201701": "30.34",
        "201702": "32.60",
        "201703": "34.10",
        "201704": "33.08",
        "201705": "33.00",
        "201706": "31.72",
        "201707": "31.44",
        "201708": "31.50",
        "201709": "32.60",
        "201710": "33.86",
        "201711": "35.43",
        "201712": "38.08",
        "201801": "40.88",
        "201802": "42.21",
        "201803": "44.13",
        "201804": "43.08",
        "201805": "44.44",
        "201806": "43.53",
        "201807": "42.56",
        "201808": "44.97",
        "201809": "47.65",
        "201810": "46.10",
        "201811": "46.16",
        "201812": "44.90",
        "201901": "44.38",
        "201902": "48.86",
        "201903": "52.56",
        "201904": "55.95",
        "201905": "54.13",
        "201906": "55.67",
        "201907": "56.87",
        "201908": "49.70",
        "201909": "49.08",
        "201910": "46.97",
        "201911": "46.47",
        "201912": "45.95",
        "202001": "47.92",
        "202002": "46.12",
        "202003": "38.06",
        "202004": "41.52",
        "202005": "43.74",
        "202006": "46.18",
        "202007": "46.48",
        "202008": "44.25",
        "202009": "39.90",
        "202010": "38.66",
        "202011": "40.03",
        "202012": "44.51",
        "202101": "45.04",
        "202102": "46.51",
        "202103": "48.87",
        "202104": "51.80",
        "202105": "52.55",
        "202106": "53.43",
        "202107": "54.02",
        "202108": "57.05",
        "202109": "57.21",
        "202110": "55.24",
        "202111": "56.19",
        "202112": "59.84",
        "202201": "59.18",
        "202202": "55.23",
        "202203": "55.45",
        "202204": "52.48",
        "202205": "47.37",
        "202206": "43.98",
        "202207": "43.58",
        "202208": "46.26",
        "202209": "43.04",
        "202210": "42.08",
        "202211": "46.16",
        "202212": "48.30",
        "202301": "48.02",
        "202302": "48.55",
        "202303": "49.78",
        "202304": "49.35",
        "202305": "47.64",
        "202306": "50.66",
        "202307": "51.91",
        "202308": "54.43",
        "202309": "55.45",
        "202310": "53.16",
        "202311": "50.53",
        "202312": "49.41"
    },
    "quarters": {
        "20012": {
            "year_quarter": 20012,
            "year": 2001,
            "quarter": 2,
            "eps": 0.16,
            "eps_growth_year": 28.94,
            "eps_4q": 0.7,
            "eps_4q_growth_year": 61.27,
            "roe": 3.06,
            "roe_4q": 3.06,
            "gross_profit": 4167000,
            "gross_margin": 61.75,
            "gross_margin_4q_avg": 61.75,
            "net_income": 874000,
            "net_income_4q": null,
            "revenue": 6748000,
            "revenue_4q": null,
            "common_shares": 18203000,
            "book_valuer_per_share": 3.43,
            "book_valuer_per_share_4q_avg": 3.43,
            "equity": 29498000,
            "current_ratio": 203.82,
            "debt_ratio": 17.79,
            "inventory_turnover_ratio": 1.15,
            "account_receivable_turnover_ratio": 1.85,
            "reinvestment_rate": 148.25,
            "research_to_sale_ratio": 15,
            "price_fair": 0,
            "eps_avg_yearly": 0,
            "eps_latest_yearly": 0,
            "eps_growth_yearly": 0
        },
        "20013": {
            "year_quarter": 20013,
            "year": 2001,
            "quarter": 3,
            "eps": -0.3,
            "eps_growth_year": -293.55,
            "eps_4q": 0.24,
            "eps_4q_growth_year": -52.21,
            "roe": -9.69,
            "roe_4q": -6.629999999999999,
            "gross_profit": 328000,
            "gross_margin": 6.94,
            "gross_margin_4q_avg": 34.35,
            "net_income": -2693000,
            "net_income_4q": null,
            "revenue": 4728000,
            "revenue_4q": null,
            "common_shares": 18745000,
            "book_valuer_per_share": 2.89,
            "book_valuer_per_share_4q_avg": 3.16,
            "equity": 26093000,
            "current_ratio": 157.34,
            "debt_ratio": 22.78,
            "inventory_turnover_ratio": 1.98,
            "account_receivable_turnover_ratio": 1.47,
            "reinvestment_rate": 203.11,
            "research_to_sale_ratio": 21.74,
            "price_fair": 0,
            "eps_avg_yearly": 0,
            "eps_latest_yearly": 0,
            "eps_growth_yearly": 0
        },
        "20014": {
            "year_quarter": 20014,
            "year": 2001,
            "quarter": 4,
            "eps": 0.31,
            "eps_growth_year": 61.48,
            "eps_4q": 0.35,
            "eps_4q_growth_year": -39.26,
            "roe": 0.03,
            "roe_4q": -6.6,
            "gross_profit": 2436000,
            "gross_margin": 56.68,
            "gross_margin_4q_avg": 41.79,
            "net_income": 7000,
            "net_income_4q": null,
            "revenue": 4298000,
            "revenue_4q": null,
            "common_shares": 20051000,
            "book_valuer_per_share": 3.07,
            "book_valuer_per_share_4q_avg": 3.13,
            "equity": 27120000,
            "current_ratio": 174.58,
            "debt_ratio": 23.04,
            "inventory_turnover_ratio": 1.04,
            "account_receivable_turnover_ratio": 1.98,
            "reinvestment_rate": 218.66,
            "research_to_sale_ratio": 21.87,
            "price_fair": 0,
            "eps_avg_yearly": 0,
            "eps_latest_yearly": 0,
            "eps_growth_yearly": 0
        },
        "20021": {
            "year_quarter": 20021,
            "year": 2002,
            "quarter": 1,
            "eps": -0.03,
            "eps_growth_year": -116.51,
            "eps_4q": 0.13,
            "eps_4q_growth_year": -80.33,
            "roe": -0.98,
            "roe_4q": -7.579999999999998,
            "gross_profit": 2692000,
            "gross_margin": 60.52,
            "gross_margin_4q_avg": 46.47,
            "net_income": -268000,
            "net_income_4q": null,
            "revenue": 4448000,
            "revenue_4q": null,
            "common_shares": 20372000,
            "book_valuer_per_share": 3.11,
            "book_valuer_per_share_4q_avg": 3.13,
            "equity": 27450000,
            "current_ratio": 177.91,
            "debt_ratio": 22.76,
            "inventory_turnover_ratio": 1.18,
            "account_receivable_turnover_ratio": 2.58,
            "reinvestment_rate": 238.88,
            "research_to_sale_ratio": 20.62,
            "price_fair": 0,
            "eps_avg_yearly": 0,
            "eps_latest_yearly": 0,
            "eps_growth_yearly": 0
        },
        "20022": {
            "year_quarter": 20022,
            "year": 2002,
            "quarter": 2,
            "eps": 0.09,
            "eps_growth_year": -44.33,
            "eps_4q": 0.06,
            "eps_4q_growth_year": -91.41,
            "roe": 2.37,
            "roe_4q": -8.27,
            "gross_profit": 2970000,
            "gross_margin": 61.67,
            "gross_margin_4q_avg": 46.45,
            "net_income": 660000,
            "net_income_4q": null,
            "revenue": 4816000,
            "revenue_4q": null,
            "common_shares": 20603000,
            "book_valuer_per_share": 3.22,
            "book_valuer_per_share_4q_avg": 3.07,
            "equity": 28143000,
            "current_ratio": 164.65,
            "debt_ratio": 23.32,
            "inventory_turnover_ratio": 1.59,
            "account_receivable_turnover_ratio": 3.09,
            "reinvestment_rate": 256.41,
            "research_to_sale_ratio": 17.9,
            "price_fair": 0,
            "eps_avg_yearly": 0,
            "eps_latest_yearly": 0,
            "eps_growth_yearly": 0
        },
        "20023": {
            "year_quarter": 20023,
            "year": 2002,
            "quarter": 3,
            "eps": 0.1,
            "eps_growth_year": null,
            "eps_4q": 0.46,
            "eps_4q_growth_year": 94.63,
            "roe": 2.58,
            "roe_4q": 4,
            "gross_profit": 3068000,
            "gross_margin": 63.63,
            "gross_margin_4q_avg": 60.63,
            "net_income": 729000,
            "net_income_4q": null,
            "revenue": 4822000,
            "revenue_4q": null,
            "common_shares": 20631000,
            "book_valuer_per_share": 3.28,
            "book_valuer_per_share_4q_avg": 3.17,
            "equity": 28419000,
            "current_ratio": 170.55,
            "debt_ratio": 23.45,
            "inventory_turnover_ratio": 1.85,
            "account_receivable_turnover_ratio": 3.44,
            "reinvestment_rate": 225.13,
            "research_to_sale_ratio": 17.38,
            "price_fair": 14,
            "eps_avg_yearly": 0.4,
            "eps_latest_yearly": 0.4,
            "eps_growth_yearly": 44.44
        },
        "20024": {
            "year_quarter": 20024,
            "year": 2002,
            "quarter": 4,
            "eps": 0.11,
            "eps_growth_year": -64.7,
            "eps_4q": 0.26,
            "eps_4q_growth_year": -25.69,
            "roe": 2.71,
            "roe_4q": 6.68,
            "gross_profit": 3283000,
            "gross_margin": 67.99,
            "gross_margin_4q_avg": 63.45,
            "net_income": 772000,
            "net_income_4q": null,
            "revenue": 4829000,
            "revenue_4q": null,
            "common_shares": 20950000,
            "book_valuer_per_share": 3.33,
            "book_valuer_per_share_4q_avg": 3.24,
            "equity": 28656000,
            "current_ratio": 208.16,
            "debt_ratio": 24.18,
            "inventory_turnover_ratio": 1.77,
            "account_receivable_turnover_ratio": 3.71,
            "reinvestment_rate": 147.08,
            "research_to_sale_ratio": 17.21,
            "price_fair": 14.7,
            "eps_avg_yearly": 0.42,
            "eps_latest_yearly": 0.44,
            "eps_growth_yearly": 42.22
        },
        "20031": {
            "year_quarter": 20031,
            "year": 2003,
            "quarter": 1,
            "eps": 0.08,
            "eps_growth_year": null,
            "eps_4q": 0.38,
            "eps_4q_growth_year": 191.32,
            "roe": 2.16,
            "roe_4q": 9.82,
            "gross_profit": 3358000,
            "gross_margin": 69.31,
            "gross_margin_4q_avg": 65.65,
            "net_income": 618000,
            "net_income_4q": null,
            "revenue": 4845000,
            "revenue_4q": null,
            "common_shares": 20875000,
            "book_valuer_per_share": 3.34,
            "book_valuer_per_share_4q_avg": 3.29,
            "equity": 28546000,
            "current_ratio": 191.79,
            "debt_ratio": 23.26,
            "inventory_turnover_ratio": 1.74,
            "account_receivable_turnover_ratio": 3.66,
            "reinvestment_rate": 172.58,
            "research_to_sale_ratio": 17.01,
            "price_fair": 1.16,
            "eps_avg_yearly": 0.39,
            "eps_latest_yearly": 0.32,
            "eps_growth_yearly": -8.22
        },
        "20032": {
            "year_quarter": 20032,
            "year": 2003,
            "quarter": 2,
            "eps": 0.14,
            "eps_growth_year": 54.47,
            "eps_4q": 0.43,
            "eps_4q_growth_year": 613.65,
            "roe": 3.48,
            "roe_4q": 10.930000000000001,
            "gross_profit": 3317000,
            "gross_margin": 70.38,
            "gross_margin_4q_avg": 67.83,
            "net_income": 991000,
            "net_income_4q": null,
            "revenue": 4713000,
            "revenue_4q": null,
            "common_shares": 20814000,
            "book_valuer_per_share": 3.38,
            "book_valuer_per_share_4q_avg": 3.33,
            "equity": 28455000,
            "current_ratio": 177.19,
            "debt_ratio": 23.81,
            "inventory_turnover_ratio": 1.74,
            "account_receivable_turnover_ratio": 3.65,
            "reinvestment_rate": 139.86,
            "research_to_sale_ratio": 17.53,
            "price_fair": 15.05,
            "eps_avg_yearly": 0.43,
            "eps_latest_yearly": 0.56,
            "eps_growth_yearly": 68.84
        },
        "20033": {
            "year_quarter": 20033,
            "year": 2003,
            "quarter": 3,
            "eps": 0.14,
            "eps_growth_year": 41.42,
            "eps_4q": 0.47,
            "eps_4q_growth_year": 1.42,
            "roe": 3.52,
            "roe_4q": 11.870000000000001,
            "gross_profit": 3269000,
            "gross_margin": 70.79,
            "gross_margin_4q_avg": 69.62,
            "net_income": 987000,
            "net_income_4q": null,
            "revenue": 4618000,
            "revenue_4q": null,
            "common_shares": 20592000,
            "book_valuer_per_share": 3.32,
            "book_valuer_per_share_4q_avg": 3.34,
            "equity": 27645000,
            "current_ratio": 161.91,
            "debt_ratio": 23.75,
            "inventory_turnover_ratio": 1.75,
            "account_receivable_turnover_ratio": 3.53,
            "reinvestment_rate": 121.83,
            "research_to_sale_ratio": 15.7,
            "price_fair": 15.96,
            "eps_avg_yearly": 0.46,
            "eps_latest_yearly": 0.56,
            "eps_growth_yearly": 55.07
        },
        "20034": {
            "year_quarter": 20034,
            "year": 2003,
            "quarter": 4,
            "eps": 0.14,
            "eps_growth_year": 27.86,
            "eps_4q": 0.5,
            "eps_4q_growth_year": 89.44,
            "roe": 3.53,
            "roe_4q": 12.69,
            "gross_profit": 3289000,
            "gross_margin": 69.95,
            "gross_margin_4q_avg": 70.11,
            "net_income": 982000,
            "net_income_4q": null,
            "revenue": 4702000,
            "revenue_4q": null,
            "common_shares": 21116000,
            "book_valuer_per_share": 3.35,
            "book_valuer_per_share_4q_avg": 3.35,
            "equity": 28029000,
            "current_ratio": 162.01,
            "debt_ratio": 24.46,
            "inventory_turnover_ratio": 1.73,
            "account_receivable_turnover_ratio": 3.34,
            "reinvestment_rate": 84.6,
            "research_to_sale_ratio": 16.63,
            "price_fair": 16.57,
            "eps_avg_yearly": 0.47,
            "eps_latest_yearly": 0.56,
            "eps_growth_yearly": 45.89
        },
        "20041": {
            "year_quarter": 20041,
            "year": 2004,
            "quarter": 1,
            "eps": 0.15,
            "eps_growth_year": 81.08,
            "eps_4q": 0.57,
            "eps_4q_growth_year": 49.43,
            "roe": 3.92,
            "roe_4q": 14.45,
            "gross_profit": 3506000,
            "gross_margin": 68.73,
            "gross_margin_4q_avg": 69.96,
            "net_income": 1086000,
            "net_income_4q": null,
            "revenue": 5101000,
            "revenue_4q": null,
            "common_shares": 21094000,
            "book_valuer_per_share": 3.31,
            "book_valuer_per_share_4q_avg": 3.34,
            "equity": 27419000,
            "current_ratio": 181.81,
            "debt_ratio": 23.52,
            "inventory_turnover_ratio": 1.82,
            "account_receivable_turnover_ratio": 3.39,
            "reinvestment_rate": 44.14,
            "research_to_sale_ratio": 14.41,
            "price_fair": 17.2,
            "eps_avg_yearly": 0.49,
            "eps_latest_yearly": 0.6,
            "eps_growth_yearly": 43.42
        },
        "20042": {
            "year_quarter": 20042,
            "year": 2004,
            "quarter": 2,
            "eps": 0.18,
            "eps_growth_year": 33.61,
            "eps_4q": 0.61,
            "eps_4q_growth_year": 43.34,
            "roe": 4.69,
            "roe_4q": 15.659999999999998,
            "gross_profit": 3698000,
            "gross_margin": 68.51,
            "gross_margin_4q_avg": 69.5,
            "net_income": 1291000,
            "net_income_4q": null,
            "revenue": 5398000,
            "revenue_4q": null,
            "common_shares": 22302000,
            "book_valuer_per_share": 3.36,
            "book_valuer_per_share_4q_avg": 3.34,
            "equity": 27636000,
            "current_ratio": 185.16,
            "debt_ratio": 24.47,
            "inventory_turnover_ratio": 1.88,
            "account_receivable_turnover_ratio": 2.98,
            "reinvestment_rate": 28.09,
            "research_to_sale_ratio": 14.06,
            "price_fair": 18.2,
            "eps_avg_yearly": 0.52,
            "eps_latest_yearly": 0.72,
            "eps_growth_yearly": 47.99
        },
        "20043": {
            "year_quarter": 20043,
            "year": 2004,
            "quarter": 3,
            "eps": 0.17,
            "eps_growth_year": 23.98,
            "eps_4q": 0.64,
            "eps_4q_growth_year": 38,
            "roe": 4.52,
            "roe_4q": 16.66,
            "gross_profit": 3867000,
            "gross_margin": 68.81,
            "gross_margin_4q_avg": 69,
            "net_income": 1211000,
            "net_income_4q": null,
            "revenue": 5620000,
            "revenue_4q": null,
            "common_shares": 22277000,
            "book_valuer_per_share": 3.15,
            "book_valuer_per_share_4q_avg": 3.29,
            "equity": 25981000,
            "current_ratio": 170.09,
            "debt_ratio": 26.18,
            "inventory_turnover_ratio": 1.71,
            "account_receivable_turnover_ratio": 3.04,
            "reinvestment_rate": -18.98,
            "research_to_sale_ratio": 14.25,
            "price_fair": 18.82,
            "eps_avg_yearly": 0.54,
            "eps_latest_yearly": 0.68,
            "eps_growth_yearly": 40.19
        },
        "20044": {
            "year_quarter": 20044,
            "year": 2004,
            "quarter": 4,
            "eps": 0.2,
            "eps_growth_year": 44.15,
            "eps_4q": 0.7,
            "eps_4q_growth_year": 41.92,
            "roe": 5.33,
            "roe_4q": 18.46,
            "gross_profit": 4055000,
            "gross_margin": 68.43,
            "gross_margin_4q_avg": 68.62,
            "net_income": 1380000,
            "net_income_4q": null,
            "revenue": 5926000,
            "revenue_4q": null,
            "common_shares": 22450000,
            "book_valuer_per_share": 3.16,
            "book_valuer_per_share_4q_avg": 3.25,
            "equity": 25826000,
            "current_ratio": 164.81,
            "debt_ratio": 27.44,
            "inventory_turnover_ratio": 1.61,
            "account_receivable_turnover_ratio": 3.25,
            "reinvestment_rate": 7.06,
            "research_to_sale_ratio": 13.25,
            "price_fair": 19.74,
            "eps_avg_yearly": 0.56,
            "eps_latest_yearly": 0.8,
            "eps_growth_yearly": 43.23
        },
        "20051": {
            "year_quarter": 20051,
            "year": 2005,
            "quarter": 1,
            "eps": 0.21,
            "eps_growth_year": 36.1,
            "eps_4q": 0.76,
            "eps_4q_growth_year": 34.5,
            "roe": 5.54,
            "roe_4q": 20.080000000000002,
            "gross_profit": 4015000,
            "gross_margin": 67.24,
            "gross_margin_4q_avg": 68.25,
            "net_income": 1396000,
            "net_income_4q": null,
            "revenue": 5971000,
            "revenue_4q": null,
            "common_shares": 22151000,
            "book_valuer_per_share": 2.98,
            "book_valuer_per_share_4q_avg": 3.16,
            "equity": 24589000,
            "current_ratio": 144.63,
            "debt_ratio": 28.34,
            "inventory_turnover_ratio": 1.62,
            "account_receivable_turnover_ratio": 3.12,
            "reinvestment_rate": 3.34,
            "research_to_sale_ratio": 13.48,
            "price_fair": 20.62,
            "eps_avg_yearly": 0.59,
            "eps_latest_yearly": 0.84,
            "eps_growth_yearly": 41.12
        },
        "20052": {
            "year_quarter": 20052,
            "year": 2005,
            "quarter": 2,
            "eps": 0.21,
            "eps_growth_year": 15.98,
            "eps_4q": 0.79,
            "eps_4q_growth_year": 29.19,
            "roe": 5.79,
            "roe_4q": 21.18,
            "gross_profit": 4053000,
            "gross_margin": 66.86,
            "gross_margin_4q_avg": 67.84,
            "net_income": 1400000,
            "net_income_4q": null,
            "revenue": 6062000,
            "revenue_4q": null,
            "common_shares": 22145000,
            "book_valuer_per_share": 2.88,
            "book_valuer_per_share_4q_avg": 3.04,
            "equity": 23751000,
            "current_ratio": 131.94,
            "debt_ratio": 29.78,
            "inventory_turnover_ratio": 1.63,
            "account_receivable_turnover_ratio": 2.98,
            "reinvestment_rate": 20.1,
            "research_to_sale_ratio": 13.38,
            "price_fair": 21.35,
            "eps_avg_yearly": 0.61,
            "eps_latest_yearly": 0.84,
            "eps_growth_yearly": 37.69
        },
        "20053": {
            "year_quarter": 20053,
            "year": 2005,
            "quarter": 3,
            "eps": 0.22,
            "eps_growth_year": 25.81,
            "eps_4q": 0.83,
            "eps_4q_growth_year": 29.41,
            "roe": 5.91,
            "roe_4q": 22.57,
            "gross_profit": 4135000,
            "gross_margin": 66.83,
            "gross_margin_4q_avg": 67.34,
            "net_income": 1405000,
            "net_income_4q": null,
            "revenue": 6187000,
            "revenue_4q": null,
            "common_shares": 22450000,
            "book_valuer_per_share": 2.84,
            "book_valuer_per_share_4q_avg": 2.97,
            "equity": 23756000,
            "current_ratio": 119.33,
            "debt_ratio": 30.07,
            "inventory_turnover_ratio": 1.62,
            "account_receivable_turnover_ratio": 2.74,
            "reinvestment_rate": 13.03,
            "research_to_sale_ratio": 13.3,
            "price_fair": 22.08,
            "eps_avg_yearly": 0.63,
            "eps_latest_yearly": 0.88,
            "eps_growth_yearly": 36.26
        },
        "20054": {
            "year_quarter": 20054,
            "year": 2005,
            "quarter": 4,
            "eps": 0.24,
            "eps_growth_year": 19.9,
            "eps_4q": 0.87,
            "eps_4q_growth_year": 23.84,
            "roe": 6.56,
            "roe_4q": 23.799999999999997,
            "gross_profit": 4468000,
            "gross_margin": 67.89,
            "gross_margin_4q_avg": 67.21,
            "net_income": 1540000,
            "net_income_4q": null,
            "revenue": 6581000,
            "revenue_4q": null,
            "common_shares": 22394000,
            "book_valuer_per_share": 2.74,
            "book_valuer_per_share_4q_avg": 2.86,
            "equity": 23174000,
            "current_ratio": 231.42,
            "debt_ratio": 31.61,
            "inventory_turnover_ratio": 1.64,
            "account_receivable_turnover_ratio": 2.95,
            "reinvestment_rate": -58.18,
            "research_to_sale_ratio": 13.42,
            "price_fair": 22.9,
            "eps_avg_yearly": 0.65,
            "eps_latest_yearly": 0.96,
            "eps_growth_yearly": 36.26
        },
        "20061": {
            "year_quarter": 20061,
            "year": 2006,
            "quarter": 1,
            "eps": 0.2,
            "eps_growth_year": -4.17,
            "eps_4q": 0.86,
            "eps_4q_growth_year": 13.71,
            "roe": 5.65,
            "roe_4q": 23.91,
            "gross_profit": 4410000,
            "gross_margin": 67.33,
            "gross_margin_4q_avg": 67.23,
            "net_income": 1261000,
            "net_income_4q": null,
            "revenue": 6550000,
            "revenue_4q": null,
            "common_shares": 22261000,
            "book_valuer_per_share": 2.51,
            "book_valuer_per_share_4q_avg": 2.74,
            "equity": 21437000,
            "current_ratio": 213.87,
            "debt_ratio": 32.49,
            "inventory_turnover_ratio": 1.64,
            "account_receivable_turnover_ratio": 2.87,
            "reinvestment_rate": -64.76,
            "research_to_sale_ratio": 15.21,
            "price_fair": 23.24,
            "eps_avg_yearly": 0.66,
            "eps_latest_yearly": 0.8,
            "eps_growth_yearly": 29.4
        },
        "20062": {
            "year_quarter": 20062,
            "year": 2006,
            "quarter": 2,
            "eps": 0.22,
            "eps_growth_year": 4.42,
            "eps_4q": 0.87,
            "eps_4q_growth_year": 10.71,
            "roe": 6.19,
            "roe_4q": 24.31,
            "gross_profit": 4466000,
            "gross_margin": 67.38,
            "gross_margin_4q_avg": 67.36,
            "net_income": 1375000,
            "net_income_4q": null,
            "revenue": 6628000,
            "revenue_4q": null,
            "common_shares": 22907000,
            "book_valuer_per_share": 2.77,
            "book_valuer_per_share_4q_avg": 2.72,
            "equity": 22964000,
            "current_ratio": 226.98,
            "debt_ratio": 31.76,
            "inventory_turnover_ratio": 1.62,
            "account_receivable_turnover_ratio": 2.72,
            "reinvestment_rate": -69.34,
            "research_to_sale_ratio": 14.57,
            "price_fair": 23.71,
            "eps_avg_yearly": 0.68,
            "eps_latest_yearly": 0.88,
            "eps_growth_yearly": 30.06
        },
        "20063": {
            "year_quarter": 20063,
            "year": 2006,
            "quarter": 3,
            "eps": 0.24,
            "eps_growth_year": 9.68,
            "eps_4q": 0.89,
            "eps_4q_growth_year": 7.33,
            "roe": 5.88,
            "roe_4q": 24.279999999999998,
            "gross_profit": 4726000,
            "gross_margin": 64.55,
            "gross_margin_4q_avg": 66.79,
            "net_income": 1400000,
            "net_income_4q": null,
            "revenue": 7322000,
            "revenue_4q": null,
            "common_shares": 24132000,
            "book_valuer_per_share": 2.12,
            "book_valuer_per_share_4q_avg": 2.54,
            "equity": 24615000,
            "current_ratio": 244.36,
            "debt_ratio": 42.86,
            "inventory_turnover_ratio": 1.95,
            "account_receivable_turnover_ratio": 2.65,
            "reinvestment_rate": -49.35,
            "research_to_sale_ratio": 14.22,
            "price_fair": 24.94,
            "eps_avg_yearly": 0.71,
            "eps_latest_yearly": 0.96,
            "eps_growth_yearly": 29.56
        },
        "20064": {
            "year_quarter": 20064,
            "year": 2006,
            "quarter": 4,
            "eps": 0.25,
            "eps_growth_year": 4.67,
            "eps_4q": 0.91,
            "eps_4q_growth_year": 3.74,
            "roe": 6.36,
            "roe_4q": 24.08,
            "gross_profit": 5145000,
            "gross_margin": 64.44,
            "gross_margin_4q_avg": 65.93,
            "net_income": 1544000,
            "net_income_4q": null,
            "revenue": 7984000,
            "revenue_4q": null,
            "common_shares": 24257000,
            "book_valuer_per_share": 2.07,
            "book_valuer_per_share_4q_avg": 2.37,
            "equity": 23912000,
            "current_ratio": 226.96,
            "debt_ratio": 44.8,
            "inventory_turnover_ratio": 2.12,
            "account_receivable_turnover_ratio": 2.54,
            "reinvestment_rate": -54.28,
            "research_to_sale_ratio": 13.33,
            "price_fair": 26.16,
            "eps_avg_yearly": 0.75,
            "eps_latest_yearly": 1,
            "eps_growth_yearly": 28.1
        },
        "20071": {
            "year_quarter": 20071,
            "year": 2007,
            "quarter": 1,
            "eps": 0.26,
            "eps_growth_year": 30.54,
            "eps_4q": 0.97,
            "eps_4q_growth_year": 11.82,
            "roe": 6.5,
            "roe_4q": 24.93,
            "gross_profit": 5233000,
            "gross_margin": 63.94,
            "gross_margin_4q_avg": 65.08,
            "net_income": 1608000,
            "net_income_4q": null,
            "revenue": 8184000,
            "revenue_4q": null,
            "common_shares": 25419000,
            "book_valuer_per_share": 2.34,
            "book_valuer_per_share_4q_avg": 2.33,
            "equity": 25529000,
            "current_ratio": 241.57,
            "debt_ratio": 43.15,
            "inventory_turnover_ratio": 2.07,
            "account_receivable_turnover_ratio": 2.56,
            "reinvestment_rate": -55.08,
            "research_to_sale_ratio": 13.23,
            "price_fair": 27.74,
            "eps_avg_yearly": 0.79,
            "eps_latest_yearly": 1.04,
            "eps_growth_yearly": 35.92
        },
        "20072": {
            "year_quarter": 20072,
            "year": 2007,
            "quarter": 2,
            "eps": 0.31,
            "eps_growth_year": 38.9,
            "eps_4q": 1.05,
            "eps_4q_growth_year": 20.43,
            "roe": 7.37,
            "roe_4q": 26.11,
            "gross_profit": 5388000,
            "gross_margin": 63.85,
            "gross_margin_4q_avg": 64.2,
            "net_income": 1921000,
            "net_income_4q": null,
            "revenue": 8439000,
            "revenue_4q": null,
            "common_shares": 27245000,
            "book_valuer_per_share": 2.53,
            "book_valuer_per_share_4q_avg": 2.27,
            "equity": 26582000,
            "current_ratio": 248.16,
            "debt_ratio": 42.53,
            "inventory_turnover_ratio": 1.96,
            "account_receivable_turnover_ratio": 2.81,
            "reinvestment_rate": -54.89,
            "research_to_sale_ratio": 12.96,
            "price_fair": 26.7,
            "eps_avg_yearly": 0.84,
            "eps_latest_yearly": 1.24,
            "eps_growth_yearly": 21.98
        },
        "20073": {
            "year_quarter": 20073,
            "year": 2007,
            "quarter": 3,
            "eps": 0.3,
            "eps_growth_year": 26.92,
            "eps_4q": 1.12,
            "eps_4q_growth_year": 24.74,
            "roe": 6.8,
            "roe_4q": 27.03,
            "gross_profit": 5647000,
            "gross_margin": 63.69,
            "gross_margin_4q_avg": 63.98,
            "net_income": 1874000,
            "net_income_4q": null,
            "revenue": 8866000,
            "revenue_4q": null,
            "common_shares": 28411000,
            "book_valuer_per_share": 2.83,
            "book_valuer_per_share_4q_avg": 2.44,
            "equity": 28518000,
            "current_ratio": 255.1,
            "debt_ratio": 41.6,
            "inventory_turnover_ratio": 2.2,
            "account_receivable_turnover_ratio": 2.89,
            "reinvestment_rate": -50.6,
            "research_to_sale_ratio": 12.9,
            "price_fair": 27.27,
            "eps_avg_yearly": 0.88,
            "eps_latest_yearly": 1.2,
            "eps_growth_yearly": 21.17
        },
        "20074": {
            "year_quarter": 20074,
            "year": 2007,
            "quarter": 4,
            "eps": 0.32,
            "eps_growth_year": 27.89,
            "eps_4q": 1.19,
            "eps_4q_growth_year": 30.89,
            "roe": 6.43,
            "roe_4q": 27.1,
            "gross_profit": 6068000,
            "gross_margin": 64.33,
            "gross_margin_4q_avg": 63.95,
            "net_income": 1930000,
            "net_income_4q": null,
            "revenue": 9433000,
            "revenue_4q": null,
            "common_shares": 30687000,
            "book_valuer_per_share": 2.76,
            "book_valuer_per_share_4q_avg": 2.62,
            "equity": 31480000,
            "current_ratio": 236.37,
            "debt_ratio": 40.98,
            "inventory_turnover_ratio": 2.58,
            "account_receivable_turnover_ratio": 2.61,
            "reinvestment_rate": -41.18,
            "research_to_sale_ratio": 12.49,
            "price_fair": 30.21,
            "eps_avg_yearly": 0.92,
            "eps_latest_yearly": 1.28,
            "eps_growth_yearly": 22.84
        },
        "20081": {
            "year_quarter": 20081,
            "year": 2008,
            "quarter": 1,
            "eps": 0.35,
            "eps_growth_year": 34.14,
            "eps_4q": 1.27,
            "eps_4q_growth_year": 31.84,
            "roe": 6.75,
            "roe_4q": 27.35,
            "gross_profit": 6140000,
            "gross_margin": 64.27,
            "gross_margin_4q_avg": 64.04,
            "net_income": 2205000,
            "net_income_4q": null,
            "revenue": 9554000,
            "revenue_4q": null,
            "common_shares": 32510000,
            "book_valuer_per_share": 3.18,
            "book_valuer_per_share_4q_avg": 2.83,
            "equity": 33872000,
            "current_ratio": 273.77,
            "debt_ratio": 39.19,
            "inventory_turnover_ratio": 2.59,
            "account_receivable_turnover_ratio": 2.58,
            "reinvestment_rate": -37.5,
            "research_to_sale_ratio": 12.9,
            "price_fair": 32.39,
            "eps_avg_yearly": 0.97,
            "eps_latest_yearly": 1.4,
            "eps_growth_yearly": 23.4
        },
        "20082": {
            "year_quarter": 20082,
            "year": 2008,
            "quarter": 2,
            "eps": 0.33,
            "eps_growth_year": 8.66,
            "eps_4q": 1.3,
            "eps_4q_growth_year": 23.63,
            "roe": 6.18,
            "roe_4q": 26.16,
            "gross_profit": 6305000,
            "gross_margin": 64.13,
            "gross_margin_4q_avg": 64.11,
            "net_income": 2060000,
            "net_income_4q": null,
            "revenue": 9831000,
            "revenue_4q": null,
            "common_shares": 32773000,
            "book_valuer_per_share": 3.03,
            "book_valuer_per_share_4q_avg": 2.95,
            "equity": 32812000,
            "current_ratio": 266.07,
            "debt_ratio": 40.67,
            "inventory_turnover_ratio": 2.73,
            "account_receivable_turnover_ratio": 2.59,
            "reinvestment_rate": -34.48,
            "research_to_sale_ratio": 12.82,
            "price_fair": 27.17,
            "eps_avg_yearly": 1.01,
            "eps_latest_yearly": 1.32,
            "eps_growth_yearly": 16.97
        },
        "20083": {
            "year_quarter": 20083,
            "year": 2008,
            "quarter": 3,
            "eps": 0.29,
            "eps_growth_year": -2.71,
            "eps_4q": 1.29,
            "eps_4q_growth_year": 15.84,
            "roe": 5.38,
            "roe_4q": 24.74,
            "gross_profit": 6270000,
            "gross_margin": 64.04,
            "gross_margin_4q_avg": 64.19,
            "net_income": 1773000,
            "net_income_4q": null,
            "revenue": 9791000,
            "revenue_4q": null,
            "common_shares": 32931000,
            "book_valuer_per_share": 3.14,
            "book_valuer_per_share_4q_avg": 3.03,
            "equity": 33138000,
            "current_ratio": 255.6,
            "debt_ratio": 41.99,
            "inventory_turnover_ratio": 2.77,
            "account_receivable_turnover_ratio": 2.35,
            "reinvestment_rate": -36.51,
            "research_to_sale_ratio": 15.15,
            "price_fair": 26.28,
            "eps_avg_yearly": 1.04,
            "eps_latest_yearly": 1.16,
            "eps_growth_yearly": 15.33
        },
        "20084": {
            "year_quarter": 20084,
            "year": 2008,
            "quarter": 4,
            "eps": 0.33,
            "eps_growth_year": 4.52,
            "eps_4q": 1.31,
            "eps_4q_growth_year": 10.25,
            "roe": 5.97,
            "roe_4q": 24.28,
            "gross_profit": 6631000,
            "gross_margin": 63.98,
            "gross_margin_4q_avg": 64.11,
            "net_income": 2014000,
            "net_income_4q": null,
            "revenue": 10364000,
            "revenue_4q": null,
            "common_shares": 33505000,
            "book_valuer_per_share": 3.37,
            "book_valuer_per_share_4q_avg": 3.18,
            "equity": 34353000,
            "current_ratio": 257.61,
            "debt_ratio": 41.51,
            "inventory_turnover_ratio": 2.97,
            "account_receivable_turnover_ratio": 2.59,
            "reinvestment_rate": -36.31,
            "research_to_sale_ratio": 13.03,
            "price_fair": 26.07,
            "eps_avg_yearly": 1.07,
            "eps_latest_yearly": 1.32,
            "eps_growth_yearly": 14.36
        },
        "20091": {
            "year_quarter": 20091,
            "year": 2009,
            "quarter": 1,
            "eps": 0.37,
            "eps_growth_year": 5.8,
            "eps_4q": 1.33,
            "eps_4q_growth_year": 4.16,
            "roe": 6.34,
            "roe_4q": 23.869999999999997,
            "gross_profit": 6681000,
            "gross_margin": 64.67,
            "gross_margin_4q_avg": 64.21,
            "net_income": 2201000,
            "net_income_4q": null,
            "revenue": 10331000,
            "revenue_4q": null,
            "common_shares": 33791000,
            "book_valuer_per_share": 3.5,
            "book_valuer_per_share_4q_avg": 3.26,
            "equity": 35035000,
            "current_ratio": 263.23,
            "debt_ratio": 40.5,
            "inventory_turnover_ratio": 2.99,
            "account_receivable_turnover_ratio": 2.91,
            "reinvestment_rate": -34.83,
            "research_to_sale_ratio": 13.61,
            "price_fair": 29.02,
            "eps_avg_yearly": 1.11,
            "eps_latest_yearly": 1.48,
            "eps_growth_yearly": 16.14
        },
        "20092": {
            "year_quarter": 20092,
            "year": 2009,
            "quarter": 2,
            "eps": 0.26,
            "eps_growth_year": -22.78,
            "eps_4q": 1.25,
            "eps_4q_growth_year": -3.78,
            "roe": 4.19,
            "roe_4q": 21.88,
            "gross_profit": 5723000,
            "gross_margin": 62.97,
            "gross_margin_4q_avg": 63.92,
            "net_income": 1504000,
            "net_income_4q": null,
            "revenue": 9089000,
            "revenue_4q": null,
            "common_shares": 34092000,
            "book_valuer_per_share": 3.84,
            "book_valuer_per_share_4q_avg": 3.46,
            "equity": 36783000,
            "current_ratio": 279.29,
            "debt_ratio": 40.05,
            "inventory_turnover_ratio": 2.91,
            "account_receivable_turnover_ratio": 2.95,
            "reinvestment_rate": -36.17,
            "research_to_sale_ratio": 14.07,
            "price_fair": 21,
            "eps_avg_yearly": 1.12,
            "eps_latest_yearly": 1.04,
            "eps_growth_yearly": 8.71
        },
        "20093": {
            "year_quarter": 20093,
            "year": 2009,
            "quarter": 3,
            "eps": 0.23,
            "eps_growth_year": -20.69,
            "eps_4q": 1.19,
            "eps_4q_growth_year": -7.85,
            "roe": 3.64,
            "roe_4q": 20.14,
            "gross_profit": 5229000,
            "gross_margin": 64.07,
            "gross_margin_4q_avg": 63.92,
            "net_income": 1348000,
            "net_income_4q": null,
            "revenue": 8162000,
            "revenue_4q": null,
            "common_shares": 33974000,
            "book_valuer_per_share": 3.99,
            "book_valuer_per_share_4q_avg": 3.68,
            "equity": 37256000,
            "current_ratio": 321.41,
            "debt_ratio": 42.39,
            "inventory_turnover_ratio": 2.75,
            "account_receivable_turnover_ratio": 3.09,
            "reinvestment_rate": 3.89,
            "research_to_sale_ratio": 15.23,
            "price_fair": 16.46,
            "eps_avg_yearly": 1.13,
            "eps_latest_yearly": 0.92,
            "eps_growth_yearly": 4.63
        },
        "20094": {
            "year_quarter": 20094,
            "year": 2009,
            "quarter": 4,
            "eps": 0.22,
            "eps_growth_year": -34.91,
            "eps_4q": 1.07,
            "eps_4q_growth_year": -17.78,
            "roe": 2.85,
            "roe_4q": 17.02,
            "gross_profit": 5461000,
            "gross_margin": 63.98,
            "gross_margin_4q_avg": 63.92,
            "net_income": 1081000,
            "net_income_4q": null,
            "revenue": 8535000,
            "revenue_4q": null,
            "common_shares": 34344000,
            "book_valuer_per_share": 4.15,
            "book_valuer_per_share_4q_avg": 3.87,
            "equity": 38647000,
            "current_ratio": 323.52,
            "debt_ratio": 43.27,
            "inventory_turnover_ratio": 2.93,
            "account_receivable_turnover_ratio": 3.07,
            "reinvestment_rate": 5.23,
            "research_to_sale_ratio": 15,
            "price_fair": 12.63,
            "eps_avg_yearly": 1.12,
            "eps_latest_yearly": 0.88,
            "eps_growth_yearly": 1.28
        },
        "20101": {
            "year_quarter": 20101,
            "year": 2010,
            "quarter": 1,
            "eps": 0.31,
            "eps_growth_year": -17.01,
            "eps_4q": 1.01,
            "eps_4q_growth_year": -23.77,
            "roe": 4.54,
            "roe_4q": 15.220000000000002,
            "gross_profit": 5888000,
            "gross_margin": 65.27,
            "gross_margin_4q_avg": 64.07,
            "net_income": 1787000,
            "net_income_4q": null,
            "revenue": 9021000,
            "revenue_4q": null,
            "common_shares": 34803000,
            "book_valuer_per_share": 4.44,
            "book_valuer_per_share_4q_avg": 4.11,
            "equity": 40002000,
            "current_ratio": 339.59,
            "debt_ratio": 41.76,
            "inventory_turnover_ratio": 2.9,
            "account_receivable_turnover_ratio": 2.85,
            "reinvestment_rate": 5.02,
            "research_to_sale_ratio": 13.57,
            "price_fair": 29.46,
            "eps_avg_yearly": 1.15,
            "eps_latest_yearly": 1.24,
            "eps_growth_yearly": 15.67
        },
        "20102": {
            "year_quarter": 20102,
            "year": 2010,
            "quarter": 2,
            "eps": 0.33,
            "eps_growth_year": 27.69,
            "eps_4q": 1.08,
            "eps_4q_growth_year": -13.48,
            "roe": 4.55,
            "roe_4q": 15.58,
            "gross_profit": 6332000,
            "gross_margin": 64.51,
            "gross_margin_4q_avg": 64.46,
            "net_income": 1853000,
            "net_income_4q": null,
            "revenue": 9815000,
            "revenue_4q": null,
            "common_shares": 35687000,
            "book_valuer_per_share": 4.26,
            "book_valuer_per_share_4q_avg": 4.21,
            "equity": 41512000,
            "current_ratio": 348.07,
            "debt_ratio": 45.67,
            "inventory_turnover_ratio": 3.02,
            "account_receivable_turnover_ratio": 2.65,
            "reinvestment_rate": 4.44,
            "research_to_sale_ratio": 12.71,
            "price_fair": 29.12,
            "eps_avg_yearly": 1.18,
            "eps_latest_yearly": 1.32,
            "eps_growth_yearly": 14.78
        },
        "20103": {
            "year_quarter": 20103,
            "year": 2010,
            "quarter": 3,
            "eps": 0.38,
            "eps_growth_year": 64.29,
            "eps_4q": 1.23,
            "eps_4q_growth_year": 3.42,
            "roe": 5.14,
            "roe_4q": 17.080000000000002,
            "gross_profit": 6630000,
            "gross_margin": 63.95,
            "gross_margin_4q_avg": 64.43,
            "net_income": 2192000,
            "net_income_4q": null,
            "revenue": 10368000,
            "revenue_4q": null,
            "common_shares": 37584000,
            "book_valuer_per_share": 4.14,
            "book_valuer_per_share_4q_avg": 4.25,
            "equity": 43830000,
            "current_ratio": 269.85,
            "debt_ratio": 44.72,
            "inventory_turnover_ratio": 3.03,
            "account_receivable_turnover_ratio": 2.49,
            "reinvestment_rate": 2.57,
            "research_to_sale_ratio": 13.61,
            "price_fair": 31.82,
            "eps_avg_yearly": 1.21,
            "eps_latest_yearly": 1.52,
            "eps_growth_yearly": 16.3
        },
        "20104": {
            "year_quarter": 20104,
            "year": 2010,
            "quarter": 4,
            "eps": 0.36,
            "eps_growth_year": 63.92,
            "eps_4q": 1.37,
            "eps_4q_growth_year": 27.55,
            "roe": 4.39,
            "roe_4q": 18.619999999999997,
            "gross_profit": 6793000,
            "gross_margin": 62.69,
            "gross_margin_4q_avg": 64.11,
            "net_income": 1935000,
            "net_income_4q": null,
            "revenue": 10836000,
            "revenue_4q": null,
            "common_shares": 37793000,
            "book_valuer_per_share": 4.3,
            "book_valuer_per_share_4q_avg": 4.29,
            "equity": 44267000,
            "current_ratio": 267.36,
            "debt_ratio": 45.44,
            "inventory_turnover_ratio": 3.14,
            "account_receivable_turnover_ratio": 1.92,
            "reinvestment_rate": 2.17,
            "research_to_sale_ratio": 12.84,
            "price_fair": 29.63,
            "eps_avg_yearly": 1.24,
            "eps_latest_yearly": 1.44,
            "eps_growth_yearly": 13.94
        },
        "20111": {
            "year_quarter": 20111,
            "year": 2011,
            "quarter": 1,
            "eps": 0.35,
            "eps_growth_year": 13.24,
            "eps_4q": 1.41,
            "eps_4q_growth_year": 39.48,
            "roe": 4.34,
            "roe_4q": 18.42,
            "gross_profit": 6755000,
            "gross_margin": 62.84,
            "gross_margin_4q_avg": 63.5,
            "net_income": 1930000,
            "net_income_4q": null,
            "revenue": 10750000,
            "revenue_4q": null,
            "common_shares": 37691000,
            "book_valuer_per_share": 4.44,
            "book_valuer_per_share_4q_avg": 4.29,
            "equity": 44675000,
            "current_ratio": 278.18,
            "debt_ratio": 44.17,
            "inventory_turnover_ratio": 2.8,
            "account_receivable_turnover_ratio": 1.84,
            "reinvestment_rate": 1.99,
            "research_to_sale_ratio": 13.31,
            "price_fair": 28.03,
            "eps_avg_yearly": 1.26,
            "eps_latest_yearly": 1.4,
            "eps_growth_yearly": 12.25
        },
        "20112": {
            "year_quarter": 20112,
            "year": 2011,
            "quarter": 2,
            "eps": 0.28,
            "eps_growth_year": -13.7,
            "eps_4q": 1.37,
            "eps_4q_growth_year": 26.18,
            "roe": 3.37,
            "roe_4q": 17.24,
            "gross_profit": 6261000,
            "gross_margin": 60.16,
            "gross_margin_4q_avg": 62.41,
            "net_income": 1521000,
            "net_income_4q": null,
            "revenue": 10407000,
            "revenue_4q": null,
            "common_shares": 38302000,
            "book_valuer_per_share": 4.72,
            "book_valuer_per_share_4q_avg": 4.4,
            "equity": 45641000,
            "current_ratio": 281.36,
            "debt_ratio": 44.33,
            "inventory_turnover_ratio": 2.65,
            "account_receivable_turnover_ratio": 2.29,
            "reinvestment_rate": 1.78,
            "research_to_sale_ratio": 14.2,
            "price_fair": 15.58,
            "eps_avg_yearly": 1.25,
            "eps_latest_yearly": 1.12,
            "eps_growth_yearly": 2.44
        },
        "20113": {
            "year_quarter": 20113,
            "year": 2011,
            "quarter": 3,
            "eps": 0.33,
            "eps_growth_year": -12.55,
            "eps_4q": 1.32,
            "eps_4q_growth_year": 7.04,
            "roe": 3.89,
            "roe_4q": 15.989999999999998,
            "gross_profit": 6659000,
            "gross_margin": 61.28,
            "gross_margin_4q_avg": 61.74,
            "net_income": 1807000,
            "net_income_4q": null,
            "revenue": 10866000,
            "revenue_4q": null,
            "common_shares": 38639000,
            "book_valuer_per_share": 5.01,
            "book_valuer_per_share_4q_avg": 4.62,
            "equity": 47163000,
            "current_ratio": 342.67,
            "debt_ratio": 44.74,
            "inventory_turnover_ratio": 2.76,
            "account_receivable_turnover_ratio": 2.41,
            "reinvestment_rate": 1.11,
            "research_to_sale_ratio": 13.16,
            "price_fair": 22.31,
            "eps_avg_yearly": 1.26,
            "eps_latest_yearly": 1.32,
            "eps_growth_yearly": 7.71
        },
        "20114": {
            "year_quarter": 20114,
            "year": 2011,
            "quarter": 4,
            "eps": 0.34,
            "eps_growth_year": -3.85,
            "eps_4q": 1.3,
            "eps_4q_growth_year": -4.8,
            "roe": 2.61,
            "roe_4q": 14.21,
            "gross_profit": 6861000,
            "gross_margin": 61.29,
            "gross_margin_4q_avg": 61.39,
            "net_income": 1232000,
            "net_income_4q": null,
            "revenue": 11195000,
            "revenue_4q": null,
            "common_shares": 38648000,
            "book_valuer_per_share": 5.13,
            "book_valuer_per_share_4q_avg": 4.83,
            "equity": 47226000,
            "current_ratio": 326.92,
            "debt_ratio": 45.78,
            "inventory_turnover_ratio": 2.96,
            "account_receivable_turnover_ratio": 1.83,
            "reinvestment_rate": 0.34,
            "research_to_sale_ratio": 13.26,
            "price_fair": 21.25,
            "eps_avg_yearly": 1.27,
            "eps_latest_yearly": 1.36,
            "eps_growth_yearly": 6.8
        },
        "20121": {
            "year_quarter": 20121,
            "year": 2012,
            "quarter": 1,
            "eps": 0.36,
            "eps_growth_year": 3.83,
            "eps_4q": 1.32,
            "eps_4q_growth_year": -6.59,
            "roe": 3.76,
            "roe_4q": 13.629999999999999,
            "gross_profit": 6890000,
            "gross_margin": 61.21,
            "gross_margin_4q_avg": 60.99,
            "net_income": 1777000,
            "net_income_4q": null,
            "revenue": 11256000,
            "revenue_4q": null,
            "common_shares": 38297000,
            "book_valuer_per_share": 5.21,
            "book_valuer_per_share_4q_avg": 5.02,
            "equity": 47188000,
            "current_ratio": 327.97,
            "debt_ratio": 45.74,
            "inventory_turnover_ratio": 2.81,
            "account_receivable_turnover_ratio": 1.46,
            "reinvestment_rate": 0.04,
            "research_to_sale_ratio": 12.22,
            "price_fair": 20.19,
            "eps_avg_yearly": 1.27,
            "eps_latest_yearly": 1.44,
            "eps_growth_yearly": 5.93
        },
        "20122": {
            "year_quarter": 20122,
            "year": 2012,
            "quarter": 2,
            "eps": 0.41,
            "eps_growth_year": 43.46,
            "eps_4q": 1.44,
            "eps_4q_growth_year": 5.46,
            "roe": 4.53,
            "roe_4q": 14.79,
            "gross_profit": 7065000,
            "gross_margin": 61.29,
            "gross_margin_4q_avg": 61.27,
            "net_income": 2182000,
            "net_income_4q": null,
            "revenue": 11527000,
            "revenue_4q": null,
            "common_shares": 38906000,
            "book_valuer_per_share": 5.61,
            "book_valuer_per_share_4q_avg": 5.24,
            "equity": 49246000,
            "current_ratio": 336.96,
            "debt_ratio": 44.83,
            "inventory_turnover_ratio": 2.78,
            "account_receivable_turnover_ratio": 1.53,
            "reinvestment_rate": -0.53,
            "research_to_sale_ratio": 11.62,
            "price_fair": 26.81,
            "eps_avg_yearly": 1.29,
            "eps_latest_yearly": 1.64,
            "eps_growth_yearly": 10.83
        },
        "20123": {
            "year_quarter": 20123,
            "year": 2012,
            "quarter": 3,
            "eps": 0.4,
            "eps_growth_year": 21.31,
            "eps_4q": 1.51,
            "eps_4q_growth_year": 14.67,
            "roe": 4.3,
            "roe_4q": 15.2,
            "gross_profit": 7169000,
            "gross_margin": 61.87,
            "gross_margin_4q_avg": 61.42,
            "net_income": 2165000,
            "net_income_4q": null,
            "revenue": 11588000,
            "revenue_4q": null,
            "common_shares": 39510000,
            "book_valuer_per_share": 5.98,
            "book_valuer_per_share_4q_avg": 5.48,
            "equity": 51357000,
            "current_ratio": 357.46,
            "debt_ratio": 43.66,
            "inventory_turnover_ratio": 2.86,
            "account_receivable_turnover_ratio": 1.53,
            "reinvestment_rate": -1.34,
            "research_to_sale_ratio": 11.72,
            "price_fair": 30.57,
            "eps_avg_yearly": 1.32,
            "eps_latest_yearly": 1.6,
            "eps_growth_yearly": 13.25
        },
        "20124": {
            "year_quarter": 20124,
            "year": 2012,
            "quarter": 4,
            "eps": 0.4,
            "eps_growth_year": 17.4,
            "eps_4q": 1.57,
            "eps_4q_growth_year": 20.44,
            "roe": 3.74,
            "roe_4q": 16.33,
            "gross_profit": 7085000,
            "gross_margin": 60.61,
            "gross_margin_4q_avg": 61.25,
            "net_income": 1917000,
            "net_income_4q": null,
            "revenue": 11690000,
            "revenue_4q": null,
            "common_shares": 39271000,
            "book_valuer_per_share": 6.1,
            "book_valuer_per_share_4q_avg": 5.73,
            "equity": 51286000,
            "current_ratio": 349.29,
            "debt_ratio": 44.11,
            "inventory_turnover_ratio": 2.91,
            "account_receivable_turnover_ratio": 1.49,
            "reinvestment_rate": -2.19,
            "research_to_sale_ratio": 12.11,
            "price_fair": 26.38,
            "eps_avg_yearly": 1.33,
            "eps_latest_yearly": 1.6,
            "eps_growth_yearly": 9.8
        },
        "20131": {
            "year_quarter": 20131,
            "year": 2013,
            "quarter": 1,
            "eps": 0.4,
            "eps_growth_year": 11.6,
            "eps_4q": 1.61,
            "eps_4q_growth_year": 22.39,
            "roe": 4.02,
            "roe_4q": 16.59,
            "gross_profit": 7239000,
            "gross_margin": 60.95,
            "gross_margin_4q_avg": 61.18,
            "net_income": 2092000,
            "net_income_4q": null,
            "revenue": 11876000,
            "revenue_4q": null,
            "common_shares": 39290000,
            "book_valuer_per_share": 5.42,
            "book_valuer_per_share_4q_avg": 5.78,
            "equity": 52686000,
            "current_ratio": 338.36,
            "debt_ratio": 43.13,
            "inventory_turnover_ratio": 2.75,
            "account_receivable_turnover_ratio": 1.51,
            "reinvestment_rate": -2.18,
            "research_to_sale_ratio": 12.05,
            "price_fair": 22.47,
            "eps_avg_yearly": 1.34,
            "eps_latest_yearly": 1.6,
            "eps_growth_yearly": 6.77
        },
        "20132": {
            "year_quarter": 20132,
            "year": 2013,
            "quarter": 2,
            "eps": 0.59,
            "eps_growth_year": 46.23,
            "eps_4q": 1.8,
            "eps_4q_growth_year": 24.97,
            "roe": 5.81,
            "roe_4q": 17.869999999999997,
            "gross_profit": 7343000,
            "gross_margin": 60.7,
            "gross_margin_4q_avg": 61.03,
            "net_income": 3143000,
            "net_income_4q": null,
            "revenue": 12098000,
            "revenue_4q": null,
            "common_shares": 39970000,
            "book_valuer_per_share": 5.75,
            "book_valuer_per_share_4q_avg": 5.81,
            "equity": 55515000,
            "current_ratio": 338.3,
            "debt_ratio": 42.4,
            "inventory_turnover_ratio": 2.9,
            "account_receivable_turnover_ratio": 1.51,
            "reinvestment_rate": -1.81,
            "research_to_sale_ratio": 12,
            "price_fair": 49.79,
            "eps_avg_yearly": 1.42,
            "eps_latest_yearly": 2.36,
            "eps_growth_yearly": 26.08
        },
        "20133": {
            "year_quarter": 20133,
            "year": 2013,
            "quarter": 3,
            "eps": 0.47,
            "eps_growth_year": 15.42,
            "eps_4q": 1.86,
            "eps_4q_growth_year": 23.22,
            "roe": 4.41,
            "roe_4q": 17.979999999999997,
            "gross_profit": 7511000,
            "gross_margin": 61.48,
            "gross_margin_4q_avg": 60.94,
            "net_income": 2478000,
            "net_income_4q": null,
            "revenue": 12216000,
            "revenue_4q": null,
            "common_shares": 40431000,
            "book_valuer_per_share": 5.97,
            "book_valuer_per_share_4q_avg": 5.81,
            "equity": 56788000,
            "current_ratio": 291.59,
            "debt_ratio": 41.51,
            "inventory_turnover_ratio": 3.09,
            "account_receivable_turnover_ratio": 1.42,
            "reinvestment_rate": -1.89,
            "research_to_sale_ratio": 12.62,
            "price_fair": 50.22,
            "eps_avg_yearly": 1.48,
            "eps_latest_yearly": 1.88,
            "eps_growth_yearly": 23.88
        },
        "20134": {
            "year_quarter": 20134,
            "year": 2013,
            "quarter": 4,
            "eps": 0.42,
            "eps_growth_year": 3.85,
            "eps_4q": 1.88,
            "eps_4q_growth_year": 19.54,
            "roe": 3.92,
            "roe_4q": 18.16,
            "gross_profit": 7347000,
            "gross_margin": 59.17,
            "gross_margin_4q_avg": 60.58,
            "net_income": 2270000,
            "net_income_4q": null,
            "revenue": 12417000,
            "revenue_4q": null,
            "common_shares": 42297000,
            "book_valuer_per_share": 6.27,
            "book_valuer_per_share_4q_avg": 5.85,
            "equity": 59120000,
            "current_ratio": 297.88,
            "debt_ratio": 41.58,
            "inventory_turnover_ratio": 3.44,
            "account_receivable_turnover_ratio": 1.36,
            "reinvestment_rate": -1.7,
            "research_to_sale_ratio": 12.22,
            "price_fair": 49.5,
            "eps_avg_yearly": 1.53,
            "eps_latest_yearly": 1.68,
            "eps_growth_yearly": 22.3
        },
        "20141": {
            "year_quarter": 20141,
            "year": 2014,
            "quarter": 1,
            "eps": 0.4,
            "eps_growth_year": 0,
            "eps_4q": 1.88,
            "eps_4q_growth_year": 16.44,
            "roe": 3.38,
            "roe_4q": 17.52,
            "gross_profit": 7407000,
            "gross_margin": 61.29,
            "gross_margin_4q_avg": 60.66,
            "net_income": 1996000,
            "net_income_4q": null,
            "revenue": 12085000,
            "revenue_4q": null,
            "common_shares": 42166000,
            "book_valuer_per_share": 5.84,
            "book_valuer_per_share_4q_avg": 5.96,
            "equity": 58897000,
            "current_ratio": 289.01,
            "debt_ratio": 41.54,
            "inventory_turnover_ratio": 3.18,
            "account_receivable_turnover_ratio": 1.28,
            "reinvestment_rate": -1.75,
            "research_to_sale_ratio": 14.27,
            "price_fair": 32.48,
            "eps_avg_yearly": 1.56,
            "eps_latest_yearly": 1.6,
            "eps_growth_yearly": 10.89
        },
        "20142": {
            "year_quarter": 20142,
            "year": 2014,
            "quarter": 2,
            "eps": 0.28,
            "eps_growth_year": -52.87,
            "eps_4q": 1.56,
            "eps_4q_growth_year": -13.09,
            "roe": 2.49,
            "roe_4q": 14.2,
            "gross_profit": 5951000,
            "gross_margin": 53.35,
            "gross_margin_4q_avg": 58.82,
            "net_income": 1429000,
            "net_income_4q": null,
            "revenue": 11155000,
            "revenue_4q": null,
            "common_shares": 41438000,
            "book_valuer_per_share": 5.45,
            "book_valuer_per_share_4q_avg": 5.88,
            "equity": 56069000,
            "current_ratio": 264.51,
            "debt_ratio": 43.03,
            "inventory_turnover_ratio": 3.45,
            "account_receivable_turnover_ratio": 1.26,
            "reinvestment_rate": -1.89,
            "research_to_sale_ratio": 12.66,
            "price_fair": 18.16,
            "eps_avg_yearly": 1.54,
            "eps_latest_yearly": 1.12,
            "eps_growth_yearly": 1.77
        },
        "20143": {
            "year_quarter": 20143,
            "year": 2014,
            "quarter": 3,
            "eps": 0.43,
            "eps_growth_year": -8.78,
            "eps_4q": 1.52,
            "eps_4q_growth_year": -18.19,
            "roe": 3.9,
            "roe_4q": 13.69,
            "gross_profit": 7006000,
            "gross_margin": 60.68,
            "gross_margin_4q_avg": 58.62,
            "net_income": 2181000,
            "net_income_4q": null,
            "revenue": 11545000,
            "revenue_4q": null,
            "common_shares": 41241000,
            "book_valuer_per_share": 5.52,
            "book_valuer_per_share_4q_avg": 5.77,
            "equity": 55787000,
            "current_ratio": 347.22,
            "debt_ratio": 45.23,
            "inventory_turnover_ratio": 2.95,
            "account_receivable_turnover_ratio": 1.37,
            "reinvestment_rate": -1.45,
            "research_to_sale_ratio": 13.56,
            "price_fair": 33.24,
            "eps_avg_yearly": 1.56,
            "eps_latest_yearly": 1.72,
            "eps_growth_yearly": 11.38
        },
        "20144": {
            "year_quarter": 20144,
            "year": 2014,
            "quarter": 4,
            "eps": 0.45,
            "eps_growth_year": 6.74,
            "eps_4q": 1.55,
            "eps_4q_growth_year": -17.37,
            "roe": 4,
            "roe_4q": 13.77,
            "gross_profit": 7405000,
            "gross_margin": 59.93,
            "gross_margin_4q_avg": 58.81,
            "net_income": 2247000,
            "net_income_4q": null,
            "revenue": 12357000,
            "revenue_4q": null,
            "common_shares": 41884000,
            "book_valuer_per_share": 5.7,
            "book_valuer_per_share_4q_avg": 5.63,
            "equity": 56654000,
            "current_ratio": 338.81,
            "debt_ratio": 46.08,
            "inventory_turnover_ratio": 3.18,
            "account_receivable_turnover_ratio": 1.39,
            "reinvestment_rate": -1.89,
            "research_to_sale_ratio": 12.89,
            "price_fair": 37.63,
            "eps_avg_yearly": 1.58,
            "eps_latest_yearly": 1.8,
            "eps_growth_yearly": 13.86
        },
        "20151": {
            "year_quarter": 20151,
            "year": 2015,
            "quarter": 1,
            "eps": 0.4,
            "eps_growth_year": 0.1,
            "eps_4q": 1.55,
            "eps_4q_growth_year": -17.35,
            "roe": 3.23,
            "roe_4q": 13.620000000000001,
            "gross_profit": 7333000,
            "gross_margin": 59.89,
            "gross_margin_4q_avg": 58.46,
            "net_income": 1828000,
            "net_income_4q": null,
            "revenue": 12245000,
            "revenue_4q": null,
            "common_shares": 41984000,
            "book_valuer_per_share": 5.73,
            "book_valuer_per_share_4q_avg": 5.6,
            "equity": 56708000,
            "current_ratio": 331.05,
            "debt_ratio": 45.46,
            "inventory_turnover_ratio": 3.01,
            "account_receivable_turnover_ratio": 1.36,
            "reinvestment_rate": -2.28,
            "research_to_sale_ratio": 12.93,
            "price_fair": 34.62,
            "eps_avg_yearly": 1.59,
            "eps_latest_yearly": 1.6,
            "eps_growth_yearly": 11.77
        },
        "20152": {
            "year_quarter": 20152,
            "year": 2015,
            "quarter": 2,
            "eps": 0.48,
            "eps_growth_year": 70.25,
            "eps_4q": 1.75,
            "eps_4q_growth_year": 11.75,
            "roe": 4.19,
            "roe_4q": 15.32,
            "gross_profit": 7090000,
            "gross_margin": 59.4,
            "gross_margin_4q_avg": 59.98,
            "net_income": 2397000,
            "net_income_4q": null,
            "revenue": 11936000,
            "revenue_4q": null,
            "common_shares": 42685000,
            "book_valuer_per_share": 5.99,
            "book_valuer_per_share_4q_avg": 5.74,
            "equity": 57718000,
            "current_ratio": 338.83,
            "debt_ratio": 44.99,
            "inventory_turnover_ratio": 2.72,
            "account_receivable_turnover_ratio": 1.37,
            "reinvestment_rate": -2.39,
            "research_to_sale_ratio": 12.81,
            "price_fair": 52.11,
            "eps_avg_yearly": 1.64,
            "eps_latest_yearly": 1.92,
            "eps_growth_yearly": 21.77
        },
        "20153": {
            "year_quarter": 20153,
            "year": 2015,
            "quarter": 3,
            "eps": 0.48,
            "eps_growth_year": 12.22,
            "eps_4q": 1.8,
            "eps_4q_growth_year": 18.16,
            "roe": 4.18,
            "roe_4q": 15.600000000000001,
            "gross_profit": 7525000,
            "gross_margin": 62,
            "gross_margin_4q_avg": 60.31,
            "net_income": 2437000,
            "net_income_4q": null,
            "revenue": 12137000,
            "revenue_4q": null,
            "common_shares": 43133000,
            "book_valuer_per_share": 6.24,
            "book_valuer_per_share_4q_avg": 5.92,
            "equity": 58823000,
            "current_ratio": 298.26,
            "debt_ratio": 44.62,
            "inventory_turnover_ratio": 2.53,
            "account_receivable_turnover_ratio": 1.36,
            "reinvestment_rate": -1.67,
            "research_to_sale_ratio": 12.75,
            "price_fair": 45.81,
            "eps_avg_yearly": 1.68,
            "eps_latest_yearly": 1.92,
            "eps_growth_yearly": 17.31
        },
        "20154": {
            "year_quarter": 20154,
            "year": 2015,
            "quarter": 4,
            "eps": 0.46,
            "eps_growth_year": 4.12,
            "eps_4q": 1.82,
            "eps_4q_growth_year": 17.2,
            "roe": 3.91,
            "roe_4q": 15.510000000000002,
            "gross_profit": 7733000,
            "gross_margin": 60.21,
            "gross_margin_4q_avg": 60.38,
            "net_income": 2319000,
            "net_income_4q": null,
            "revenue": 12843000,
            "revenue_4q": null,
            "common_shares": 43592000,
            "book_valuer_per_share": 6.46,
            "book_valuer_per_share_4q_avg": 6.11,
            "equity": 59698000,
            "current_ratio": 313.38,
            "debt_ratio": 47.34,
            "inventory_turnover_ratio": 3.02,
            "account_receivable_turnover_ratio": 1.35,
            "reinvestment_rate": -1.21,
            "research_to_sale_ratio": 12.05,
            "price_fair": 43.56,
            "eps_avg_yearly": 1.71,
            "eps_latest_yearly": 1.84,
            "eps_growth_yearly": 15.51
        },
        "20161": {
            "year_quarter": 20161,
            "year": 2016,
            "quarter": 1,
            "eps": 0.5,
            "eps_growth_year": 23.67,
            "eps_4q": 1.91,
            "eps_4q_growth_year": 23.3,
            "roe": 4.06,
            "roe_4q": 16.34,
            "gross_profit": 7832000,
            "gross_margin": 61.76,
            "gross_margin_4q_avg": 60.84,
            "net_income": 2430000,
            "net_income_4q": null,
            "revenue": 12682000,
            "revenue_4q": null,
            "common_shares": 43643000,
            "book_valuer_per_share": 6.45,
            "book_valuer_per_share_4q_avg": 6.29,
            "equity": 59977000,
            "current_ratio": 334.6,
            "debt_ratio": 46.34,
            "inventory_turnover_ratio": 3.12,
            "account_receivable_turnover_ratio": 1.33,
            "reinvestment_rate": -0.85,
            "research_to_sale_ratio": 12.3,
            "price_fair": 45.68,
            "eps_avg_yearly": 1.74,
            "eps_latest_yearly": 2,
            "eps_growth_yearly": 16.21
        },
        "20162": {
            "year_quarter": 20162,
            "year": 2016,
            "quarter": 2,
            "eps": 0.64,
            "eps_growth_year": 35.37,
            "eps_4q": 2.08,
            "eps_4q_growth_year": 19.09,
            "roe": 5.21,
            "roe_4q": 17.36,
            "gross_profit": 7432000,
            "gross_margin": 62.31,
            "gross_margin_4q_avg": 61.57,
            "net_income": 3147000,
            "net_income_4q": null,
            "revenue": 11927000,
            "revenue_4q": null,
            "common_shares": 43857000,
            "book_valuer_per_share": 6.65,
            "book_valuer_per_share_4q_avg": 6.45,
            "equity": 60871000,
            "current_ratio": 328.98,
            "debt_ratio": 45.96,
            "inventory_turnover_ratio": 3.16,
            "account_receivable_turnover_ratio": 1.32,
            "reinvestment_rate": -0.34,
            "research_to_sale_ratio": 12.65,
            "price_fair": 53.53,
            "eps_avg_yearly": 1.8,
            "eps_latest_yearly": 2.56,
            "eps_growth_yearly": 19.74
        },
        "20163": {
            "year_quarter": 20163,
            "year": 2016,
            "quarter": 3,
            "eps": 0.47,
            "eps_growth_year": -1.57,
            "eps_4q": 2.08,
            "eps_4q_growth_year": 15.24,
            "roe": 3.81,
            "roe_4q": 16.99,
            "gross_profit": 7721000,
            "gross_margin": 64.34,
            "gross_margin_4q_avg": 62.16,
            "net_income": 2349000,
            "net_income_4q": null,
            "revenue": 12000000,
            "revenue_4q": null,
            "common_shares": 44137000,
            "book_valuer_per_share": 6.53,
            "book_valuer_per_share_4q_avg": 6.52,
            "equity": 62358000,
            "current_ratio": 327.34,
            "debt_ratio": 47.45,
            "inventory_turnover_ratio": 3.16,
            "account_receivable_turnover_ratio": 1.37,
            "reinvestment_rate": 0.67,
            "research_to_sale_ratio": 13.55,
            "price_fair": 43.09,
            "eps_avg_yearly": 1.82,
            "eps_latest_yearly": 1.88,
            "eps_growth_yearly": 13.71
        },
        "20164": {
            "year_quarter": 20164,
            "year": 2016,
            "quarter": 4,
            "eps": 0.56,
            "eps_growth_year": 21.26,
            "eps_4q": 2.17,
            "eps_4q_growth_year": 19.5,
            "roe": 4.47,
            "roe_4q": 17.549999999999997,
            "gross_profit": 7975000,
            "gross_margin": 63.1,
            "gross_margin_4q_avg": 62.88,
            "net_income": 2813000,
            "net_income_4q": null,
            "revenue": 12638000,
            "revenue_4q": null,
            "common_shares": 44516000,
            "book_valuer_per_share": 6.85,
            "book_valuer_per_share_4q_avg": 6.62,
            "equity": 63586000,
            "current_ratio": 316,
            "debt_ratio": 47.73,
            "inventory_turnover_ratio": 3.64,
            "account_receivable_turnover_ratio": 1.34,
            "reinvestment_rate": 0.72,
            "research_to_sale_ratio": 12.67,
            "price_fair": 52.93,
            "eps_avg_yearly": 1.86,
            "eps_latest_yearly": 2.24,
            "eps_growth_yearly": 18.5
        },
        "20171": {
            "year_quarter": 20171,
            "year": 2017,
            "quarter": 1,
            "eps": 0.52,
            "eps_growth_year": 5.07,
            "eps_4q": 2.2,
            "eps_4q_growth_year": 14.87,
            "roe": 3.66,
            "roe_4q": 17.15,
            "gross_profit": 7884000,
            "gross_margin": 63.83,
            "gross_margin_4q_avg": 63.4,
            "net_income": 2322000,
            "net_income_4q": null,
            "revenue": 12352000,
            "revenue_4q": null,
            "common_shares": 44236000,
            "book_valuer_per_share": 6.82,
            "book_valuer_per_share_4q_avg": 6.71,
            "equity": 63406000,
            "current_ratio": 358.1,
            "debt_ratio": 49.79,
            "inventory_turnover_ratio": 3.73,
            "account_receivable_turnover_ratio": 1.27,
            "reinvestment_rate": 0.58,
            "research_to_sale_ratio": 12.51,
            "price_fair": 50.42,
            "eps_avg_yearly": 1.89,
            "eps_latest_yearly": 2.08,
            "eps_growth_yearly": 16.71
        },
        "20172": {
            "year_quarter": 20172,
            "year": 2017,
            "quarter": 2,
            "eps": 0.49,
            "eps_growth_year": -24.41,
            "eps_4q": 2.04,
            "eps_4q_growth_year": -1.96,
            "roe": 3.69,
            "roe_4q": 15.63,
            "gross_profit": 7276000,
            "gross_margin": 62.83,
            "gross_margin_4q_avg": 63.53,
            "net_income": 2348000,
            "net_income_4q": null,
            "revenue": 11580000,
            "revenue_4q": null,
            "common_shares": 44585000,
            "book_valuer_per_share": 6.96,
            "book_valuer_per_share_4q_avg": 6.79,
            "equity": 63811000,
            "current_ratio": 367.24,
            "debt_ratio": 49.46,
            "inventory_turnover_ratio": 3.53,
            "account_receivable_turnover_ratio": 1.27,
            "reinvestment_rate": 0.71,
            "research_to_sale_ratio": 13.02,
            "price_fair": 24.95,
            "eps_avg_yearly": 1.86,
            "eps_latest_yearly": 1.96,
            "eps_growth_yearly": 3.39
        },
        "20173": {
            "year_quarter": 20173,
            "year": 2017,
            "quarter": 3,
            "eps": 0.51,
            "eps_growth_year": 8.48,
            "eps_4q": 2.08,
            "eps_4q_growth_year": 0.32,
            "roe": 3.89,
            "roe_4q": 15.71,
            "gross_profit": 7518000,
            "gross_margin": 62.96,
            "gross_margin_4q_avg": 63.18,
            "net_income": 2515000,
            "net_income_4q": null,
            "revenue": 11940000,
            "revenue_4q": null,
            "common_shares": 45003000,
            "book_valuer_per_share": 6.64,
            "book_valuer_per_share_4q_avg": 6.82,
            "equity": 65382000,
            "current_ratio": 351.98,
            "debt_ratio": 48.09,
            "inventory_turnover_ratio": 3.36,
            "account_receivable_turnover_ratio": 1.31,
            "reinvestment_rate": 0.51,
            "research_to_sale_ratio": 12.62,
            "price_fair": 36.51,
            "eps_avg_yearly": 1.87,
            "eps_latest_yearly": 2.04,
            "eps_growth_yearly": 9.5
        },
        "20174": {
            "year_quarter": 20174,
            "year": 2017,
            "quarter": 4,
            "eps": 0.51,
            "eps_growth_year": -9.07,
            "eps_4q": 2.03,
            "eps_4q_growth_year": -6.59,
            "roe": 3.69,
            "roe_4q": 14.93,
            "gross_profit": 7546000,
            "gross_margin": 62.19,
            "gross_margin_4q_avg": 62.95,
            "net_income": 2424000,
            "net_income_4q": null,
            "revenue": 12133000,
            "revenue_4q": null,
            "common_shares": 45253000,
            "book_valuer_per_share": 6.79,
            "book_valuer_per_share_4q_avg": 6.8,
            "equity": 66137000,
            "current_ratio": 303.46,
            "debt_ratio": 49.05,
            "inventory_turnover_ratio": 3.08,
            "account_receivable_turnover_ratio": 1.26,
            "reinvestment_rate": 0.4,
            "research_to_sale_ratio": 12.35,
            "price_fair": 41.99,
            "eps_avg_yearly": 1.9,
            "eps_latest_yearly": 2.04,
            "eps_growth_yearly": 12.16
        },
        "20181": {
            "year_quarter": 20181,
            "year": 2018,
            "quarter": 1,
            "eps": 0.51,
            "eps_growth_year": -3.32,
            "eps_4q": 2.01,
            "eps_4q_growth_year": -8.45,
            "roe": 3.64,
            "roe_4q": 14.91,
            "gross_profit": 7427000,
            "gross_margin": 61.2,
            "gross_margin_4q_avg": 62.3,
            "net_income": 2394000,
            "net_income_4q": null,
            "revenue": 12136000,
            "revenue_4q": null,
            "common_shares": 44872000,
            "book_valuer_per_share": 6.59,
            "book_valuer_per_share_4q_avg": 6.75,
            "equity": 65550000,
            "current_ratio": 287.12,
            "debt_ratio": 49.78,
            "inventory_turnover_ratio": 2.85,
            "account_receivable_turnover_ratio": 1.26,
            "reinvestment_rate": -0,
            "research_to_sale_ratio": 12.91,
            "price_fair": 44.89,
            "eps_avg_yearly": 1.92,
            "eps_latest_yearly": 2.04,
            "eps_growth_yearly": 13.35
        },
        "20182": {
            "year_quarter": 20182,
            "year": 2018,
            "quarter": 2,
            "eps": 0.49,
            "eps_growth_year": -0.04,
            "eps_4q": 2.01,
            "eps_4q_growth_year": -1.41,
            "roe": 3.95,
            "roe_4q": 15.17,
            "gross_profit": 7498000,
            "gross_margin": 63.08,
            "gross_margin_4q_avg": 62.36,
            "net_income": 2322000,
            "net_income_4q": null,
            "revenue": 11887000,
            "revenue_4q": null,
            "common_shares": 44535000,
            "book_valuer_per_share": 3.93,
            "book_valuer_per_share_4q_avg": 5.99,
            "equity": 51982000,
            "current_ratio": 243.33,
            "debt_ratio": 60.47,
            "inventory_turnover_ratio": 2.45,
            "account_receivable_turnover_ratio": 1.31,
            "reinvestment_rate": -0.36,
            "research_to_sale_ratio": 13.03,
            "price_fair": 58.99,
            "eps_avg_yearly": 1.98,
            "eps_latest_yearly": 1.96,
            "eps_growth_yearly": 19.87
        },
        "20183": {
            "year_quarter": 20183,
            "year": 2018,
            "quarter": 3,
            "eps": 0.57,
            "eps_growth_year": 12.2,
            "eps_4q": 2.08,
            "eps_4q_growth_year": -0.31,
            "roe": 5.46,
            "roe_4q": 16.740000000000002,
            "gross_profit": 7759000,
            "gross_margin": 62.26,
            "gross_margin_4q_avg": 62.18,
            "net_income": 2691000,
            "net_income_4q": null,
            "revenue": 12463000,
            "revenue_4q": null,
            "common_shares": 43556000,
            "book_valuer_per_share": 2.6,
            "book_valuer_per_share_4q_avg": 4.98,
            "equity": 46661000,
            "current_ratio": 234.41,
            "debt_ratio": 59.07,
            "inventory_turnover_ratio": 2.48,
            "account_receivable_turnover_ratio": 1.38,
            "reinvestment_rate": -0.26,
            "research_to_sale_ratio": 12.76,
            "price_fair": 41.32,
            "eps_avg_yearly": 2.01,
            "eps_latest_yearly": 2.28,
            "eps_growth_yearly": 10.56
        },
        "20184": {
            "year_quarter": 20184,
            "year": 2018,
            "quarter": 4,
            "eps": 0.65,
            "eps_growth_year": 26.56,
            "eps_4q": 2.21,
            "eps_4q_growth_year": 8.89,
            "roe": 6.91,
            "roe_4q": 19.96,
            "gross_profit": 7922000,
            "gross_margin": 61.68,
            "gross_margin_4q_avg": 62.06,
            "net_income": 3103000,
            "net_income_4q": null,
            "revenue": 12844000,
            "revenue_4q": null,
            "common_shares": 42820000,
            "book_valuer_per_share": 1.94,
            "book_valuer_per_share_4q_avg": 3.77,
            "equity": 43204000,
            "current_ratio": 228.73,
            "debt_ratio": 60.28,
            "inventory_turnover_ratio": 2.63,
            "account_receivable_turnover_ratio": 1.31,
            "reinvestment_rate": -0.04,
            "research_to_sale_ratio": 12.66,
            "price_fair": 47.18,
            "eps_avg_yearly": 2.06,
            "eps_latest_yearly": 2.6,
            "eps_growth_yearly": 12.9
        },
        "20191": {
            "year_quarter": 20191,
            "year": 2019,
            "quarter": 1,
            "eps": 0.78,
            "eps_growth_year": 54.71,
            "eps_4q": 2.49,
            "eps_4q_growth_year": 23.56,
            "roe": 8.15,
            "roe_4q": 24.47,
            "gross_profit": 8146000,
            "gross_margin": 62.32,
            "gross_margin_4q_avg": 62.34,
            "net_income": 3549000,
            "net_income_4q": null,
            "revenue": 13072000,
            "revenue_4q": null,
            "common_shares": 41897000,
            "book_valuer_per_share": 1.71,
            "book_valuer_per_share_4q_avg": 2.55,
            "equity": 43848000,
            "current_ratio": 210.82,
            "debt_ratio": 58.41,
            "inventory_turnover_ratio": 2.88,
            "account_receivable_turnover_ratio": 1.31,
            "reinvestment_rate": 0.31,
            "research_to_sale_ratio": 12.3,
            "price_fair": 66.12,
            "eps_avg_yearly": 2.16,
            "eps_latest_yearly": 3.12,
            "eps_growth_yearly": 20.68
        },
        "20192": {
            "year_quarter": 20192,
            "year": 2019,
            "quarter": 2,
            "eps": 0.67,
            "eps_growth_year": 37.98,
            "eps_4q": 2.67,
            "eps_4q_growth_year": 32.75,
            "roe": 6.81,
            "roe_4q": 27.330000000000002,
            "gross_profit": 7773000,
            "gross_margin": 62.45,
            "gross_margin_4q_avg": 62.18,
            "net_income": 2880000,
            "net_income_4q": null,
            "revenue": 12446000,
            "revenue_4q": null,
            "common_shares": 41361000,
            "book_valuer_per_share": 1.18,
            "book_valuer_per_share_4q_avg": 1.86,
            "equity": 40789000,
            "current_ratio": 180.19,
            "debt_ratio": 60.19,
            "inventory_turnover_ratio": 2.86,
            "account_receivable_turnover_ratio": 1.37,
            "reinvestment_rate": 0.07,
            "research_to_sale_ratio": 12.51,
            "price_fair": 48.8,
            "eps_avg_yearly": 2.2,
            "eps_latest_yearly": 2.68,
            "eps_growth_yearly": 12.16
        },
        "20193": {
            "year_quarter": 20193,
            "year": 2019,
            "quarter": 3,
            "eps": 0.69,
            "eps_growth_year": 21.26,
            "eps_4q": 2.79,
            "eps_4q_growth_year": 34.63,
            "roe": 7.85,
            "roe_4q": 29.720000000000002,
            "gross_profit": 8173000,
            "gross_margin": 63.07,
            "gross_margin_4q_avg": 62.38,
            "net_income": 3044000,
            "net_income_4q": null,
            "revenue": 12958000,
            "revenue_4q": null,
            "common_shares": 40577000,
            "book_valuer_per_share": 0.2,
            "book_valuer_per_share_4q_avg": 1.26,
            "equity": 36804000,
            "current_ratio": 169.49,
            "debt_ratio": 62.17,
            "inventory_turnover_ratio": 2.98,
            "account_receivable_turnover_ratio": 1.47,
            "reinvestment_rate": -0.34,
            "research_to_sale_ratio": 12.8,
            "price_fair": 51.64,
            "eps_avg_yearly": 2.26,
            "eps_latest_yearly": 2.76,
            "eps_growth_yearly": 12.9
        },
        "20194": {
            "year_quarter": 20194,
            "year": 2019,
            "quarter": 4,
            "eps": 0.71,
            "eps_growth_year": 9.69,
            "eps_4q": 2.86,
            "eps_4q_growth_year": 29.2,
            "roe": 8.58,
            "roe_4q": 31.39,
            "gross_profit": 8574000,
            "gross_margin": 63.85,
            "gross_margin_4q_avg": 62.92,
            "net_income": 3020000,
            "net_income_4q": null,
            "revenue": 13428000,
            "revenue_4q": null,
            "common_shares": 40266000,
            "book_valuer_per_share": -0.51,
            "book_valuer_per_share_4q_avg": 0.65,
            "equity": 33571000,
            "current_ratio": 150.59,
            "debt_ratio": 65.67,
            "inventory_turnover_ratio": 3.35,
            "account_receivable_turnover_ratio": 1.38,
            "reinvestment_rate": -0.66,
            "research_to_sale_ratio": 13.05,
            "price_fair": 57.17,
            "eps_avg_yearly": 2.32,
            "eps_latest_yearly": 2.84,
            "eps_growth_yearly": 14.67
        },
        "20201": {
            "year_quarter": 20201,
            "year": 2020,
            "quarter": 1,
            "eps": 0.72,
            "eps_growth_year": -8.13,
            "eps_4q": 2.79,
            "eps_4q_growth_year": 12.28,
            "roe": 8.61,
            "roe_4q": 31.849999999999998,
            "gross_profit": 8464000,
            "gross_margin": 64.32,
            "gross_margin_4q_avg": 63.42,
            "net_income": 2926000,
            "net_income_4q": null,
            "revenue": 13159000,
            "revenue_4q": null,
            "common_shares": 40321000,
            "book_valuer_per_share": -0.3,
            "book_valuer_per_share_4q_avg": 0.14,
            "equity": 34423000,
            "current_ratio": 169.6,
            "debt_ratio": 62.78,
            "inventory_turnover_ratio": 3.44,
            "account_receivable_turnover_ratio": 1.28,
            "reinvestment_rate": 1.45,
            "research_to_sale_ratio": 12.66,
            "price_fair": 54.2,
            "eps_avg_yearly": 2.37,
            "eps_latest_yearly": 2.88,
            "eps_growth_yearly": 12.85
        },
        "20202": {
            "year_quarter": 20202,
            "year": 2020,
            "quarter": 2,
            "eps": 0.68,
            "eps_growth_year": 1.79,
            "eps_4q": 2.81,
            "eps_4q_growth_year": 4.96,
            "roe": 8.23,
            "roe_4q": 33.27,
            "gross_profit": 7764000,
            "gross_margin": 64.67,
            "gross_margin_4q_avg": 63.98,
            "net_income": 2878000,
            "net_income_4q": null,
            "revenue": 12005000,
            "revenue_4q": null,
            "common_shares": 40617000,
            "book_valuer_per_share": 0,
            "book_valuer_per_share_4q_avg": -0.15,
            "equity": 35533000,
            "current_ratio": 181.33,
            "debt_ratio": 60.7,
            "inventory_turnover_ratio": 3.14,
            "account_receivable_turnover_ratio": 1.26,
            "reinvestment_rate": 0.76,
            "research_to_sale_ratio": 13.08,
            "price_fair": 34.44,
            "eps_avg_yearly": 2.38,
            "eps_latest_yearly": 2.72,
            "eps_growth_yearly": 4.46
        },
        "20203": {
            "year_quarter": 20203,
            "year": 2020,
            "quarter": 3,
            "eps": 0.68,
            "eps_growth_year": -2.19,
            "eps_4q": 2.79,
            "eps_4q_growth_year": -0.14,
            "roe": 7.79,
            "roe_4q": 33.21,
            "gross_profit": 7771000,
            "gross_margin": 64.85,
            "gross_margin_4q_avg": 64.42,
            "net_income": 2774000,
            "net_income_4q": null,
            "revenue": 11983000,
            "revenue_4q": null,
            "common_shares": 40691000,
            "book_valuer_per_share": 0.12,
            "book_valuer_per_share_4q_avg": -0.17,
            "equity": 35708000,
            "current_ratio": 159.26,
            "debt_ratio": 60.93,
            "inventory_turnover_ratio": 3.28,
            "account_receivable_turnover_ratio": 1.23,
            "reinvestment_rate": 0.48,
            "research_to_sale_ratio": 12.9,
            "price_fair": 51.37,
            "eps_avg_yearly": 2.44,
            "eps_latest_yearly": 2.72,
            "eps_growth_yearly": 11.1
        },
        "20204": {
            "year_quarter": 20204,
            "year": 2020,
            "quarter": 4,
            "eps": 0.66,
            "eps_growth_year": -7.41,
            "eps_4q": 2.74,
            "eps_4q_growth_year": -4.18,
            "roe": 7.16,
            "roe_4q": 31.79,
            "gross_profit": 7684000,
            "gross_margin": 63.22,
            "gross_margin_4q_avg": 64.27,
            "net_income": 2636000,
            "net_income_4q": null,
            "revenue": 12154000,
            "revenue_4q": null,
            "common_shares": 41202000,
            "book_valuer_per_share": 0.6,
            "book_valuer_per_share_4q_avg": 0.11,
            "equity": 37920000,
            "current_ratio": 172.01,
            "debt_ratio": 60.02,
            "inventory_turnover_ratio": 3.58,
            "account_receivable_turnover_ratio": 1.1,
            "reinvestment_rate": 0.37,
            "research_to_sale_ratio": 12.88,
            "price_fair": 38.32,
            "eps_avg_yearly": 2.46,
            "eps_latest_yearly": 2.64,
            "eps_growth_yearly": 5.58
        },
        "20211": {
            "year_quarter": 20211,
            "year": 2021,
            "quarter": 1,
            "eps": 0.63,
            "eps_growth_year": -12.87,
            "eps_4q": 2.64,
            "eps_4q_growth_year": -5.31,
            "roe": 5.72,
            "roe_4q": 28.9,
            "gross_profit": 7581000,
            "gross_margin": 63.55,
            "gross_margin_4q_avg": 64.07,
            "net_income": 2174000,
            "net_income_4q": null,
            "revenue": 11929000,
            "revenue_4q": null,
            "common_shares": 41360000,
            "book_valuer_per_share": 0.48,
            "book_valuer_per_share_4q_avg": 0.3,
            "equity": 38157000,
            "current_ratio": 159.27,
            "debt_ratio": 59.84,
            "inventory_turnover_ratio": 3.36,
            "account_receivable_turnover_ratio": 1.08,
            "reinvestment_rate": -2.44,
            "research_to_sale_ratio": 13.51,
            "price_fair": 40.36,
            "eps_avg_yearly": 2.49,
            "eps_latest_yearly": 2.52,
            "eps_growth_yearly": 6.22
        },
        "20212": {
            "year_quarter": 20212,
            "year": 2021,
            "quarter": 2,
            "eps": 0.64,
            "eps_growth_year": -5.83,
            "eps_4q": 2.61,
            "eps_4q_growth_year": -7.13,
            "roe": 6.59,
            "roe_4q": 27.259999999999998,
            "gross_profit": 7784000,
            "gross_margin": 65.08,
            "gross_margin_4q_avg": 64.18,
            "net_income": 2545000,
            "net_income_4q": null,
            "revenue": 11960000,
            "revenue_4q": null,
            "common_shares": 41690000,
            "book_valuer_per_share": 0.69,
            "book_valuer_per_share_4q_avg": 0.47,
            "equity": 39121000,
            "current_ratio": 161.03,
            "debt_ratio": 59.08,
            "inventory_turnover_ratio": 3.05,
            "account_receivable_turnover_ratio": 1.15,
            "reinvestment_rate": -2.25,
            "research_to_sale_ratio": 12.77,
            "price_fair": 45.61,
            "eps_avg_yearly": 2.53,
            "eps_latest_yearly": 2.56,
            "eps_growth_yearly": 8.06
        },
        "20213": {
            "year_quarter": 20213,
            "year": 2021,
            "quarter": 3,
            "eps": 0.69,
            "eps_growth_year": 1.24,
            "eps_4q": 2.61,
            "eps_4q_growth_year": -6.33,
            "roe": 7.22,
            "roe_4q": 26.689999999999998,
            "gross_profit": 8185000,
            "gross_margin": 63.93,
            "gross_margin_4q_avg": 63.95,
            "net_income": 2863000,
            "net_income_4q": null,
            "revenue": 12803000,
            "revenue_4q": null,
            "common_shares": 41949000,
            "book_valuer_per_share": -0.28,
            "book_valuer_per_share_4q_avg": 0.37,
            "equity": 40205000,
            "current_ratio": 152.75,
            "debt_ratio": 57.18,
            "inventory_turnover_ratio": 3.06,
            "account_receivable_turnover_ratio": 1.22,
            "reinvestment_rate": -2.28,
            "research_to_sale_ratio": 13.25,
            "price_fair": 48.82,
            "eps_avg_yearly": 2.57,
            "eps_latest_yearly": 2.76,
            "eps_growth_yearly": 9
        },
        "20214": {
            "year_quarter": 20214,
            "year": 2021,
            "quarter": 4,
            "eps": 0.72,
            "eps_growth_year": 8.78,
            "eps_4q": 2.67,
            "eps_4q_growth_year": -2.42,
            "roe": 7.39,
            "roe_4q": 26.919999999999998,
            "gross_profit": 8344000,
            "gross_margin": 63.57,
            "gross_margin_4q_avg": 64.03,
            "net_income": 3009000,
            "net_income_4q": null,
            "revenue": 13126000,
            "revenue_4q": null,
            "common_shares": 42346000,
            "book_valuer_per_share": -0.12,
            "book_valuer_per_share_4q_avg": 0.19,
            "equity": 41275000,
            "current_ratio": 148.96,
            "debt_ratio": 57.67,
            "inventory_turnover_ratio": 3.05,
            "account_receivable_turnover_ratio": 1.2,
            "reinvestment_rate": -1.6,
            "research_to_sale_ratio": 13.05,
            "price_fair": 52.67,
            "eps_avg_yearly": 2.62,
            "eps_latest_yearly": 2.88,
            "eps_growth_yearly": 10.08
        },
        "20221": {
            "year_quarter": 20221,
            "year": 2022,
            "quarter": 1,
            "eps": 0.71,
            "eps_growth_year": 12.91,
            "eps_4q": 2.75,
            "eps_4q_growth_year": 4.05,
            "roe": 7.1,
            "roe_4q": 28.299999999999997,
            "gross_profit": 8053000,
            "gross_margin": 62.43,
            "gross_margin_4q_avg": 63.75,
            "net_income": 2980000,
            "net_income_4q": null,
            "revenue": 12900000,
            "revenue_4q": null,
            "common_shares": 42621000,
            "book_valuer_per_share": 0.13,
            "book_valuer_per_share_4q_avg": 0.11,
            "equity": 42701000,
            "current_ratio": 161.75,
            "debt_ratio": 55.51,
            "inventory_turnover_ratio": 2.86,
            "account_receivable_turnover_ratio": 1.16,
            "reinvestment_rate": -1.63,
            "research_to_sale_ratio": 13.29,
            "price_fair": 52.75,
            "eps_avg_yearly": 2.67,
            "eps_latest_yearly": 2.84,
            "eps_growth_yearly": 9.74
        },
        "20222": {
            "year_quarter": 20222,
            "year": 2022,
            "quarter": 2,
            "eps": 0.71,
            "eps_growth_year": 10.53,
            "eps_4q": 2.82,
            "eps_4q_growth_year": 8.24,
            "roe": 7.23,
            "roe_4q": 28.939999999999998,
            "gross_profit": 8049000,
            "gross_margin": 63.28,
            "gross_margin_4q_avg": 63.3,
            "net_income": 2973000,
            "net_income_4q": null,
            "revenue": 12720000,
            "revenue_4q": null,
            "common_shares": 42291000,
            "book_valuer_per_share": -0.54,
            "book_valuer_per_share_4q_avg": -0.2,
            "equity": 39496000,
            "current_ratio": 142,
            "debt_ratio": 58.1,
            "inventory_turnover_ratio": 2.4,
            "account_receivable_turnover_ratio": 1.15,
            "reinvestment_rate": -1.81,
            "research_to_sale_ratio": 13.13,
            "price_fair": 56.51,
            "eps_avg_yearly": 2.73,
            "eps_latest_yearly": 2.84,
            "eps_growth_yearly": 10.72
        },
        "20223": {
            "year_quarter": 20223,
            "year": 2022,
            "quarter": 3,
            "eps": 0.73,
            "eps_growth_year": 6.95,
            "eps_4q": 2.87,
            "eps_4q_growth_year": 9.72,
            "roe": 7.62,
            "roe_4q": 29.340000000000003,
            "gross_profit": 8121000,
            "gross_margin": 63.27,
            "gross_margin_4q_avg": 63.14,
            "net_income": 3044000,
            "net_income_4q": null,
            "revenue": 12835000,
            "revenue_4q": null,
            "common_shares": 42587000,
            "book_valuer_per_share": -0.21,
            "book_valuer_per_share_4q_avg": -0.19,
            "equity": 40400000,
            "current_ratio": 148.99,
            "debt_ratio": 56.46,
            "inventory_turnover_ratio": 2.2,
            "account_receivable_turnover_ratio": 1.15,
            "reinvestment_rate": -2.22,
            "research_to_sale_ratio": 13.31,
            "price_fair": 47.99,
            "eps_avg_yearly": 2.77,
            "eps_latest_yearly": 2.92,
            "eps_growth_yearly": 7.34
        },
        "20224": {
            "year_quarter": 20224,
            "year": 2022,
            "quarter": 4,
            "eps": 0.68,
            "eps_growth_year": -5.21,
            "eps_4q": 2.83,
            "eps_4q_growth_year": 5.95,
            "roe": 7.02,
            "roe_4q": 28.97,
            "gross_profit": 8025000,
            "gross_margin": 61.25,
            "gross_margin_4q_avg": 62.56,
            "net_income": 2815000,
            "net_income_4q": null,
            "revenue": 13102000,
            "revenue_4q": null,
            "common_shares": 42714000,
            "book_valuer_per_share": -0.27,
            "book_valuer_per_share_4q_avg": -0.22,
            "equity": 39773000,
            "current_ratio": 143.2,
            "debt_ratio": 57.69,
            "inventory_turnover_ratio": 2.12,
            "account_receivable_turnover_ratio": 1.15,
            "reinvestment_rate": -2.59,
            "research_to_sale_ratio": 12.84,
            "price_fair": 33.63,
            "eps_avg_yearly": 2.78,
            "eps_latest_yearly": 2.72,
            "eps_growth_yearly": 2.12
        },
        "20231": {
            "year_quarter": 20231,
            "year": 2023,
            "quarter": 1,
            "eps": 0.65,
            "eps_growth_year": -8.27,
            "eps_4q": 2.77,
            "eps_4q_growth_year": 0.72,
            "roe": 6.67,
            "roe_4q": 28.54,
            "gross_profit": 8346000,
            "gross_margin": 61.22,
            "gross_margin_4q_avg": 62.26,
            "net_income": 2670000,
            "net_income_4q": null,
            "revenue": 13632000,
            "revenue_4q": null,
            "common_shares": 42984000,
            "book_valuer_per_share": -0.06,
            "book_valuer_per_share_4q_avg": -0.27,
            "equity": 40272000,
            "current_ratio": 145.17,
            "debt_ratio": 56.72,
            "inventory_turnover_ratio": 2.02,
            "account_receivable_turnover_ratio": 1.23,
            "reinvestment_rate": -2.83,
            "research_to_sale_ratio": 13.06,
            "price_fair": 8.23,
            "eps_avg_yearly": 2.74,
            "eps_latest_yearly": 2.6,
            "eps_growth_yearly": -3.98
        },
        "20232": {
            "year_quarter": 20232,
            "year": 2023,
            "quarter": 2,
            "eps": 0.72,
            "eps_growth_year": 1.53,
            "eps_4q": 2.78,
            "eps_4q_growth_year": -1.32,
            "roe": 6.78,
            "roe_4q": 28.09,
            "gross_profit": 8427000,
            "gross_margin": 62,
            "gross_margin_4q_avg": 61.94,
            "net_income": 2773000,
            "net_income_4q": null,
            "revenue": 13592000,
            "revenue_4q": null,
            "common_shares": 43424000,
            "book_valuer_per_share": 0.23,
            "book_valuer_per_share_4q_avg": -0.08,
            "equity": 41474000,
            "current_ratio": 141.33,
            "debt_ratio": 56.73,
            "inventory_turnover_ratio": 1.78,
            "account_receivable_turnover_ratio": 1.32,
            "reinvestment_rate": -2.53,
            "research_to_sale_ratio": 13.65,
            "price_fair": 33.7,
            "eps_avg_yearly": 2.76,
            "eps_latest_yearly": 2.88,
            "eps_growth_yearly": 2.23
        },
        "20233": {
            "year_quarter": 20233,
            "year": 2023,
            "quarter": 3,
            "eps": 0.8,
            "eps_growth_year": 8.89,
            "eps_4q": 2.85,
            "eps_4q_growth_year": -0.68,
            "roe": 7.67,
            "roe_4q": 28.139999999999997,
            "gross_profit": 9232000,
            "gross_margin": 63.36,
            "gross_margin_4q_avg": 61.96,
            "net_income": 3212000,
            "net_income_4q": null,
            "revenue": 14571000,
            "revenue_4q": null,
            "common_shares": 43639000,
            "book_valuer_per_share": 0.48,
            "book_valuer_per_share_4q_avg": 0.1,
            "equity": 42295000,
            "current_ratio": 139.11,
            "debt_ratio": 56.63,
            "inventory_turnover_ratio": 1.61,
            "account_receivable_turnover_ratio": 1.56,
            "reinvestment_rate": -2.04,
            "research_to_sale_ratio": 13.47,
            "price_fair": 39.69,
            "eps_avg_yearly": 2.78,
            "eps_latest_yearly": 3.2,
            "eps_growth_yearly": 4.26
        },
        "20234": {
            "year_quarter": 20234,
            "year": 2023,
            "quarter": 4,
            "eps": 1.02,
            "eps_growth_year": 49.93,
            "eps_4q": 3.19,
            "eps_4q_growth_year": 12.59,
            "roe": 9.14,
            "roe_4q": 30.260000000000005,
            "gross_profit": 9748000,
            "gross_margin": 64.12,
            "gross_margin_4q_avg": 62.68,
            "net_income": 3958000,
            "net_income_4q": null,
            "revenue": 15203000,
            "revenue_4q": null,
            "common_shares": 44289000,
            "book_valuer_per_share": 0.98,
            "book_valuer_per_share_4q_avg": 0.41,
            "equity": 44353000,
            "current_ratio": 138.45,
            "debt_ratio": 56.45,
            "inventory_turnover_ratio": 1.53,
            "account_receivable_turnover_ratio": 1.57,
            "reinvestment_rate": -4.17,
            "research_to_sale_ratio": 12.85,
            "price_fair": 58.39,
            "eps_avg_yearly": 2.86,
            "eps_latest_yearly": 4.08,
            "eps_growth_yearly": 10.42
        },
        "20241": {
            "year_quarter": 20241,
            "year": 2024,
            "quarter": 1,
            "eps": 0.91,
            "eps_growth_year": 41.1,
            "eps_4q": 3.45,
            "eps_4q_growth_year": 24.58,
            "roe": 8.12,
            "roe_4q": 31.71,
            "gross_profit": 9557000,
            "gross_margin": 65.16,
            "gross_margin_4q_avg": 63.66,
            "net_income": 3638000,
            "net_income_4q": null,
            "revenue": 14668000,
            "revenue_4q": null,
            "common_shares": 44546000,
            "book_valuer_per_share": 1.09,
            "book_valuer_per_share_4q_avg": 0.7,
            "equity": 45210000,
            "current_ratio": 146.7,
            "debt_ratio": 54.23,
            "inventory_turnover_ratio": 1.46,
            "account_receivable_turnover_ratio": 1.41,
            "reinvestment_rate": -3.91,
            "research_to_sale_ratio": 13.04,
            "price_fair": 50.49,
            "eps_avg_yearly": 2.91,
            "eps_latest_yearly": 3.64,
            "eps_growth_yearly": 7.37
        }
    },
    "months": {
        "2001-01": {
            "month": "2001-01",
            "price": "38.91",
            "revenue": 0
        },
        "2001-02": {
            "month": "2001-02",
            "price": "29.38",
            "revenue": 0
        },
        "2001-03": {
            "month": "2001-03",
            "price": "20.11",
            "revenue": 0
        },
        "2001-04": {
            "month": "2001-04",
            "price": "16.19",
            "revenue": 0
        },
        "2001-05": {
            "month": "2001-05",
            "price": "20.11",
            "revenue": 0
        },
        "2001-06": {
            "month": "2001-06",
            "price": "18.70",
            "revenue": 0
        },
        "2001-07": {
            "month": "2001-07",
            "price": "18.09",
            "revenue": 0
        },
        "2001-08": {
            "month": "2001-08",
            "price": "17.82",
            "revenue": 0
        },
        "2001-09": {
            "month": "2001-09",
            "price": "13.38",
            "revenue": 0
        },
        "2001-10": {
            "month": "2001-10",
            "price": "15.76",
            "revenue": 0
        },
        "2001-11": {
            "month": "2001-11",
            "price": "19.31",
            "revenue": 0
        },
        "2001-12": {
            "month": "2001-12",
            "price": "19.57",
            "revenue": 0
        },
        "2002-01": {
            "month": "2002-01",
            "price": "19.71",
            "revenue": 0
        },
        "2002-02": {
            "month": "2002-02",
            "price": "16.79",
            "revenue": 0
        },
        "2002-03": {
            "month": "2002-03",
            "price": "16.59",
            "revenue": 0
        },
        "2002-04": {
            "month": "2002-04",
            "price": "15.37",
            "revenue": 0
        },
        "2002-05": {
            "month": "2002-05",
            "price": "15.61",
            "revenue": 0
        },
        "2002-06": {
            "month": "2002-06",
            "price": "14.71",
            "revenue": 0
        },
        "2002-07": {
            "month": "2002-07",
            "price": "13.40",
            "revenue": 0
        },
        "2002-08": {
            "month": "2002-08",
            "price": "13.68",
            "revenue": 0
        },
        "2002-09": {
            "month": "2002-09",
            "price": "12.42",
            "revenue": 0
        },
        "2002-10": {
            "month": "2002-10",
            "price": "10.40",
            "revenue": 0
        },
        "2002-11": {
            "month": "2002-11",
            "price": "13.61",
            "revenue": 0
        },
        "2002-12": {
            "month": "2002-12",
            "price": "13.66",
            "revenue": 0
        },
        "2003-01": {
            "month": "2003-01",
            "price": "14.39",
            "revenue": 0
        },
        "2003-02": {
            "month": "2003-02",
            "price": "13.69",
            "revenue": 0
        },
        "2003-03": {
            "month": "2003-03",
            "price": "13.54",
            "revenue": 0
        },
        "2003-04": {
            "month": "2003-04",
            "price": "13.86",
            "revenue": 0
        },
        "2003-05": {
            "month": "2003-05",
            "price": "16.00",
            "revenue": 0
        },
        "2003-06": {
            "month": "2003-06",
            "price": "17.44",
            "revenue": 0
        },
        "2003-07": {
            "month": "2003-07",
            "price": "18.47",
            "revenue": 0
        },
        "2003-08": {
            "month": "2003-08",
            "price": "18.44",
            "revenue": 0
        },
        "2003-09": {
            "month": "2003-09",
            "price": "20.55",
            "revenue": 0
        },
        "2003-10": {
            "month": "2003-10",
            "price": "20.71",
            "revenue": 0
        },
        "2003-11": {
            "month": "2003-11",
            "price": "22.30",
            "revenue": 0
        },
        "2003-12": {
            "month": "2003-12",
            "price": "23.82",
            "revenue": 0
        },
        "2004-01": {
            "month": "2004-01",
            "price": "26.86",
            "revenue": 0
        },
        "2004-02": {
            "month": "2004-02",
            "price": "24.11",
            "revenue": 0
        },
        "2004-03": {
            "month": "2004-03",
            "price": "22.97",
            "revenue": 0
        },
        "2004-04": {
            "month": "2004-04",
            "price": "23.21",
            "revenue": 0
        },
        "2004-05": {
            "month": "2004-05",
            "price": "21.67",
            "revenue": 0
        },
        "2004-06": {
            "month": "2004-06",
            "price": "23.35",
            "revenue": 0
        },
        "2004-07": {
            "month": "2004-07",
            "price": "21.70",
            "revenue": 0
        },
        "2004-08": {
            "month": "2004-08",
            "price": "19.36",
            "revenue": 0
        },
        "2004-09": {
            "month": "2004-09",
            "price": "19.17",
            "revenue": 0
        },
        "2004-10": {
            "month": "2004-10",
            "price": "18.77",
            "revenue": 0
        },
        "2004-11": {
            "month": "2004-11",
            "price": "19.27",
            "revenue": 0
        },
        "2004-12": {
            "month": "2004-12",
            "price": "19.37",
            "revenue": 0
        },
        "2005-01": {
            "month": "2005-01",
            "price": "18.41",
            "revenue": 0
        },
        "2005-02": {
            "month": "2005-02",
            "price": "17.67",
            "revenue": 0
        },
        "2005-03": {
            "month": "2005-03",
            "price": "18.04",
            "revenue": 0
        },
        "2005-04": {
            "month": "2005-04",
            "price": "17.58",
            "revenue": 0
        },
        "2005-05": {
            "month": "2005-05",
            "price": "18.82",
            "revenue": 0
        },
        "2005-06": {
            "month": "2005-06",
            "price": "19.44",
            "revenue": 0
        },
        "2005-07": {
            "month": "2005-07",
            "price": "19.41",
            "revenue": 0
        },
        "2005-08": {
            "month": "2005-08",
            "price": "18.23",
            "revenue": 0
        },
        "2005-09": {
            "month": "2005-09",
            "price": "18.07",
            "revenue": 0
        },
        "2005-10": {
            "month": "2005-10",
            "price": "17.30",
            "revenue": 0
        },
        "2005-11": {
            "month": "2005-11",
            "price": "17.46",
            "revenue": 0
        },
        "2005-12": {
            "month": "2005-12",
            "price": "17.47",
            "revenue": 0
        },
        "2006-01": {
            "month": "2006-01",
            "price": "18.64",
            "revenue": 0
        },
        "2006-02": {
            "month": "2006-02",
            "price": "19.36",
            "revenue": 0
        },
        "2006-03": {
            "month": "2006-03",
            "price": "21.26",
            "revenue": 0
        },
        "2006-04": {
            "month": "2006-04",
            "price": "21.04",
            "revenue": 0
        },
        "2006-05": {
            "month": "2006-05",
            "price": "20.72",
            "revenue": 0
        },
        "2006-06": {
            "month": "2006-06",
            "price": "19.82",
            "revenue": 0
        },
        "2006-07": {
            "month": "2006-07",
            "price": "18.36",
            "revenue": 0
        },
        "2006-08": {
            "month": "2006-08",
            "price": "19.96",
            "revenue": 0
        },
        "2006-09": {
            "month": "2006-09",
            "price": "22.67",
            "revenue": 0
        },
        "2006-10": {
            "month": "2006-10",
            "price": "24.15",
            "revenue": 0
        },
        "2006-11": {
            "month": "2006-11",
            "price": "26.12",
            "revenue": 0
        },
        "2006-12": {
            "month": "2006-12",
            "price": "27.22",
            "revenue": 0
        },
        "2007-01": {
            "month": "2007-01",
            "price": "27.37",
            "revenue": 0
        },
        "2007-02": {
            "month": "2007-02",
            "price": "27.29",
            "revenue": 0
        },
        "2007-03": {
            "month": "2007-03",
            "price": "25.95",
            "revenue": 0
        },
        "2007-04": {
            "month": "2007-04",
            "price": "26.40",
            "revenue": 0
        },
        "2007-05": {
            "month": "2007-05",
            "price": "26.64",
            "revenue": 0
        },
        "2007-06": {
            "month": "2007-06",
            "price": "26.96",
            "revenue": 0
        },
        "2007-07": {
            "month": "2007-07",
            "price": "29.22",
            "revenue": 0
        },
        "2007-08": {
            "month": "2007-08",
            "price": "30.45",
            "revenue": 0
        },
        "2007-09": {
            "month": "2007-09",
            "price": "32.13",
            "revenue": 0
        },
        "2007-10": {
            "month": "2007-10",
            "price": "32.39",
            "revenue": 0
        },
        "2007-11": {
            "month": "2007-11",
            "price": "29.79",
            "revenue": 0
        },
        "2007-12": {
            "month": "2007-12",
            "price": "28.01",
            "revenue": 0
        },
        "2008-01": {
            "month": "2008-01",
            "price": "25.19",
            "revenue": 0
        },
        "2008-02": {
            "month": "2008-02",
            "price": "23.73",
            "revenue": 0
        },
        "2008-03": {
            "month": "2008-03",
            "price": "24.61",
            "revenue": 0
        },
        "2008-04": {
            "month": "2008-04",
            "price": "24.52",
            "revenue": 0
        },
        "2008-05": {
            "month": "2008-05",
            "price": "25.99",
            "revenue": 0
        },
        "2008-06": {
            "month": "2008-06",
            "price": "25.54",
            "revenue": 0
        },
        "2008-07": {
            "month": "2008-07",
            "price": "22.06",
            "revenue": 0
        },
        "2008-08": {
            "month": "2008-08",
            "price": "24.03",
            "revenue": 0
        },
        "2008-09": {
            "month": "2008-09",
            "price": "22.94",
            "revenue": 0
        },
        "2008-10": {
            "month": "2008-10",
            "price": "18.35",
            "revenue": 0
        },
        "2008-11": {
            "month": "2008-11",
            "price": "16.57",
            "revenue": 0
        },
        "2008-12": {
            "month": "2008-12",
            "price": "16.43",
            "revenue": 0
        },
        "2009-01": {
            "month": "2009-01",
            "price": "16.32",
            "revenue": 0
        },
        "2009-02": {
            "month": "2009-02",
            "price": "15.55",
            "revenue": 0
        },
        "2009-03": {
            "month": "2009-03",
            "price": "15.67",
            "revenue": 0
        },
        "2009-04": {
            "month": "2009-04",
            "price": "17.93",
            "revenue": 0
        },
        "2009-05": {
            "month": "2009-05",
            "price": "18.67",
            "revenue": 0
        },
        "2009-06": {
            "month": "2009-06",
            "price": "19.30",
            "revenue": 0
        },
        "2009-07": {
            "month": "2009-07",
            "price": "20.18",
            "revenue": 0
        },
        "2009-08": {
            "month": "2009-08",
            "price": "21.77",
            "revenue": 0
        },
        "2009-09": {
            "month": "2009-09",
            "price": "22.75",
            "revenue": 0
        },
        "2009-10": {
            "month": "2009-10",
            "price": "23.68",
            "revenue": 0
        },
        "2009-11": {
            "month": "2009-11",
            "price": "23.64",
            "revenue": 0
        },
        "2009-12": {
            "month": "2009-12",
            "price": "23.82",
            "revenue": 0
        },
        "2010-01": {
            "month": "2010-01",
            "price": "23.99",
            "revenue": 0
        },
        "2010-02": {
            "month": "2010-02",
            "price": "23.82",
            "revenue": 0
        },
        "2010-03": {
            "month": "2010-03",
            "price": "25.94",
            "revenue": 0
        },
        "2010-04": {
            "month": "2010-04",
            "price": "26.85",
            "revenue": 0
        },
        "2010-05": {
            "month": "2010-05",
            "price": "24.84",
            "revenue": 0
        },
        "2010-06": {
            "month": "2010-06",
            "price": "22.84",
            "revenue": 0
        },
        "2010-07": {
            "month": "2010-07",
            "price": "22.83",
            "revenue": 0
        },
        "2010-08": {
            "month": "2010-08",
            "price": "22.37",
            "revenue": 0
        },
        "2010-09": {
            "month": "2010-09",
            "price": "21.37",
            "revenue": 0
        },
        "2010-10": {
            "month": "2010-10",
            "price": "22.87",
            "revenue": 0
        },
        "2010-11": {
            "month": "2010-11",
            "price": "21.26",
            "revenue": 0
        },
        "2010-12": {
            "month": "2010-12",
            "price": "19.67",
            "revenue": 0
        },
        "2011-01": {
            "month": "2011-01",
            "price": "21.00",
            "revenue": 0
        },
        "2011-02": {
            "month": "2011-02",
            "price": "19.84",
            "revenue": 0
        },
        "2011-03": {
            "month": "2011-03",
            "price": "17.70",
            "revenue": 0
        },
        "2011-04": {
            "month": "2011-04",
            "price": "17.26",
            "revenue": 0
        },
        "2011-05": {
            "month": "2011-05",
            "price": "16.95",
            "revenue": 0
        },
        "2011-06": {
            "month": "2011-06",
            "price": "15.38",
            "revenue": 0
        },
        "2011-07": {
            "month": "2011-07",
            "price": "15.82",
            "revenue": 0
        },
        "2011-08": {
            "month": "2011-08",
            "price": "15.28",
            "revenue": 0
        },
        "2011-09": {
            "month": "2011-09",
            "price": "15.98",
            "revenue": 0
        },
        "2011-10": {
            "month": "2011-10",
            "price": "17.21",
            "revenue": 0
        },
        "2011-11": {
            "month": "2011-11",
            "price": "18.20",
            "revenue": 0
        },
        "2011-12": {
            "month": "2011-12",
            "price": "18.37",
            "revenue": 0
        },
        "2012-01": {
            "month": "2012-01",
            "price": "19.35",
            "revenue": 0
        },
        "2012-02": {
            "month": "2012-02",
            "price": "20.10",
            "revenue": 0
        },
        "2012-03": {
            "month": "2012-03",
            "price": "20.22",
            "revenue": 0
        },
        "2012-04": {
            "month": "2012-04",
            "price": "20.00",
            "revenue": 0
        },
        "2012-05": {
            "month": "2012-05",
            "price": "17.44",
            "revenue": 0
        },
        "2012-06": {
            "month": "2012-06",
            "price": "16.77",
            "revenue": 0
        },
        "2012-07": {
            "month": "2012-07",
            "price": "16.25",
            "revenue": 0
        },
        "2012-08": {
            "month": "2012-08",
            "price": "18.07",
            "revenue": 0
        },
        "2012-09": {
            "month": "2012-09",
            "price": "19.08",
            "revenue": 0
        },
        "2012-10": {
            "month": "2012-10",
            "price": "18.34",
            "revenue": 0
        },
        "2012-11": {
            "month": "2012-11",
            "price": "17.93",
            "revenue": 0
        },
        "2012-12": {
            "month": "2012-12",
            "price": "19.73",
            "revenue": 0
        },
        "2013-01": {
            "month": "2013-01",
            "price": "20.70",
            "revenue": 0
        },
        "2013-02": {
            "month": "2013-02",
            "price": "20.99",
            "revenue": 0
        },
        "2013-03": {
            "month": "2013-03",
            "price": "21.33",
            "revenue": 0
        },
        "2013-04": {
            "month": "2013-04",
            "price": "20.91",
            "revenue": 0
        },
        "2013-05": {
            "month": "2013-05",
            "price": "22.39",
            "revenue": 0
        },
        "2013-06": {
            "month": "2013-06",
            "price": "24.37",
            "revenue": 0
        },
        "2013-07": {
            "month": "2013-07",
            "price": "25.38",
            "revenue": 0
        },
        "2013-08": {
            "month": "2013-08",
            "price": "24.95",
            "revenue": 0
        },
        "2013-09": {
            "month": "2013-09",
            "price": "24.08",
            "revenue": 0
        },
        "2013-10": {
            "month": "2013-10",
            "price": "22.85",
            "revenue": 0
        },
        "2013-11": {
            "month": "2013-11",
            "price": "22.20",
            "revenue": 0
        },
        "2013-12": {
            "month": "2013-12",
            "price": "21.26",
            "revenue": 0
        },
        "2014-01": {
            "month": "2014-01",
            "price": "22.26",
            "revenue": 0
        },
        "2014-02": {
            "month": "2014-02",
            "price": "22.23",
            "revenue": 0
        },
        "2014-03": {
            "month": "2014-03",
            "price": "21.81",
            "revenue": 0
        },
        "2014-04": {
            "month": "2014-04",
            "price": "23.04",
            "revenue": 0
        },
        "2014-05": {
            "month": "2014-05",
            "price": "23.74",
            "revenue": 0
        },
        "2014-06": {
            "month": "2014-06",
            "price": "24.72",
            "revenue": 0
        },
        "2014-07": {
            "month": "2014-07",
            "price": "25.56",
            "revenue": 0
        },
        "2014-08": {
            "month": "2014-08",
            "price": "24.87",
            "revenue": 0
        },
        "2014-09": {
            "month": "2014-09",
            "price": "25.01",
            "revenue": 0
        },
        "2014-10": {
            "month": "2014-10",
            "price": "23.90",
            "revenue": 0
        },
        "2014-11": {
            "month": "2014-11",
            "price": "26.07",
            "revenue": 0
        },
        "2014-12": {
            "month": "2014-12",
            "price": "27.60",
            "revenue": 0
        },
        "2015-01": {
            "month": "2015-01",
            "price": "27.57",
            "revenue": 0
        },
        "2015-02": {
            "month": "2015-02",
            "price": "28.50",
            "revenue": 0
        },
        "2015-03": {
            "month": "2015-03",
            "price": "28.38",
            "revenue": 0
        },
        "2015-04": {
            "month": "2015-04",
            "price": "28.20",
            "revenue": 0
        },
        "2015-05": {
            "month": "2015-05",
            "price": "29.27",
            "revenue": 0
        },
        "2015-06": {
            "month": "2015-06",
            "price": "28.61",
            "revenue": 0
        },
        "2015-07": {
            "month": "2015-07",
            "price": "27.83",
            "revenue": 0
        },
        "2015-08": {
            "month": "2015-08",
            "price": "27.39",
            "revenue": 0
        },
        "2015-09": {
            "month": "2015-09",
            "price": "25.75",
            "revenue": 0
        },
        "2015-10": {
            "month": "2015-10",
            "price": "28.08",
            "revenue": 0
        },
        "2015-11": {
            "month": "2015-11",
            "price": "27.65",
            "revenue": 0
        },
        "2015-12": {
            "month": "2015-12",
            "price": "27.06",
            "revenue": 0
        },
        "2016-01": {
            "month": "2016-01",
            "price": "24.35",
            "revenue": 0
        },
        "2016-02": {
            "month": "2016-02",
            "price": "24.86",
            "revenue": 0
        },
        "2016-03": {
            "month": "2016-03",
            "price": "27.70",
            "revenue": 0
        },
        "2016-04": {
            "month": "2016-04",
            "price": "28.07",
            "revenue": 0
        },
        "2016-05": {
            "month": "2016-05",
            "price": "27.38",
            "revenue": 0
        },
        "2016-06": {
            "month": "2016-06",
            "price": "28.74",
            "revenue": 0
        },
        "2016-07": {
            "month": "2016-07",
            "price": "29.87",
            "revenue": 0
        },
        "2016-08": {
            "month": "2016-08",
            "price": "30.98",
            "revenue": 0
        },
        "2016-09": {
            "month": "2016-09",
            "price": "31.37",
            "revenue": 0
        },
        "2016-10": {
            "month": "2016-10",
            "price": "30.71",
            "revenue": 0
        },
        "2016-11": {
            "month": "2016-11",
            "price": "30.53",
            "revenue": 0
        },
        "2016-12": {
            "month": "2016-12",
            "price": "30.21",
            "revenue": 0
        },
        "2017-01": {
            "month": "2017-01",
            "price": "30.34",
            "revenue": 0
        },
        "2017-02": {
            "month": "2017-02",
            "price": "32.60",
            "revenue": 0
        },
        "2017-03": {
            "month": "2017-03",
            "price": "34.10",
            "revenue": 0
        },
        "2017-04": {
            "month": "2017-04",
            "price": "33.08",
            "revenue": 0
        },
        "2017-05": {
            "month": "2017-05",
            "price": "33.00",
            "revenue": 0
        },
        "2017-06": {
            "month": "2017-06",
            "price": "31.72",
            "revenue": 0
        },
        "2017-07": {
            "month": "2017-07",
            "price": "31.44",
            "revenue": 0
        },
        "2017-08": {
            "month": "2017-08",
            "price": "31.50",
            "revenue": 0
        },
        "2017-09": {
            "month": "2017-09",
            "price": "32.60",
            "revenue": 0
        },
        "2017-10": {
            "month": "2017-10",
            "price": "33.86",
            "revenue": 0
        },
        "2017-11": {
            "month": "2017-11",
            "price": "35.43",
            "revenue": 0
        },
        "2017-12": {
            "month": "2017-12",
            "price": "38.08",
            "revenue": 0
        },
        "2018-01": {
            "month": "2018-01",
            "price": "40.88",
            "revenue": 0
        },
        "2018-02": {
            "month": "2018-02",
            "price": "42.21",
            "revenue": 0
        },
        "2018-03": {
            "month": "2018-03",
            "price": "44.13",
            "revenue": 0
        },
        "2018-04": {
            "month": "2018-04",
            "price": "43.08",
            "revenue": 0
        },
        "2018-05": {
            "month": "2018-05",
            "price": "44.44",
            "revenue": 0
        },
        "2018-06": {
            "month": "2018-06",
            "price": "43.53",
            "revenue": 0
        },
        "2018-07": {
            "month": "2018-07",
            "price": "42.56",
            "revenue": 0
        },
        "2018-08": {
            "month": "2018-08",
            "price": "44.97",
            "revenue": 0
        },
        "2018-09": {
            "month": "2018-09",
            "price": "47.65",
            "revenue": 0
        },
        "2018-10": {
            "month": "2018-10",
            "price": "46.10",
            "revenue": 0
        },
        "2018-11": {
            "month": "2018-11",
            "price": "46.16",
            "revenue": 0
        },
        "2018-12": {
            "month": "2018-12",
            "price": "44.90",
            "revenue": 0
        },
        "2019-01": {
            "month": "2019-01",
            "price": "44.38",
            "revenue": 0
        },
        "2019-02": {
            "month": "2019-02",
            "price": "48.86",
            "revenue": 0
        },
        "2019-03": {
            "month": "2019-03",
            "price": "52.56",
            "revenue": 0
        },
        "2019-04": {
            "month": "2019-04",
            "price": "55.95",
            "revenue": 0
        },
        "2019-05": {
            "month": "2019-05",
            "price": "54.13",
            "revenue": 0
        },
        "2019-06": {
            "month": "2019-06",
            "price": "55.67",
            "revenue": 0
        },
        "2019-07": {
            "month": "2019-07",
            "price": "56.87",
            "revenue": 0
        },
        "2019-08": {
            "month": "2019-08",
            "price": "49.70",
            "revenue": 0
        },
        "2019-09": {
            "month": "2019-09",
            "price": "49.08",
            "revenue": 0
        },
        "2019-10": {
            "month": "2019-10",
            "price": "46.97",
            "revenue": 0
        },
        "2019-11": {
            "month": "2019-11",
            "price": "46.47",
            "revenue": 0
        },
        "2019-12": {
            "month": "2019-12",
            "price": "45.95",
            "revenue": 0
        },
        "2020-01": {
            "month": "2020-01",
            "price": "47.92",
            "revenue": 0
        },
        "2020-02": {
            "month": "2020-02",
            "price": "46.12",
            "revenue": 0
        },
        "2020-03": {
            "month": "2020-03",
            "price": "38.06",
            "revenue": 0
        },
        "2020-04": {
            "month": "2020-04",
            "price": "41.52",
            "revenue": 0
        },
        "2020-05": {
            "month": "2020-05",
            "price": "43.74",
            "revenue": 0
        },
        "2020-06": {
            "month": "2020-06",
            "price": "46.18",
            "revenue": 0
        },
        "2020-07": {
            "month": "2020-07",
            "price": "46.48",
            "revenue": 0
        },
        "2020-08": {
            "month": "2020-08",
            "price": "44.25",
            "revenue": 0
        },
        "2020-09": {
            "month": "2020-09",
            "price": "39.90",
            "revenue": 0
        },
        "2020-10": {
            "month": "2020-10",
            "price": "38.66",
            "revenue": 0
        },
        "2020-11": {
            "month": "2020-11",
            "price": "40.03",
            "revenue": 0
        },
        "2020-12": {
            "month": "2020-12",
            "price": "44.51",
            "revenue": 0
        },
        "2021-01": {
            "month": "2021-01",
            "price": "45.04",
            "revenue": 0
        },
        "2021-02": {
            "month": "2021-02",
            "price": "46.51",
            "revenue": 0
        },
        "2021-03": {
            "month": "2021-03",
            "price": "48.87",
            "revenue": 0
        },
        "2021-04": {
            "month": "2021-04",
            "price": "51.80",
            "revenue": 0
        },
        "2021-05": {
            "month": "2021-05",
            "price": "52.55",
            "revenue": 0
        },
        "2021-06": {
            "month": "2021-06",
            "price": "53.43",
            "revenue": 0
        },
        "2021-07": {
            "month": "2021-07",
            "price": "54.02",
            "revenue": 0
        },
        "2021-08": {
            "month": "2021-08",
            "price": "57.05",
            "revenue": 0
        },
        "2021-09": {
            "month": "2021-09",
            "price": "57.21",
            "revenue": 0
        },
        "2021-10": {
            "month": "2021-10",
            "price": "55.24",
            "revenue": 0
        },
        "2021-11": {
            "month": "2021-11",
            "price": "56.19",
            "revenue": 0
        },
        "2021-12": {
            "month": "2021-12",
            "price": "59.84",
            "revenue": 0
        },
        "2022-01": {
            "month": "2022-01",
            "price": "59.18",
            "revenue": 0
        },
        "2022-02": {
            "month": "2022-02",
            "price": "55.23",
            "revenue": 0
        },
        "2022-03": {
            "month": "2022-03",
            "price": "55.45",
            "revenue": 0
        },
        "2022-04": {
            "month": "2022-04",
            "price": "52.48",
            "revenue": 0
        },
        "2022-05": {
            "month": "2022-05",
            "price": "47.37",
            "revenue": 0
        },
        "2022-06": {
            "month": "2022-06",
            "price": "43.98",
            "revenue": 0
        },
        "2022-07": {
            "month": "2022-07",
            "price": "43.58",
            "revenue": 0
        },
        "2022-08": {
            "month": "2022-08",
            "price": "46.26",
            "revenue": 0
        },
        "2022-09": {
            "month": "2022-09",
            "price": "43.04",
            "revenue": 0
        },
        "2022-10": {
            "month": "2022-10",
            "price": "42.08",
            "revenue": 0
        },
        "2022-11": {
            "month": "2022-11",
            "price": "46.16",
            "revenue": 0
        },
        "2022-12": {
            "month": "2022-12",
            "price": "48.30",
            "revenue": 0
        },
        "2023-01": {
            "month": "2023-01",
            "price": "48.02",
            "revenue": 0
        },
        "2023-02": {
            "month": "2023-02",
            "price": "48.55",
            "revenue": 0
        },
        "2023-03": {
            "month": "2023-03",
            "price": "49.78",
            "revenue": 0
        },
        "2023-04": {
            "month": "2023-04",
            "price": "49.35",
            "revenue": 0
        },
        "2023-05": {
            "month": "2023-05",
            "price": "47.64",
            "revenue": 0
        },
        "2023-06": {
            "month": "2023-06",
            "price": "50.66",
            "revenue": 0
        },
        "2023-07": {
            "month": "2023-07",
            "price": "51.91",
            "revenue": 0
        },
        "2023-08": {
            "month": "2023-08",
            "price": "54.43",
            "revenue": 0
        },
        "2023-09": {
            "month": "2023-09",
            "price": "55.45",
            "revenue": 0
        },
        "2023-10": {
            "month": "2023-10",
            "price": "53.16",
            "revenue": 0
        },
        "2023-11": {
            "month": "2023-11",
            "price": "50.53",
            "revenue": 0
        },
        "2023-12": {
            "month": "2023-12",
            "price": "49.41",
            "revenue": 0
        }
    }
}
