{
    "summary": {
        "stock_name": "Walt Disney Co",
        "stock_id": "DIS",
        "category": "Consumer Discretionary",
        "main_business": "華特迪士尼公司在特拉華州註冊成立。華特迪士尼公司及其子公司是一家多元化的全球娛樂公司，經營以下業務：媒體網路；公園、體驗和產品；工作室娛樂；以及直接面向消費者和國際（DTCI）。2020年10月，公司宣佈對其媒體和娛樂業務進行戰略重組，以加快其直接面向消費者（DTC）戰略的增長。媒體網路、工作室娛樂和DTCI部門的運營被重組為四個組：三個內容組（工作室、通用娛樂和體育），專注於開發和製作將在其所有傳統和DTC平臺上使用的內容，該公司專注於這些平臺的發行和商業化活動，並對全球媒體和娛樂運營結果負全部責任。",
        "website_url": "https://thewaltdisneycompany.com/",
        "ceo": "Robert A. Iger",
        "pe_ratio": 28,
        "report_year_from": 2019,
        "report_year_to": 2024,
        "age": 5,
        "eps_negative_percentage": 0,
        "eps_growth_avg": {
            "last_all": 20.77,
            "last_2y": 68.24,
            "last_4y": 17.75,
            "last_8y": 15.7,
            "last_12y": 17,
            "last_16y": 14.86,
            "last_20y": 18.49,
            "at_2006_last_3y": 33.91,
            "at_2007_last_3y": 35.08,
            "at_2008_last_3y": 18.72,
            "at_2009_last_3y": 13.11,
            "at_2010_last_3y": 7.91,
            "at_2011_last_3y": 8.24,
            "at_2012_last_3y": 9.38,
            "at_2013_last_3y": 17.52,
            "at_2014_last_3y": 19.94,
            "at_2015_last_3y": 18,
            "at_2016_last_3y": 16.96,
            "at_2017_last_3y": 12.7,
            "at_2018_last_3y": 13.13,
            "at_2019_last_3y": 2.97,
            "at_2020_last_3y": -23.97,
            "at_2021_last_3y": 1.24,
            "at_2022_last_3y": 5.52,
            "at_2023_last_3y": 28.61,
            "at_2024_last_3y": 28.61,
            "at_2006_last_all": 40.87,
            "at_2007_last_all": 37.63,
            "at_2008_last_all": 34.69,
            "at_2009_last_all": 28.31,
            "at_2010_last_all": 26.22,
            "at_2011_last_all": 25.87,
            "at_2012_last_all": 25.49,
            "at_2013_last_all": 24.71,
            "at_2014_last_all": 24.29,
            "at_2015_last_all": 23.62,
            "at_2016_last_all": 23.21,
            "at_2017_last_all": 21.71,
            "at_2018_last_all": 21.66,
            "at_2019_last_all": 19.03,
            "at_2020_last_all": 13.28,
            "at_2021_last_all": 17.61,
            "at_2022_last_all": 18.59,
            "at_2023_last_all": 20.77,
            "at_2024_last_all": 20.77
        },
        "latest_eps": 4.41,
        "latest_price": 122.36,
        "latest_roe": 4.23,
        "latest_gross_margin": 33.81,
        "latest_equity": 100721000,
        "latest_revenue": 23549000,
        "latest_gross_profit": 7962000,
        "latest_net_income": 2151000,
        "latest_debt_ratio": 49.07,
        "latest_current_ratio": 83.69,
        "latest_account_receivable_turnover_ratio": 1.78,
        "latest_inventory_turnover_ratio": 7.96,
        "latest_reinvestment_rate": -15.65,
        "latest_research_to_sale_ratio": null
    },
    "eps_dividends": {
        "2001": {
            "cash": 0,
            "stock": 0,
            "eps": 0.32
        },
        "2002": {
            "cash": 0,
            "stock": 0,
            "eps": 0.54
        },
        "2003": {
            "cash": 0,
            "stock": 0,
            "eps": 0.63
        },
        "2004": {
            "cash": 0,
            "stock": 0,
            "eps": 1.15
        },
        "2005": {
            "cash": 0,
            "stock": 0,
            "eps": 1.22
        },
        "2006": {
            "cash": 0,
            "stock": 0,
            "eps": 1.59
        },
        "2007": {
            "cash": 0,
            "stock": 0,
            "eps": 1.93
        },
        "2008": {
            "cash": 0,
            "stock": 0,
            "eps": 2.26
        },
        "2009": {
            "cash": 0,
            "stock": 0,
            "eps": 1.89
        },
        "2010": {
            "cash": 0,
            "stock": 0,
            "eps": 2.07
        },
        "2011": {
            "cash": 0,
            "stock": 0,
            "eps": 2.54
        },
        "2012": {
            "cash": 0,
            "stock": 0,
            "eps": 3.09
        },
        "2013": {
            "cash": 0,
            "stock": 0,
            "eps": 3.59
        },
        "2014": {
            "cash": 0,
            "stock": 0,
            "eps": 4.28
        },
        "2015": {
            "cash": 0,
            "stock": 0,
            "eps": 4.92
        },
        "2016": {
            "cash": 0,
            "stock": 0,
            "eps": 5.78
        },
        "2017": {
            "cash": 0,
            "stock": 0,
            "eps": 5.73
        },
        "2018": {
            "cash": 0,
            "stock": 0,
            "eps": 6.93
        },
        "2019": {
            "cash": 0,
            "stock": 0,
            "eps": 5.15
        },
        "2020": {
            "cash": 0,
            "stock": 0,
            "eps": 0.5
        },
        "2021": {
            "cash": 0,
            "stock": 0,
            "eps": 1.76
        },
        "2022": {
            "cash": 0,
            "stock": 0,
            "eps": 2.43
        },
        "2023": {
            "cash": 0,
            "stock": 0,
            "eps": 4.05
        },
        "2024": {
            "cash": 0,
            "stock": 0,
            "eps": 1.1
        }
    },
    "dividends": [],
    "prices": {
        "200101": "30.96",
        "200102": "31.37",
        "200103": "28.48",
        "200104": "29.54",
        "200105": "31.84",
        "200106": "30.13",
        "200107": "27.38",
        "200108": "26.38",
        "200109": "20.21",
        "200110": "18.85",
        "200111": "19.91",
        "200112": "21.15",
        "200201": "21.71",
        "200202": "23.30",
        "200203": "23.70",
        "200204": "23.71",
        "200205": "23.71",
        "200206": "20.77",
        "200207": "17.72",
        "200208": "15.50",
        "200209": "15.42",
        "200210": "16.32",
        "200211": "18.52",
        "200212": "16.93",
        "200301": "17.56",
        "200302": "16.75",
        "200303": "16.65",
        "200304": "18.05",
        "200305": "18.55",
        "200306": "20.27",
        "200307": "20.94",
        "200308": "21.73",
        "200309": "20.55",
        "200310": "21.79",
        "200311": "23.00",
        "200312": "22.82",
        "200401": "24.45",
        "200402": "25.61",
        "200403": "25.68",
        "200404": "25.02",
        "200405": "23.06",
        "200406": "24.76",
        "200407": "23.86",
        "200408": "22.21",
        "200409": "23.00",
        "200410": "24.68",
        "200411": "26.53",
        "200412": "27.59",
        "200501": "28.00",
        "200502": "29.01",
        "200503": "28.28",
        "200504": "27.56",
        "200505": "27.19",
        "200506": "26.80",
        "200507": "25.57",
        "200508": "25.69",
        "200509": "24.17",
        "200510": "23.67",
        "200511": "25.27",
        "200512": "24.70",
        "200601": "25.26",
        "200602": "26.74",
        "200603": "28.06",
        "200604": "27.63",
        "200605": "29.59",
        "200606": "29.60",
        "200607": "29.43",
        "200608": "29.49",
        "200609": "30.30",
        "200610": "31.32",
        "200611": "32.71",
        "200612": "34.32",
        "200701": "34.93",
        "200702": "34.82",
        "200703": "34.35",
        "200704": "34.93",
        "200705": "35.96",
        "200706": "34.34",
        "200707": "34.34",
        "200708": "33.42",
        "200709": "34.04",
        "200710": "34.88",
        "200711": "32.62",
        "200712": "32.65",
        "200801": "29.85",
        "200802": "32.10",
        "200803": "31.40",
        "200804": "31.36",
        "200805": "34.07",
        "200806": "32.94",
        "200807": "30.44",
        "200808": "31.78",
        "200809": "32.38",
        "200810": "25.38",
        "200811": "21.98",
        "200812": "22.54",
        "200901": "21.81",
        "200902": "18.35",
        "200903": "17.38",
        "200904": "19.83",
        "200905": "23.96",
        "200906": "24.20",
        "200907": "24.44",
        "200908": "26.10",
        "200909": "27.51",
        "200910": "28.49",
        "200911": "29.59",
        "200912": "31.67",
        "201001": "30.80",
        "201002": "30.46",
        "201003": "33.68",
        "201004": "36.20",
        "201005": "34.19",
        "201006": "33.90",
        "201007": "33.42",
        "201008": "33.65",
        "201009": "33.90",
        "201010": "34.73",
        "201011": "36.80",
        "201012": "37.28",
        "201101": "39.32",
        "201102": "42.37",
        "201103": "42.54",
        "201104": "42.08",
        "201105": "41.91",
        "201106": "38.69",
        "201107": "39.67",
        "201108": "33.68",
        "201109": "31.54",
        "201110": "33.50",
        "201111": "34.81",
        "201112": "36.50",
        "201201": "39.13",
        "201202": "41.15",
        "201203": "43.08",
        "201204": "42.48",
        "201205": "44.54",
        "201206": "46.63",
        "201207": "48.52",
        "201208": "49.75",
        "201209": "52.01",
        "201210": "51.38",
        "201211": "48.84",
        "201212": "49.56",
        "201301": "52.26",
        "201302": "54.57",
        "201303": "56.72",
        "201304": "60.18",
        "201305": "65.79",
        "201306": "63.59",
        "201307": "64.84",
        "201308": "63.22",
        "201309": "64.27",
        "201310": "66.70",
        "201311": "69.34",
        "201312": "72.02",
        "201401": "74.26",
        "201402": "77.58",
        "201403": "80.67",
        "201404": "79.28",
        "201405": "81.78",
        "201406": "83.97",
        "201407": "86.35",
        "201408": "88.61",
        "201409": "89.78",
        "201410": "86.98",
        "201411": "90.58",
        "201412": "93.12",
        "201501": "93.84",
        "201502": "102.40",
        "201503": "105.98",
        "201504": "107.55",
        "201505": "110.06",
        "201506": "111.76",
        "201507": "117.94",
        "201508": "106.20",
        "201509": "102.10",
        "201510": "108.54",
        "201511": "116.38",
        "201512": "109.89",
        "201601": "97.29",
        "201602": "93.99",
        "201603": "98.21",
        "201604": "100.53",
        "201605": "101.62",
        "201606": "97.96",
        "201607": "98.39",
        "201608": "96.04",
        "201609": "92.93",
        "201610": "92.39",
        "201611": "96.61",
        "201612": "103.51",
        "201701": "108.24",
        "201702": "110.00",
        "201703": "111.82",
        "201704": "113.87",
        "201705": "109.47",
        "201706": "105.77",
        "201707": "106.15",
        "201708": "103.54",
        "201709": "98.81",
        "201710": "98.82",
        "201711": "102.52",
        "201712": "108.16",
        "201801": "110.93",
        "201802": "105.50",
        "201803": "102.28",
        "201804": "100.43",
        "201805": "101.85",
        "201806": "104.54",
        "201807": "109.42",
        "201808": "112.93",
        "201809": "111.42",
        "201810": "115.25",
        "201811": "115.50",
        "201812": "109.83",
        "201901": "110.90",
        "201902": "112.17",
        "201903": "112.28",
        "201904": "125.81",
        "201905": "133.70",
        "201906": "138.58",
        "201907": "142.87",
        "201908": "136.54",
        "201909": "135.12",
        "201910": "130.14",
        "201911": "142.89",
        "201912": "146.72",
        "202001": "142.86",
        "202002": "136.69",
        "202003": "101.89",
        "202004": "102.49",
        "202005": "110.95",
        "202006": "117.44",
        "202007": "116.90",
        "202008": "129.05",
        "202009": "129.43",
        "202010": "124.37",
        "202011": "138.88",
        "202012": "166.93",
        "202101": "173.85",
        "202102": "186.21",
        "202103": "191.66",
        "202104": "185.97",
        "202105": "177.56",
        "202106": "176.08",
        "202107": "177.87",
        "202108": "177.17",
        "202109": "179.75",
        "202110": "172.88",
        "202111": "161.22",
        "202112": "150.90",
        "202201": "148.70",
        "202202": "147.93",
        "202203": "138.19",
        "202204": "126.69",
        "202205": "107.49",
        "202206": "99.54",
        "202207": "98.62",
        "202208": "114.58",
        "202209": "106.75",
        "202210": "99.64",
        "202211": "96.48",
        "202212": "90.83",
        "202301": "100.46",
        "202302": "106.66",
        "202303": "96.30",
        "202304": "99.66",
        "202305": "94.40",
        "202306": "90.62",
        "202307": "87.75",
        "202308": "86.27",
        "202309": "82.07",
        "202310": "82.62",
        "202311": "90.37",
        "202312": "91.93",
        "202401": "92.66",
        "202402": "106.78",
        "202403": "114.52",
        "202404": "無"
    },
    "quarters": {
        "20012": {
            "year_quarter": 20012,
            "year": 2001,
            "quarter": 2,
            "eps": 0.05,
            "eps_growth_year": -46.1,
            "eps_4q": 0.51,
            "eps_4q_growth_year": 18.61,
            "roe": -2.3,
            "roe_4q": -2.3,
            "gross_profit": 916000,
            "gross_margin": 15.28,
            "gross_margin_4q_avg": 15.28,
            "net_income": -534000,
            "net_income_4q": null,
            "revenue": 5993000,
            "revenue_4q": null,
            "common_shares": 12083000,
            "book_valuer_per_share": 1.36,
            "book_valuer_per_share_4q_avg": 1.36,
            "equity": 22991000,
            "current_ratio": 137.38,
            "debt_ratio": 48.28,
            "inventory_turnover_ratio": 8.87,
            "account_receivable_turnover_ratio": 1.43,
            "reinvestment_rate": 79.7,
            "research_to_sale_ratio": null,
            "price_fair": 0,
            "eps_avg_yearly": 0,
            "eps_latest_yearly": 0,
            "eps_growth_yearly": 0
        },
        "20013": {
            "year_quarter": 20013,
            "year": 2001,
            "quarter": 3,
            "eps": 0.22,
            "eps_growth_year": 18.93,
            "eps_4q": 0.55,
            "eps_4q_growth_year": 23.85,
            "roe": 1.77,
            "roe_4q": -0.5299999999999998,
            "gross_profit": 1028000,
            "gross_margin": 17.25,
            "gross_margin_4q_avg": 16.27,
            "net_income": 412000,
            "net_income_4q": null,
            "revenue": 5960000,
            "revenue_4q": null,
            "common_shares": 12106000,
            "book_valuer_per_share": 1.69,
            "book_valuer_per_share_4q_avg": 1.53,
            "equity": 23474000,
            "current_ratio": 158.39,
            "debt_ratio": 48.83,
            "inventory_turnover_ratio": 8.41,
            "account_receivable_turnover_ratio": 1.56,
            "reinvestment_rate": 76.13,
            "research_to_sale_ratio": null,
            "price_fair": 0,
            "eps_avg_yearly": 0,
            "eps_latest_yearly": 0,
            "eps_growth_yearly": 0
        },
        "20014": {
            "year_quarter": 20014,
            "year": 2001,
            "quarter": 4,
            "eps": 0.05,
            "eps_growth_year": -38.56,
            "eps_4q": 0.52,
            "eps_4q_growth_year": 14.05,
            "roe": 0.32,
            "roe_4q": -0.20999999999999996,
            "gross_profit": 505000,
            "gross_margin": 8.73,
            "gross_margin_4q_avg": 13.75,
            "net_income": 74000,
            "net_income_4q": null,
            "revenue": 5786000,
            "revenue_4q": null,
            "common_shares": 12096000,
            "book_valuer_per_share": 1.08,
            "book_valuer_per_share_4q_avg": 1.38,
            "equity": 22672000,
            "current_ratio": 109.72,
            "debt_ratio": 48.25,
            "inventory_turnover_ratio": 8.34,
            "account_receivable_turnover_ratio": 1.65,
            "reinvestment_rate": 83.36,
            "research_to_sale_ratio": null,
            "price_fair": 0,
            "eps_avg_yearly": 0,
            "eps_latest_yearly": 0,
            "eps_growth_yearly": 0
        },
        "20021": {
            "year_quarter": 20021,
            "year": 2002,
            "quarter": 1,
            "eps": 0.15,
            "eps_growth_year": -23.51,
            "eps_4q": 0.47,
            "eps_4q_growth_year": -15.04,
            "roe": 2.08,
            "roe_4q": 1.87,
            "gross_profit": 649000,
            "gross_margin": 9.25,
            "gross_margin_4q_avg": 12.63,
            "net_income": 472000,
            "net_income_4q": null,
            "revenue": 7016000,
            "revenue_4q": null,
            "common_shares": 12100000,
            "book_valuer_per_share": -1.18,
            "book_valuer_per_share_4q_avg": 0.74,
            "equity": 22759000,
            "current_ratio": 135.14,
            "debt_ratio": 54.9,
            "inventory_turnover_ratio": 9.61,
            "account_receivable_turnover_ratio": 1.77,
            "reinvestment_rate": 75.27,
            "research_to_sale_ratio": null,
            "price_fair": 0,
            "eps_avg_yearly": 0,
            "eps_latest_yearly": 0,
            "eps_growth_yearly": 0
        },
        "20022": {
            "year_quarter": 20022,
            "year": 2002,
            "quarter": 2,
            "eps": 0.13,
            "eps_growth_year": 167.99,
            "eps_4q": 0.55,
            "eps_4q_growth_year": 7.12,
            "roe": 1.26,
            "roe_4q": 5.43,
            "gross_profit": 605000,
            "gross_margin": 10.33,
            "gross_margin_4q_avg": 11.39,
            "net_income": 289000,
            "net_income_4q": null,
            "revenue": 5856000,
            "revenue_4q": null,
            "common_shares": 12107000,
            "book_valuer_per_share": -0.96,
            "book_valuer_per_share_4q_avg": 0.16,
            "equity": 23027000,
            "current_ratio": 144.39,
            "debt_ratio": 54.38,
            "inventory_turnover_ratio": 7.97,
            "account_receivable_turnover_ratio": 1.36,
            "reinvestment_rate": 68.12,
            "research_to_sale_ratio": null,
            "price_fair": 1.56,
            "eps_avg_yearly": 0.52,
            "eps_latest_yearly": 0.52,
            "eps_growth_yearly": -53.33
        },
        "20023": {
            "year_quarter": 20023,
            "year": 2002,
            "quarter": 3,
            "eps": 0.17,
            "eps_growth_year": -24.36,
            "eps_4q": 0.5,
            "eps_4q_growth_year": -9.64,
            "roe": 1.65,
            "roe_4q": 5.3100000000000005,
            "gross_profit": 752000,
            "gross_margin": 12.98,
            "gross_margin_4q_avg": 10.32,
            "net_income": 383000,
            "net_income_4q": null,
            "revenue": 5795000,
            "revenue_4q": null,
            "common_shares": 12105000,
            "book_valuer_per_share": -0.95,
            "book_valuer_per_share_4q_avg": -0.5,
            "equity": 23309000,
            "current_ratio": 137.48,
            "debt_ratio": 53.59,
            "inventory_turnover_ratio": 7.65,
            "account_receivable_turnover_ratio": 1.52,
            "reinvestment_rate": 54.09,
            "research_to_sale_ratio": null,
            "price_fair": 21,
            "eps_avg_yearly": 0.6,
            "eps_latest_yearly": 0.68,
            "eps_growth_yearly": 34.87
        },
        "20024": {
            "year_quarter": 20024,
            "year": 2002,
            "quarter": 4,
            "eps": 0.09,
            "eps_growth_year": 67.26,
            "eps_4q": 0.53,
            "eps_4q_growth_year": 2.64,
            "roe": 0.83,
            "roe_4q": 5.82,
            "gross_profit": 399000,
            "gross_margin": 5.99,
            "gross_margin_4q_avg": 9.64,
            "net_income": 193000,
            "net_income_4q": null,
            "revenue": 6662000,
            "revenue_4q": null,
            "common_shares": 12107000,
            "book_valuer_per_share": -1.18,
            "book_valuer_per_share_4q_avg": -1.07,
            "equity": 23445000,
            "current_ratio": 100.38,
            "debt_ratio": 53.15,
            "inventory_turnover_ratio": 9.26,
            "account_receivable_turnover_ratio": 1.73,
            "reinvestment_rate": 34.74,
            "research_to_sale_ratio": null,
            "price_fair": 1.56,
            "eps_avg_yearly": 0.52,
            "eps_latest_yearly": 0.36,
            "eps_growth_yearly": -39.5
        },
        "20031": {
            "year_quarter": 20031,
            "year": 2003,
            "quarter": 1,
            "eps": 0.04,
            "eps_growth_year": -75.2,
            "eps_4q": 0.42,
            "eps_4q_growth_year": -11.27,
            "roe": 0.39,
            "roe_4q": 4.13,
            "gross_profit": 482000,
            "gross_margin": 6.72,
            "gross_margin_4q_avg": 9.01,
            "net_income": 92000,
            "net_income_4q": null,
            "revenue": 7170000,
            "revenue_4q": null,
            "common_shares": 12097000,
            "book_valuer_per_share": -1.31,
            "book_valuer_per_share_4q_avg": -1.1,
            "equity": 23285000,
            "current_ratio": 104.84,
            "debt_ratio": 54.23,
            "inventory_turnover_ratio": 10.07,
            "account_receivable_turnover_ratio": 1.63,
            "reinvestment_rate": 31.49,
            "research_to_sale_ratio": null,
            "price_fair": 1.29,
            "eps_avg_yearly": 0.43,
            "eps_latest_yearly": 0.16,
            "eps_growth_yearly": -85.18
        },
        "20032": {
            "year_quarter": 20032,
            "year": 2003,
            "quarter": 2,
            "eps": 0.15,
            "eps_growth_year": 21.36,
            "eps_4q": 0.44,
            "eps_4q_growth_year": -19.16,
            "roe": 1.57,
            "roe_4q": 4.4399999999999995,
            "gross_profit": 814000,
            "gross_margin": 12.52,
            "gross_margin_4q_avg": 9.55,
            "net_income": 368000,
            "net_income_4q": null,
            "revenue": 6500000,
            "revenue_4q": null,
            "common_shares": 12117000,
            "book_valuer_per_share": -1.24,
            "book_valuer_per_share_4q_avg": -1.17,
            "equity": 23510000,
            "current_ratio": 109.63,
            "debt_ratio": 53.68,
            "inventory_turnover_ratio": 9.03,
            "account_receivable_turnover_ratio": 1.42,
            "reinvestment_rate": 21.61,
            "research_to_sale_ratio": null,
            "price_fair": 16.24,
            "eps_avg_yearly": 0.46,
            "eps_latest_yearly": 0.6,
            "eps_growth_yearly": 151.86
        },
        "20033": {
            "year_quarter": 20033,
            "year": 2003,
            "quarter": 3,
            "eps": 0.24,
            "eps_growth_year": 44.43,
            "eps_4q": 0.52,
            "eps_4q_growth_year": 4.71,
            "roe": 2.28,
            "roe_4q": 5.069999999999999,
            "gross_profit": 1048000,
            "gross_margin": 16.43,
            "gross_margin_4q_avg": 10.42,
            "net_income": 542000,
            "net_income_4q": null,
            "revenue": 6377000,
            "revenue_4q": null,
            "common_shares": 12138000,
            "book_valuer_per_share": -1.05,
            "book_valuer_per_share_4q_avg": -1.2,
            "equity": 23932000,
            "current_ratio": 106.06,
            "debt_ratio": 52.14,
            "inventory_turnover_ratio": 8.52,
            "account_receivable_turnover_ratio": 1.49,
            "reinvestment_rate": 17.93,
            "research_to_sale_ratio": null,
            "price_fair": 19.13,
            "eps_avg_yearly": 0.55,
            "eps_latest_yearly": 0.96,
            "eps_growth_yearly": 166.55
        },
        "20034": {
            "year_quarter": 20034,
            "year": 2003,
            "quarter": 4,
            "eps": 0.2,
            "eps_growth_year": 131.9,
            "eps_4q": 0.63,
            "eps_4q_growth_year": 19.21,
            "roe": 1.94,
            "roe_4q": 6.18,
            "gross_profit": 830000,
            "gross_margin": 11.83,
            "gross_margin_4q_avg": 11.88,
            "net_income": 463000,
            "net_income_4q": null,
            "revenue": 7014000,
            "revenue_4q": null,
            "common_shares": 12154000,
            "book_valuer_per_share": -1.08,
            "book_valuer_per_share_4q_avg": -1.17,
            "equity": 23791000,
            "current_ratio": 95.9,
            "debt_ratio": 52.41,
            "inventory_turnover_ratio": 9.33,
            "account_receivable_turnover_ratio": 1.67,
            "reinvestment_rate": 21.04,
            "research_to_sale_ratio": null,
            "price_fair": 20.4,
            "eps_avg_yearly": 0.58,
            "eps_latest_yearly": 0.8,
            "eps_growth_yearly": 133.23
        },
        "20041": {
            "year_quarter": 20041,
            "year": 2004,
            "quarter": 1,
            "eps": 0.33,
            "eps_growth_year": 788,
            "eps_4q": 0.92,
            "eps_4q_growth_year": 121.62,
            "roe": 2.94,
            "roe_4q": 8.73,
            "gross_profit": 1271000,
            "gross_margin": 14.87,
            "gross_margin_4q_avg": 13.91,
            "net_income": 704000,
            "net_income_4q": null,
            "revenue": 8549000,
            "revenue_4q": null,
            "common_shares": 12185000,
            "book_valuer_per_share": -0.92,
            "book_valuer_per_share_4q_avg": -1.07,
            "equity": 24034000,
            "current_ratio": 105.45,
            "debt_ratio": 53.35,
            "inventory_turnover_ratio": 10.68,
            "account_receivable_turnover_ratio": 1.73,
            "reinvestment_rate": 14.31,
            "research_to_sale_ratio": null,
            "price_fair": 23.63,
            "eps_avg_yearly": 0.68,
            "eps_latest_yearly": 1.32,
            "eps_growth_yearly": 149.08
        },
        "20042": {
            "year_quarter": 20042,
            "year": 2004,
            "quarter": 2,
            "eps": 0.26,
            "eps_growth_year": 67.71,
            "eps_4q": 1.03,
            "eps_4q_growth_year": 131.54,
            "roe": 2.48,
            "roe_4q": 9.639999999999999,
            "gross_profit": 1036000,
            "gross_margin": 14.41,
            "gross_margin_4q_avg": 14.39,
            "net_income": 606000,
            "net_income_4q": null,
            "revenue": 7189000,
            "revenue_4q": null,
            "common_shares": 12327000,
            "book_valuer_per_share": -0.5,
            "book_valuer_per_share_4q_avg": -0.89,
            "equity": 24760000,
            "current_ratio": 84.13,
            "debt_ratio": 55.06,
            "inventory_turnover_ratio": 8.78,
            "account_receivable_turnover_ratio": 1.4,
            "reinvestment_rate": 64.95,
            "research_to_sale_ratio": null,
            "price_fair": 25.04,
            "eps_avg_yearly": 0.72,
            "eps_latest_yearly": 1.04,
            "eps_growth_yearly": 123.09
        },
        "20043": {
            "year_quarter": 20043,
            "year": 2004,
            "quarter": 3,
            "eps": 0.31,
            "eps_growth_year": 25.97,
            "eps_4q": 1.09,
            "eps_4q_growth_year": 110.4,
            "roe": 2.59,
            "roe_4q": 9.95,
            "gross_profit": 1096000,
            "gross_margin": 14.67,
            "gross_margin_4q_avg": 13.95,
            "net_income": 650000,
            "net_income_4q": null,
            "revenue": 7471000,
            "revenue_4q": null,
            "common_shares": 12393000,
            "book_valuer_per_share": -0.18,
            "book_valuer_per_share_4q_avg": -0.67,
            "equity": 25491000,
            "current_ratio": 83.62,
            "debt_ratio": 53.28,
            "inventory_turnover_ratio": 8.85,
            "account_receivable_turnover_ratio": 1.63,
            "reinvestment_rate": 52.23,
            "research_to_sale_ratio": null,
            "price_fair": 26.88,
            "eps_avg_yearly": 0.77,
            "eps_latest_yearly": 1.24,
            "eps_growth_yearly": 118.47
        },
        "20044": {
            "year_quarter": 20044,
            "year": 2004,
            "quarter": 4,
            "eps": 0.25,
            "eps_growth_year": 24.61,
            "eps_4q": 1.14,
            "eps_4q_growth_year": 80.54,
            "roe": 2.26,
            "roe_4q": 10.27,
            "gross_profit": 751000,
            "gross_margin": 9.96,
            "gross_margin_4q_avg": 13.48,
            "net_income": 582000,
            "net_income_4q": null,
            "revenue": 7543000,
            "revenue_4q": null,
            "common_shares": 12447000,
            "book_valuer_per_share": 0.18,
            "book_valuer_per_share_4q_avg": -0.36,
            "equity": 26081000,
            "current_ratio": 84.72,
            "debt_ratio": 51.61,
            "inventory_turnover_ratio": 9.22,
            "account_receivable_turnover_ratio": 1.66,
            "reinvestment_rate": 52.19,
            "research_to_sale_ratio": null,
            "price_fair": 27.62,
            "eps_avg_yearly": 0.79,
            "eps_latest_yearly": 1,
            "eps_growth_yearly": 100.66
        },
        "20051": {
            "year_quarter": 20051,
            "year": 2005,
            "quarter": 1,
            "eps": 0.33,
            "eps_growth_year": 0.22,
            "eps_4q": 1.14,
            "eps_4q_growth_year": 23.42,
            "roe": 2.72,
            "roe_4q": 10.05,
            "gross_profit": 1116000,
            "gross_margin": 12.88,
            "gross_margin_4q_avg": 12.98,
            "net_income": 712000,
            "net_income_4q": null,
            "revenue": 8666000,
            "revenue_4q": null,
            "common_shares": 12559000,
            "book_valuer_per_share": 0.24,
            "book_valuer_per_share_4q_avg": -0.07,
            "equity": 26336000,
            "current_ratio": 92.13,
            "debt_ratio": 52.5,
            "inventory_turnover_ratio": 10.54,
            "account_receivable_turnover_ratio": 1.75,
            "reinvestment_rate": 52.79,
            "research_to_sale_ratio": null,
            "price_fair": 29.17,
            "eps_avg_yearly": 0.83,
            "eps_latest_yearly": 1.32,
            "eps_growth_yearly": 102.94
        },
        "20052": {
            "year_quarter": 20052,
            "year": 2005,
            "quarter": 2,
            "eps": 0.31,
            "eps_growth_year": 21.38,
            "eps_4q": 1.2,
            "eps_4q_growth_year": 16.29,
            "roe": 2.67,
            "roe_4q": 10.24,
            "gross_profit": 1109000,
            "gross_margin": 14.17,
            "gross_margin_4q_avg": 12.92,
            "net_income": 711000,
            "net_income_4q": null,
            "revenue": 7829000,
            "revenue_4q": null,
            "common_shares": 12822000,
            "book_valuer_per_share": 0.53,
            "book_valuer_per_share_4q_avg": 0.19,
            "equity": 26963000,
            "current_ratio": 118.45,
            "debt_ratio": 51.02,
            "inventory_turnover_ratio": 10.16,
            "account_receivable_turnover_ratio": 1.47,
            "reinvestment_rate": 43.6,
            "research_to_sale_ratio": null,
            "price_fair": 30.26,
            "eps_avg_yearly": 0.86,
            "eps_latest_yearly": 1.24,
            "eps_growth_yearly": 93.16
        },
        "20053": {
            "year_quarter": 20053,
            "year": 2005,
            "quarter": 3,
            "eps": 0.38,
            "eps_growth_year": 24.18,
            "eps_4q": 1.27,
            "eps_4q_growth_year": 16.35,
            "roe": 3.18,
            "roe_4q": 10.83,
            "gross_profit": 1282000,
            "gross_margin": 16.62,
            "gross_margin_4q_avg": 13.41,
            "net_income": 858000,
            "net_income_4q": null,
            "revenue": 7715000,
            "revenue_4q": null,
            "common_shares": 12926000,
            "book_valuer_per_share": 0.75,
            "book_valuer_per_share_4q_avg": 0.43,
            "equity": 27054000,
            "current_ratio": 118.32,
            "debt_ratio": 49.8,
            "inventory_turnover_ratio": 10.08,
            "account_receivable_turnover_ratio": 1.51,
            "reinvestment_rate": 36.47,
            "research_to_sale_ratio": null,
            "price_fair": 31.9,
            "eps_avg_yearly": 0.91,
            "eps_latest_yearly": 1.52,
            "eps_growth_yearly": 92.95
        },
        "20054": {
            "year_quarter": 20054,
            "year": 2005,
            "quarter": 4,
            "eps": 0.2,
            "eps_growth_year": -17.11,
            "eps_4q": 1.23,
            "eps_4q_growth_year": 7.66,
            "roe": 1.75,
            "roe_4q": 10.32,
            "gross_profit": 600000,
            "gross_margin": 7.76,
            "gross_margin_4q_avg": 12.86,
            "net_income": 465000,
            "net_income_4q": null,
            "revenue": 7734000,
            "revenue_4q": null,
            "common_shares": 13288000,
            "book_valuer_per_share": 0.54,
            "book_valuer_per_share_4q_avg": 0.52,
            "equity": 26210000,
            "current_ratio": 96.48,
            "debt_ratio": 50.69,
            "inventory_turnover_ratio": 11.53,
            "account_receivable_turnover_ratio": 1.64,
            "reinvestment_rate": 40.57,
            "research_to_sale_ratio": null,
            "price_fair": 31.64,
            "eps_avg_yearly": 0.9,
            "eps_latest_yearly": 0.8,
            "eps_growth_yearly": 74.13
        },
        "20061": {
            "year_quarter": 20061,
            "year": 2006,
            "quarter": 1,
            "eps": 0.34,
            "eps_growth_year": 4.24,
            "eps_4q": 1.24,
            "eps_4q_growth_year": 8.82,
            "roe": 2.91,
            "roe_4q": 10.51,
            "gross_profit": 1161000,
            "gross_margin": 13.11,
            "gross_margin_4q_avg": 12.92,
            "net_income": 750000,
            "net_income_4q": null,
            "revenue": 8854000,
            "revenue_4q": null,
            "common_shares": 13401000,
            "book_valuer_per_share": 0.22,
            "book_valuer_per_share_4q_avg": 0.51,
            "equity": 25351000,
            "current_ratio": 95.84,
            "debt_ratio": 52.76,
            "inventory_turnover_ratio": 12.44,
            "account_receivable_turnover_ratio": 1.8,
            "reinvestment_rate": 37.51,
            "research_to_sale_ratio": null,
            "price_fair": 32.64,
            "eps_avg_yearly": 0.93,
            "eps_latest_yearly": 1.36,
            "eps_growth_yearly": 86.99
        },
        "20062": {
            "year_quarter": 20062,
            "year": 2006,
            "quarter": 2,
            "eps": 0.37,
            "eps_growth_year": 17.73,
            "eps_4q": 1.3,
            "eps_4q_growth_year": 8.45,
            "roe": 2.9,
            "roe_4q": 10.74,
            "gross_profit": 1186000,
            "gross_margin": 14.78,
            "gross_margin_4q_avg": 13.07,
            "net_income": 745000,
            "net_income_4q": null,
            "revenue": 8027000,
            "revenue_4q": null,
            "common_shares": 13782000,
            "book_valuer_per_share": 0.49,
            "book_valuer_per_share_4q_avg": 0.5,
            "equity": 25950000,
            "current_ratio": 102.07,
            "debt_ratio": 51.61,
            "inventory_turnover_ratio": 10.91,
            "account_receivable_turnover_ratio": 1.61,
            "reinvestment_rate": 35.92,
            "research_to_sale_ratio": null,
            "price_fair": 34.74,
            "eps_avg_yearly": 0.99,
            "eps_latest_yearly": 1.48,
            "eps_growth_yearly": 92.53
        },
        "20063": {
            "year_quarter": 20063,
            "year": 2006,
            "quarter": 3,
            "eps": 0.5,
            "eps_growth_year": 32.98,
            "eps_4q": 1.42,
            "eps_4q_growth_year": 11.99,
            "roe": 3.99,
            "roe_4q": 11.55,
            "gross_profit": 1740000,
            "gross_margin": 20.53,
            "gross_margin_4q_avg": 14.05,
            "net_income": 1168000,
            "net_income_4q": null,
            "revenue": 8474000,
            "revenue_4q": null,
            "common_shares": 21629000,
            "book_valuer_per_share": 0.72,
            "book_valuer_per_share_4q_avg": 0.49,
            "equity": 32534000,
            "current_ratio": 98.01,
            "debt_ratio": 45.19,
            "inventory_turnover_ratio": 10.49,
            "account_receivable_turnover_ratio": 1.79,
            "reinvestment_rate": 35.87,
            "research_to_sale_ratio": null,
            "price_fair": 37.63,
            "eps_avg_yearly": 1.08,
            "eps_latest_yearly": 2,
            "eps_growth_yearly": 93.62
        },
        "20064": {
            "year_quarter": 20064,
            "year": 2006,
            "quarter": 4,
            "eps": 0.38,
            "eps_growth_year": 85.38,
            "eps_4q": 1.6,
            "eps_4q_growth_year": 30.09,
            "roe": 2.65,
            "roe_4q": 12.450000000000001,
            "gross_profit": 1315000,
            "gross_margin": 15.2,
            "gross_margin_4q_avg": 15.91,
            "net_income": 854000,
            "net_income_4q": null,
            "revenue": 8652000,
            "revenue_4q": null,
            "common_shares": 22377000,
            "book_valuer_per_share": 0.57,
            "book_valuer_per_share_4q_avg": 0.5,
            "equity": 31820000,
            "current_ratio": 93.65,
            "debt_ratio": 46.96,
            "inventory_turnover_ratio": 10.99,
            "account_receivable_turnover_ratio": 1.83,
            "reinvestment_rate": 36.14,
            "research_to_sale_ratio": null,
            "price_fair": 40.16,
            "eps_avg_yearly": 1.15,
            "eps_latest_yearly": 1.52,
            "eps_growth_yearly": 99.39
        },
        "20071": {
            "year_quarter": 20071,
            "year": 2007,
            "quarter": 1,
            "eps": 0.48,
            "eps_growth_year": 38.16,
            "eps_4q": 1.73,
            "eps_4q_growth_year": 39.22,
            "roe": 5.23,
            "roe_4q": 14.770000000000001,
            "gross_profit": 1674000,
            "gross_margin": 17.47,
            "gross_margin_4q_avg": 17,
            "net_income": 1681000,
            "net_income_4q": null,
            "revenue": 9581000,
            "revenue_4q": null,
            "common_shares": 22943000,
            "book_valuer_per_share": 0.95,
            "book_valuer_per_share_4q_avg": 0.68,
            "equity": 32508000,
            "current_ratio": 104.99,
            "debt_ratio": 46.7,
            "inventory_turnover_ratio": 11.59,
            "account_receivable_turnover_ratio": 1.74,
            "reinvestment_rate": 27.55,
            "research_to_sale_ratio": null,
            "price_fair": 44.01,
            "eps_avg_yearly": 1.26,
            "eps_latest_yearly": 1.92,
            "eps_growth_yearly": 119.86
        },
        "20072": {
            "year_quarter": 20072,
            "year": 2007,
            "quarter": 2,
            "eps": 0.43,
            "eps_growth_year": 17.96,
            "eps_4q": 1.8,
            "eps_4q_growth_year": 38.37,
            "roe": 2.87,
            "roe_4q": 14.740000000000002,
            "gross_profit": 1513000,
            "gross_margin": 19.02,
            "gross_margin_4q_avg": 18.06,
            "net_income": 922000,
            "net_income_4q": null,
            "revenue": 7954000,
            "revenue_4q": null,
            "common_shares": 23537000,
            "book_valuer_per_share": 0.48,
            "book_valuer_per_share_4q_avg": 0.68,
            "equity": 31743000,
            "current_ratio": 92.58,
            "debt_ratio": 46.74,
            "inventory_turnover_ratio": 9.97,
            "account_receivable_turnover_ratio": 1.41,
            "reinvestment_rate": 26.18,
            "research_to_sale_ratio": null,
            "price_fair": 46.46,
            "eps_avg_yearly": 1.33,
            "eps_latest_yearly": 1.72,
            "eps_growth_yearly": 48.5
        },
        "20073": {
            "year_quarter": 20073,
            "year": 2007,
            "quarter": 3,
            "eps": 0.58,
            "eps_growth_year": 15.01,
            "eps_4q": 1.87,
            "eps_4q_growth_year": 31.53,
            "roe": 4,
            "roe_4q": 14.750000000000002,
            "gross_profit": 2023000,
            "gross_margin": 22.37,
            "gross_margin_4q_avg": 18.52,
            "net_income": 1265000,
            "net_income_4q": null,
            "revenue": 9045000,
            "revenue_4q": null,
            "common_shares": 23990000,
            "book_valuer_per_share": 1.06,
            "book_valuer_per_share_4q_avg": 0.77,
            "equity": 31557000,
            "current_ratio": 113.34,
            "debt_ratio": 47.11,
            "inventory_turnover_ratio": 11.42,
            "account_receivable_turnover_ratio": 1.79,
            "reinvestment_rate": 25.13,
            "research_to_sale_ratio": null,
            "price_fair": 49.44,
            "eps_avg_yearly": 1.41,
            "eps_latest_yearly": 2.32,
            "eps_growth_yearly": 42.22
        },
        "20074": {
            "year_quarter": 20074,
            "year": 2007,
            "quarter": 4,
            "eps": 0.44,
            "eps_growth_year": 15.02,
            "eps_4q": 1.93,
            "eps_4q_growth_year": 20.69,
            "roe": 3.16,
            "roe_4q": 15.260000000000002,
            "gross_profit": 1571000,
            "gross_margin": 17.59,
            "gross_margin_4q_avg": 19.11,
            "net_income": 983000,
            "net_income_4q": null,
            "revenue": 8930000,
            "revenue_4q": null,
            "common_shares": 24207000,
            "book_valuer_per_share": 0.54,
            "book_valuer_per_share_4q_avg": 0.76,
            "equity": 30753000,
            "current_ratio": 99.32,
            "debt_ratio": 49.53,
            "inventory_turnover_ratio": 11.78,
            "account_receivable_turnover_ratio": 1.76,
            "reinvestment_rate": 27.21,
            "research_to_sale_ratio": null,
            "price_fair": 51.54,
            "eps_avg_yearly": 1.47,
            "eps_latest_yearly": 1.76,
            "eps_growth_yearly": 40.35
        },
        "20081": {
            "year_quarter": 20081,
            "year": 2008,
            "quarter": 1,
            "eps": 0.63,
            "eps_growth_year": 32.41,
            "eps_4q": 2.08,
            "eps_4q_growth_year": 20.43,
            "roe": 4.17,
            "roe_4q": 14.2,
            "gross_profit": 2033000,
            "gross_margin": 19.45,
            "gross_margin_4q_avg": 19.61,
            "net_income": 1274000,
            "net_income_4q": null,
            "revenue": 10452000,
            "revenue_4q": null,
            "common_shares": 24419000,
            "book_valuer_per_share": 0.46,
            "book_valuer_per_share_4q_avg": 0.64,
            "equity": 30380000,
            "current_ratio": 107.15,
            "debt_ratio": 51.6,
            "inventory_turnover_ratio": 12.27,
            "account_receivable_turnover_ratio": 1.74,
            "reinvestment_rate": 5.69,
            "research_to_sale_ratio": null,
            "price_fair": 54.16,
            "eps_avg_yearly": 1.55,
            "eps_latest_yearly": 2.52,
            "eps_growth_yearly": 34.9
        },
        "20082": {
            "year_quarter": 20082,
            "year": 2008,
            "quarter": 2,
            "eps": 0.58,
            "eps_growth_year": 33.75,
            "eps_4q": 2.23,
            "eps_4q_growth_year": 24.17,
            "roe": 3.87,
            "roe_4q": 15.2,
            "gross_profit": 1898000,
            "gross_margin": 21.79,
            "gross_margin_4q_avg": 20.3,
            "net_income": 1183000,
            "net_income_4q": null,
            "revenue": 8710000,
            "revenue_4q": null,
            "common_shares": 24602000,
            "book_valuer_per_share": 0.71,
            "book_valuer_per_share_4q_avg": 0.69,
            "equity": 30788000,
            "current_ratio": 110.13,
            "debt_ratio": 50.57,
            "inventory_turnover_ratio": 8.67,
            "account_receivable_turnover_ratio": 1.38,
            "reinvestment_rate": 7.57,
            "research_to_sale_ratio": null,
            "price_fair": 56.96,
            "eps_avg_yearly": 1.63,
            "eps_latest_yearly": 2.32,
            "eps_growth_yearly": 38.22
        },
        "20083": {
            "year_quarter": 20083,
            "year": 2008,
            "quarter": 3,
            "eps": 0.65,
            "eps_growth_year": 12.29,
            "eps_4q": 2.3,
            "eps_4q_growth_year": 22.95,
            "roe": 4.33,
            "roe_4q": 15.53,
            "gross_profit": 2021000,
            "gross_margin": 21.88,
            "gross_margin_4q_avg": 20.18,
            "net_income": 1375000,
            "net_income_4q": null,
            "revenue": 9236000,
            "revenue_4q": null,
            "common_shares": 26274000,
            "book_valuer_per_share": 1.61,
            "book_valuer_per_share_4q_avg": 0.83,
            "equity": 32779000,
            "current_ratio": 111.99,
            "debt_ratio": 46.77,
            "inventory_turnover_ratio": 7.87,
            "account_receivable_turnover_ratio": 1.64,
            "reinvestment_rate": 7.33,
            "research_to_sale_ratio": null,
            "price_fair": 59.94,
            "eps_avg_yearly": 1.71,
            "eps_latest_yearly": 2.6,
            "eps_growth_yearly": 36.43
        },
        "20084": {
            "year_quarter": 20084,
            "year": 2008,
            "quarter": 4,
            "eps": 0.4,
            "eps_growth_year": -8.38,
            "eps_4q": 2.26,
            "eps_4q_growth_year": 17.41,
            "roe": 2.76,
            "roe_4q": 15.13,
            "gross_profit": 1452000,
            "gross_margin": 15.37,
            "gross_margin_4q_avg": 19.62,
            "net_income": 897000,
            "net_income_4q": null,
            "revenue": 9445000,
            "revenue_4q": null,
            "common_shares": 26546000,
            "book_valuer_per_share": 1.67,
            "book_valuer_per_share_4q_avg": 1.11,
            "equity": 32323000,
            "current_ratio": 100.65,
            "debt_ratio": 48.28,
            "inventory_turnover_ratio": 7.55,
            "account_receivable_turnover_ratio": 1.71,
            "reinvestment_rate": 9.63,
            "research_to_sale_ratio": null,
            "price_fair": 61.25,
            "eps_avg_yearly": 1.75,
            "eps_latest_yearly": 1.6,
            "eps_growth_yearly": 31.65
        },
        "20091": {
            "year_quarter": 20091,
            "year": 2009,
            "quarter": 1,
            "eps": 0.41,
            "eps_growth_year": -34.59,
            "eps_4q": 2.05,
            "eps_4q_growth_year": -1.77,
            "roe": 2.62,
            "roe_4q": 13.580000000000002,
            "gross_profit": 1217000,
            "gross_margin": 12.68,
            "gross_margin_4q_avg": 17.93,
            "net_income": 851000,
            "net_income_4q": null,
            "revenue": 9599000,
            "revenue_4q": null,
            "common_shares": 26662000,
            "book_valuer_per_share": 1.25,
            "book_valuer_per_share_4q_avg": 1.31,
            "equity": 32655000,
            "current_ratio": 106.89,
            "debt_ratio": 49.68,
            "inventory_turnover_ratio": 7.3,
            "account_receivable_turnover_ratio": 1.67,
            "reinvestment_rate": 4.92,
            "research_to_sale_ratio": null,
            "price_fair": 60.67,
            "eps_avg_yearly": 1.77,
            "eps_latest_yearly": 1.64,
            "eps_growth_yearly": 24.28
        },
        "20092": {
            "year_quarter": 20092,
            "year": 2009,
            "quarter": 2,
            "eps": 0.43,
            "eps_growth_year": -25.2,
            "eps_4q": 1.9,
            "eps_4q_growth_year": -14.8,
            "roe": 1.98,
            "roe_4q": 11.69,
            "gross_profit": 1287000,
            "gross_margin": 15.91,
            "gross_margin_4q_avg": 16.46,
            "net_income": 653000,
            "net_income_4q": null,
            "revenue": 8087000,
            "revenue_4q": null,
            "common_shares": 26693000,
            "book_valuer_per_share": 1.64,
            "book_valuer_per_share_4q_avg": 1.54,
            "equity": 33272000,
            "current_ratio": 117.58,
            "debt_ratio": 47.21,
            "inventory_turnover_ratio": 5.65,
            "account_receivable_turnover_ratio": 1.46,
            "reinvestment_rate": 4.42,
            "research_to_sale_ratio": null,
            "price_fair": 63,
            "eps_avg_yearly": 1.8,
            "eps_latest_yearly": 1.72,
            "eps_growth_yearly": 27.01
        },
        "20093": {
            "year_quarter": 20093,
            "year": 2009,
            "quarter": 3,
            "eps": 0.52,
            "eps_growth_year": -20.79,
            "eps_4q": 1.76,
            "eps_4q_growth_year": -23.33,
            "roe": 3.05,
            "roe_4q": 10.41,
            "gross_profit": 1598000,
            "gross_margin": 18.59,
            "gross_margin_4q_avg": 15.64,
            "net_income": 1031000,
            "net_income_4q": null,
            "revenue": 8596000,
            "revenue_4q": null,
            "common_shares": 26840000,
            "book_valuer_per_share": 2.37,
            "book_valuer_per_share_4q_avg": 1.73,
            "equity": 34296000,
            "current_ratio": 133.62,
            "debt_ratio": 45.2,
            "inventory_turnover_ratio": 5.68,
            "account_receivable_turnover_ratio": 1.74,
            "reinvestment_rate": 4.49,
            "research_to_sale_ratio": null,
            "price_fair": 64.23,
            "eps_avg_yearly": 1.84,
            "eps_latest_yearly": 2.08,
            "eps_growth_yearly": 26.6
        },
        "20094": {
            "year_quarter": 20094,
            "year": 2009,
            "quarter": 4,
            "eps": 0.53,
            "eps_growth_year": 32.8,
            "eps_4q": 1.9,
            "eps_4q_growth_year": -16.29,
            "roe": 3.16,
            "roe_4q": 10.809999999999999,
            "gross_profit": 1595000,
            "gross_margin": 16.16,
            "gross_margin_4q_avg": 15.84,
            "net_income": 1074000,
            "net_income_4q": null,
            "revenue": 9867000,
            "revenue_4q": null,
            "common_shares": 27038000,
            "book_valuer_per_share": 2.57,
            "book_valuer_per_share_4q_avg": 1.96,
            "equity": 33734000,
            "current_ratio": 133.08,
            "debt_ratio": 46.55,
            "inventory_turnover_ratio": 6.62,
            "account_receivable_turnover_ratio": 2.01,
            "reinvestment_rate": 12.55,
            "research_to_sale_ratio": null,
            "price_fair": 67.11,
            "eps_avg_yearly": 1.92,
            "eps_latest_yearly": 2.12,
            "eps_growth_yearly": 38.92
        },
        "20101": {
            "year_quarter": 20101,
            "year": 2010,
            "quarter": 1,
            "eps": 0.47,
            "eps_growth_year": 13.81,
            "eps_4q": 1.95,
            "eps_4q_growth_year": -4.58,
            "roe": 2.41,
            "roe_4q": 10.600000000000001,
            "gross_profit": 1414000,
            "gross_margin": 14.52,
            "gross_margin_4q_avg": 16.3,
            "net_income": 844000,
            "net_income_4q": null,
            "revenue": 9739000,
            "revenue_4q": null,
            "common_shares": 27571000,
            "book_valuer_per_share": 0.94,
            "book_valuer_per_share_4q_avg": 1.88,
            "equity": 36180000,
            "current_ratio": 110.95,
            "debt_ratio": 47.8,
            "inventory_turnover_ratio": 6.75,
            "account_receivable_turnover_ratio": 1.8,
            "reinvestment_rate": 11.6,
            "research_to_sale_ratio": null,
            "price_fair": 55.75,
            "eps_avg_yearly": 1.95,
            "eps_latest_yearly": 1.88,
            "eps_growth_yearly": 18.59
        },
        "20102": {
            "year_quarter": 20102,
            "year": 2010,
            "quarter": 2,
            "eps": 0.48,
            "eps_growth_year": 11.2,
            "eps_4q": 2,
            "eps_4q_growth_year": 5.35,
            "roe": 2.71,
            "roe_4q": 11.330000000000002,
            "gross_profit": 1512000,
            "gross_margin": 17.62,
            "gross_margin_4q_avg": 16.72,
            "net_income": 998000,
            "net_income_4q": null,
            "revenue": 8580000,
            "revenue_4q": null,
            "common_shares": 28100000,
            "book_valuer_per_share": 1.78,
            "book_valuer_per_share_4q_avg": 1.92,
            "equity": 37480000,
            "current_ratio": 124.22,
            "debt_ratio": 45.49,
            "inventory_turnover_ratio": 5.84,
            "account_receivable_turnover_ratio": 1.5,
            "reinvestment_rate": 9.33,
            "research_to_sale_ratio": null,
            "price_fair": 53.23,
            "eps_avg_yearly": 1.98,
            "eps_latest_yearly": 1.92,
            "eps_growth_yearly": 16.92
        },
        "20103": {
            "year_quarter": 20103,
            "year": 2010,
            "quarter": 3,
            "eps": 0.67,
            "eps_growth_year": 29.96,
            "eps_4q": 2.16,
            "eps_4q_growth_year": 22.2,
            "roe": 3.99,
            "roe_4q": 12.27,
            "gross_profit": 2279000,
            "gross_margin": 22.79,
            "gross_margin_4q_avg": 17.77,
            "net_income": 1505000,
            "net_income_4q": null,
            "revenue": 10002000,
            "revenue_4q": null,
            "common_shares": 28542000,
            "book_valuer_per_share": 2.26,
            "book_valuer_per_share_4q_avg": 1.89,
            "equity": 37959000,
            "current_ratio": 132.8,
            "debt_ratio": 44.43,
            "inventory_turnover_ratio": 6.06,
            "account_receivable_turnover_ratio": 1.78,
            "reinvestment_rate": 6.82,
            "research_to_sale_ratio": null,
            "price_fair": 56.62,
            "eps_avg_yearly": 2.02,
            "eps_latest_yearly": 2.68,
            "eps_growth_yearly": 18.03
        },
        "20104": {
            "year_quarter": 20104,
            "year": 2010,
            "quarter": 4,
            "eps": 0.45,
            "eps_growth_year": -15.31,
            "eps_4q": 2.07,
            "eps_4q_growth_year": 9.44,
            "roe": 2.56,
            "roe_4q": 11.670000000000002,
            "gross_profit": 1521000,
            "gross_margin": 15.61,
            "gross_margin_4q_avg": 17.64,
            "net_income": 966000,
            "net_income_4q": null,
            "revenue": 9742000,
            "revenue_4q": null,
            "common_shares": 28736000,
            "book_valuer_per_share": 1.88,
            "book_valuer_per_share_4q_avg": 1.72,
            "equity": 37519000,
            "current_ratio": 111.14,
            "debt_ratio": 45.79,
            "inventory_turnover_ratio": 5.95,
            "account_receivable_turnover_ratio": 1.69,
            "reinvestment_rate": 12.34,
            "research_to_sale_ratio": null,
            "price_fair": 52.61,
            "eps_avg_yearly": 2.04,
            "eps_latest_yearly": 1.8,
            "eps_growth_yearly": 15.82
        },
        "20111": {
            "year_quarter": 20111,
            "year": 2011,
            "quarter": 1,
            "eps": 0.68,
            "eps_growth_year": 45.29,
            "eps_4q": 2.29,
            "eps_4q_growth_year": 17.14,
            "roe": 3.54,
            "roe_4q": 12.8,
            "gross_profit": 1940000,
            "gross_margin": 18.1,
            "gross_margin_4q_avg": 18.53,
            "net_income": 1334000,
            "net_income_4q": null,
            "revenue": 10716000,
            "revenue_4q": null,
            "common_shares": 29271000,
            "book_valuer_per_share": 2.05,
            "book_valuer_per_share_4q_avg": 1.99,
            "equity": 37797000,
            "current_ratio": 109.78,
            "debt_ratio": 46.73,
            "inventory_turnover_ratio": 6.14,
            "account_receivable_turnover_ratio": 1.67,
            "reinvestment_rate": 16.6,
            "research_to_sale_ratio": null,
            "price_fair": 66.84,
            "eps_avg_yearly": 2.09,
            "eps_latest_yearly": 2.72,
            "eps_growth_yearly": 22.02
        },
        "20112": {
            "year_quarter": 20112,
            "year": 2011,
            "quarter": 2,
            "eps": 0.49,
            "eps_growth_year": 0.77,
            "eps_4q": 2.29,
            "eps_4q_growth_year": 14.47,
            "roe": 2.64,
            "roe_4q": 12.73,
            "gross_profit": 1528000,
            "gross_margin": 16.83,
            "gross_margin_4q_avg": 18.33,
            "net_income": 1010000,
            "net_income_4q": null,
            "revenue": 9077000,
            "revenue_4q": null,
            "common_shares": 29938000,
            "book_valuer_per_share": 2.57,
            "book_valuer_per_share_4q_avg": 2.19,
            "equity": 38650000,
            "current_ratio": 103.26,
            "debt_ratio": 45.25,
            "inventory_turnover_ratio": 5.26,
            "account_receivable_turnover_ratio": 1.39,
            "reinvestment_rate": 18.4,
            "research_to_sale_ratio": null,
            "price_fair": 58.11,
            "eps_avg_yearly": 2.1,
            "eps_latest_yearly": 1.96,
            "eps_growth_yearly": 17.64
        },
        "20113": {
            "year_quarter": 20113,
            "year": 2011,
            "quarter": 3,
            "eps": 0.78,
            "eps_growth_year": 16.87,
            "eps_4q": 2.4,
            "eps_4q_growth_year": 11.51,
            "roe": 4.29,
            "roe_4q": 13.03,
            "gross_profit": 2446000,
            "gross_margin": 22.91,
            "gross_margin_4q_avg": 18.36,
            "net_income": 1663000,
            "net_income_4q": null,
            "revenue": 10675000,
            "revenue_4q": null,
            "common_shares": 30159000,
            "book_valuer_per_share": 2.97,
            "book_valuer_per_share_4q_avg": 2.37,
            "equity": 38946000,
            "current_ratio": 106.87,
            "debt_ratio": 45.23,
            "inventory_turnover_ratio": 5.5,
            "account_receivable_turnover_ratio": 1.74,
            "reinvestment_rate": 17.3,
            "research_to_sale_ratio": null,
            "price_fair": 72.57,
            "eps_avg_yearly": 2.15,
            "eps_latest_yearly": 3.12,
            "eps_growth_yearly": 23.71
        },
        "20114": {
            "year_quarter": 20114,
            "year": 2011,
            "quarter": 4,
            "eps": 0.59,
            "eps_growth_year": 30.2,
            "eps_4q": 2.54,
            "eps_4q_growth_year": 22.45,
            "roe": 3.28,
            "roe_4q": 13.75,
            "gross_profit": 1867000,
            "gross_margin": 17.91,
            "gross_margin_4q_avg": 18.94,
            "net_income": 1251000,
            "net_income_4q": null,
            "revenue": 10425000,
            "revenue_4q": null,
            "common_shares": 30296000,
            "book_valuer_per_share": 2.13,
            "book_valuer_per_share_4q_avg": 2.43,
            "equity": 37385000,
            "current_ratio": 113.81,
            "debt_ratio": 48.17,
            "inventory_turnover_ratio": 5.46,
            "account_receivable_turnover_ratio": 1.68,
            "reinvestment_rate": 19.38,
            "research_to_sale_ratio": null,
            "price_fair": 73.71,
            "eps_avg_yearly": 2.19,
            "eps_latest_yearly": 2.36,
            "eps_growth_yearly": 23.66
        },
        "20121": {
            "year_quarter": 20121,
            "year": 2012,
            "quarter": 1,
            "eps": 0.8,
            "eps_growth_year": 17.94,
            "eps_4q": 2.66,
            "eps_4q_growth_year": 16.41,
            "roe": 4.08,
            "roe_4q": 14.29,
            "gross_profit": 2192000,
            "gross_margin": 20.34,
            "gross_margin_4q_avg": 19.5,
            "net_income": 1521000,
            "net_income_4q": null,
            "revenue": 10779000,
            "revenue_4q": null,
            "common_shares": 30525000,
            "book_valuer_per_share": 1.91,
            "book_valuer_per_share_4q_avg": 2.4,
            "equity": 37257000,
            "current_ratio": 111.36,
            "debt_ratio": 49.57,
            "inventory_turnover_ratio": 5.51,
            "account_receivable_turnover_ratio": 1.66,
            "reinvestment_rate": 19.06,
            "research_to_sale_ratio": null,
            "price_fair": 70.91,
            "eps_avg_yearly": 2.23,
            "eps_latest_yearly": 3.2,
            "eps_growth_yearly": 21.76
        },
        "20122": {
            "year_quarter": 20122,
            "year": 2012,
            "quarter": 2,
            "eps": 0.58,
            "eps_growth_year": 18.31,
            "eps_4q": 2.75,
            "eps_4q_growth_year": 20.12,
            "roe": 3.26,
            "roe_4q": 14.91,
            "gross_profit": 1687000,
            "gross_margin": 17.52,
            "gross_margin_4q_avg": 19.67,
            "net_income": 1226000,
            "net_income_4q": null,
            "revenue": 9629000,
            "revenue_4q": null,
            "common_shares": 30948000,
            "book_valuer_per_share": 1.76,
            "book_valuer_per_share_4q_avg": 2.19,
            "equity": 38049000,
            "current_ratio": 114.25,
            "debt_ratio": 49.43,
            "inventory_turnover_ratio": 5.25,
            "account_receivable_turnover_ratio": 1.47,
            "reinvestment_rate": 22.16,
            "research_to_sale_ratio": null,
            "price_fair": 59.99,
            "eps_avg_yearly": 2.23,
            "eps_latest_yearly": 2.32,
            "eps_growth_yearly": 16.87
        },
        "20123": {
            "year_quarter": 20123,
            "year": 2012,
            "quarter": 3,
            "eps": 1.01,
            "eps_growth_year": 29.26,
            "eps_4q": 2.98,
            "eps_4q_growth_year": 24,
            "roe": 5.22,
            "roe_4q": 15.84,
            "gross_profit": 2960000,
            "gross_margin": 26.7,
            "gross_margin_4q_avg": 20.62,
            "net_income": 2036000,
            "net_income_4q": null,
            "revenue": 11088000,
            "revenue_4q": null,
            "common_shares": 31427000,
            "book_valuer_per_share": 3.04,
            "book_valuer_per_share_4q_avg": 2.21,
            "equity": 40006000,
            "current_ratio": 132.72,
            "debt_ratio": 46.86,
            "inventory_turnover_ratio": 5.44,
            "account_receivable_turnover_ratio": 1.81,
            "reinvestment_rate": 17.41,
            "research_to_sale_ratio": null,
            "price_fair": 81.29,
            "eps_avg_yearly": 2.32,
            "eps_latest_yearly": 4.04,
            "eps_growth_yearly": 32.39
        },
        "20124": {
            "year_quarter": 20124,
            "year": 2012,
            "quarter": 4,
            "eps": 0.7,
            "eps_growth_year": 19.79,
            "eps_4q": 3.1,
            "eps_4q_growth_year": 21.93,
            "roe": 3.49,
            "roe_4q": 16.05,
            "gross_profit": 2024000,
            "gross_margin": 18.77,
            "gross_margin_4q_avg": 20.83,
            "net_income": 1390000,
            "net_income_4q": null,
            "revenue": 10782000,
            "revenue_4q": null,
            "common_shares": 31731000,
            "book_valuer_per_share": 2.83,
            "book_valuer_per_share_4q_avg": 2.39,
            "equity": 39759000,
            "current_ratio": 106.99,
            "debt_ratio": 46.92,
            "inventory_turnover_ratio": 5.8,
            "account_receivable_turnover_ratio": 1.73,
            "reinvestment_rate": 25.09,
            "research_to_sale_ratio": null,
            "price_fair": 83.91,
            "eps_avg_yearly": 2.4,
            "eps_latest_yearly": 2.8,
            "eps_growth_yearly": 34.33
        },
        "20131": {
            "year_quarter": 20131,
            "year": 2013,
            "quarter": 1,
            "eps": 0.89,
            "eps_growth_year": 11.1,
            "eps_4q": 3.19,
            "eps_4q_growth_year": 19.68,
            "roe": 3.56,
            "roe_4q": 15.53,
            "gross_profit": 2092000,
            "gross_margin": 18.45,
            "gross_margin_4q_avg": 20.36,
            "net_income": 1438000,
            "net_income_4q": null,
            "revenue": 11341000,
            "revenue_4q": null,
            "common_shares": 32662000,
            "book_valuer_per_share": 0.69,
            "book_valuer_per_share_4q_avg": 2.08,
            "equity": 41016000,
            "current_ratio": 98.79,
            "debt_ratio": 49.14,
            "inventory_turnover_ratio": 6.21,
            "account_receivable_turnover_ratio": 1.64,
            "reinvestment_rate": 25.57,
            "research_to_sale_ratio": null,
            "price_fair": 88.11,
            "eps_avg_yearly": 2.52,
            "eps_latest_yearly": 3.56,
            "eps_growth_yearly": 40.49
        },
        "20132": {
            "year_quarter": 20132,
            "year": 2013,
            "quarter": 2,
            "eps": 0.85,
            "eps_growth_year": 48.01,
            "eps_4q": 3.46,
            "eps_4q_growth_year": 25.86,
            "roe": 3.9,
            "roe_4q": 16.169999999999998,
            "gross_profit": 2195000,
            "gross_margin": 20.8,
            "gross_margin_4q_avg": 21.18,
            "net_income": 1621000,
            "net_income_4q": null,
            "revenue": 10554000,
            "revenue_4q": null,
            "common_shares": 32929000,
            "book_valuer_per_share": 1.26,
            "book_valuer_per_share_4q_avg": 1.96,
            "equity": 42089000,
            "current_ratio": 111.52,
            "debt_ratio": 48.27,
            "inventory_turnover_ratio": 5.88,
            "account_receivable_turnover_ratio": 1.46,
            "reinvestment_rate": 23.26,
            "research_to_sale_ratio": null,
            "price_fair": 91.79,
            "eps_avg_yearly": 2.62,
            "eps_latest_yearly": 3.4,
            "eps_growth_yearly": 38.15
        },
        "20133": {
            "year_quarter": 20133,
            "year": 2013,
            "quarter": 3,
            "eps": 1.04,
            "eps_growth_year": 2.26,
            "eps_4q": 3.49,
            "eps_4q_growth_year": 16.94,
            "roe": 4.75,
            "roe_4q": 15.700000000000001,
            "gross_profit": 3004000,
            "gross_margin": 25.95,
            "gross_margin_4q_avg": 20.99,
            "net_income": 2034000,
            "net_income_4q": null,
            "revenue": 11578000,
            "revenue_4q": null,
            "common_shares": 33245000,
            "book_valuer_per_share": 2.21,
            "book_valuer_per_share_4q_avg": 1.75,
            "equity": 43536000,
            "current_ratio": 125.25,
            "debt_ratio": 45.96,
            "inventory_turnover_ratio": 5.98,
            "account_receivable_turnover_ratio": 1.69,
            "reinvestment_rate": 18.57,
            "research_to_sale_ratio": null,
            "price_fair": 96.34,
            "eps_avg_yearly": 2.75,
            "eps_latest_yearly": 4.16,
            "eps_growth_yearly": 38.5
        },
        "20134": {
            "year_quarter": 20134,
            "year": 2013,
            "quarter": 4,
            "eps": 0.81,
            "eps_growth_year": 15.04,
            "eps_4q": 3.59,
            "eps_4q_growth_year": 15.97,
            "roe": 3.47,
            "roe_4q": 15.680000000000001,
            "gross_profit": 2159000,
            "gross_margin": 18.66,
            "gross_margin_4q_avg": 20.97,
            "net_income": 1543000,
            "net_income_4q": null,
            "revenue": 11568000,
            "revenue_4q": null,
            "common_shares": 33440000,
            "book_valuer_per_share": 3.31,
            "book_valuer_per_share_4q_avg": 1.87,
            "equity": 45429000,
            "current_ratio": 120.55,
            "debt_ratio": 44.08,
            "inventory_turnover_ratio": 6.37,
            "account_receivable_turnover_ratio": 1.71,
            "reinvestment_rate": 21.58,
            "research_to_sale_ratio": null,
            "price_fair": 98.79,
            "eps_avg_yearly": 2.82,
            "eps_latest_yearly": 3.24,
            "eps_growth_yearly": 32.49
        },
        "20141": {
            "year_quarter": 20141,
            "year": 2014,
            "quarter": 1,
            "eps": 1.04,
            "eps_growth_year": 16.11,
            "eps_4q": 3.74,
            "eps_4q_growth_year": 17.24,
            "roe": 4.24,
            "roe_4q": 16.36,
            "gross_profit": 5244000,
            "gross_margin": 42.6,
            "gross_margin_4q_avg": 27,
            "net_income": 1904000,
            "net_income_4q": null,
            "revenue": 12309000,
            "revenue_4q": null,
            "common_shares": 33679000,
            "book_valuer_per_share": 2.76,
            "book_valuer_per_share_4q_avg": 2.39,
            "equity": 44324000,
            "current_ratio": 100.43,
            "debt_ratio": 46.7,
            "inventory_turnover_ratio": 4.93,
            "account_receivable_turnover_ratio": 1.64,
            "reinvestment_rate": 21.39,
            "research_to_sale_ratio": null,
            "price_fair": 103.78,
            "eps_avg_yearly": 2.97,
            "eps_latest_yearly": 4.16,
            "eps_growth_yearly": 42.42
        },
        "20142": {
            "year_quarter": 20142,
            "year": 2014,
            "quarter": 2,
            "eps": 1.07,
            "eps_growth_year": 25.75,
            "eps_4q": 3.95,
            "eps_4q_growth_year": 14.21,
            "roe": 4.61,
            "roe_4q": 17.07,
            "gross_profit": 5677000,
            "gross_margin": 48.73,
            "gross_margin_4q_avg": 33.99,
            "net_income": 2056000,
            "net_income_4q": null,
            "revenue": 11649000,
            "revenue_4q": null,
            "common_shares": 33942000,
            "book_valuer_per_share": 3.06,
            "book_valuer_per_share_4q_avg": 2.84,
            "equity": 44889000,
            "current_ratio": 99.23,
            "debt_ratio": 45.64,
            "inventory_turnover_ratio": 4.39,
            "account_receivable_turnover_ratio": 1.49,
            "reinvestment_rate": 21.51,
            "research_to_sale_ratio": null,
            "price_fair": 108.94,
            "eps_avg_yearly": 3.11,
            "eps_latest_yearly": 4.28,
            "eps_growth_yearly": 42.61
        },
        "20143": {
            "year_quarter": 20143,
            "year": 2014,
            "quarter": 3,
            "eps": 1.28,
            "eps_growth_year": 23.98,
            "eps_4q": 4.2,
            "eps_4q_growth_year": 20.59,
            "roe": 5.35,
            "roe_4q": 17.67,
            "gross_profit": 6102000,
            "gross_margin": 48.95,
            "gross_margin_4q_avg": 39.74,
            "net_income": 2419000,
            "net_income_4q": null,
            "revenue": 12466000,
            "revenue_4q": null,
            "common_shares": 34123000,
            "book_valuer_per_share": 3.12,
            "book_valuer_per_share_4q_avg": 3.06,
            "equity": 45520000,
            "current_ratio": 113.89,
            "debt_ratio": 45.63,
            "inventory_turnover_ratio": 4.6,
            "account_receivable_turnover_ratio": 1.65,
            "reinvestment_rate": 20.29,
            "research_to_sale_ratio": null,
            "price_fair": 114.28,
            "eps_avg_yearly": 3.27,
            "eps_latest_yearly": 5.12,
            "eps_growth_yearly": 37.62
        },
        "20144": {
            "year_quarter": 20144,
            "year": 2014,
            "quarter": 4,
            "eps": 0.89,
            "eps_growth_year": 10.36,
            "eps_4q": 4.29,
            "eps_4q_growth_year": 19.37,
            "roe": 3.59,
            "roe_4q": 17.79,
            "gross_profit": 2396000,
            "gross_margin": 19.34,
            "gross_margin_4q_avg": 39.91,
            "net_income": 1625000,
            "net_income_4q": null,
            "revenue": 12389000,
            "revenue_4q": null,
            "common_shares": 34301000,
            "book_valuer_per_share": 2.54,
            "book_valuer_per_share_4q_avg": 2.87,
            "equity": 44958000,
            "current_ratio": 114.17,
            "debt_ratio": 46.6,
            "inventory_turnover_ratio": 6.66,
            "account_receivable_turnover_ratio": 1.61,
            "reinvestment_rate": 18.17,
            "research_to_sale_ratio": null,
            "price_fair": 118.13,
            "eps_avg_yearly": 3.38,
            "eps_latest_yearly": 3.56,
            "eps_growth_yearly": 38.21
        },
        "20151": {
            "year_quarter": 20151,
            "year": 2015,
            "quarter": 1,
            "eps": 1.27,
            "eps_growth_year": 22.4,
            "eps_4q": 4.52,
            "eps_4q_growth_year": 20.99,
            "roe": 5.04,
            "roe_4q": 18.59,
            "gross_profit": 5735000,
            "gross_margin": 42.83,
            "gross_margin_4q_avg": 39.96,
            "net_income": 2244000,
            "net_income_4q": null,
            "revenue": 13391000,
            "revenue_4q": null,
            "common_shares": 34488000,
            "book_valuer_per_share": 1.93,
            "book_valuer_per_share_4q_avg": 2.66,
            "equity": 44165000,
            "current_ratio": 102.59,
            "debt_ratio": 49.26,
            "inventory_turnover_ratio": 5.02,
            "account_receivable_turnover_ratio": 1.63,
            "reinvestment_rate": 17.23,
            "research_to_sale_ratio": null,
            "price_fair": 123.29,
            "eps_avg_yearly": 3.52,
            "eps_latest_yearly": 5.08,
            "eps_growth_yearly": 36.11
        },
        "20152": {
            "year_quarter": 20152,
            "year": 2015,
            "quarter": 2,
            "eps": 1.23,
            "eps_growth_year": 14.61,
            "eps_4q": 4.68,
            "eps_4q_growth_year": 18.24,
            "roe": 4.94,
            "roe_4q": 18.92,
            "gross_profit": 5771000,
            "gross_margin": 46.31,
            "gross_margin_4q_avg": 39.36,
            "net_income": 2228000,
            "net_income_4q": null,
            "revenue": 12461000,
            "revenue_4q": null,
            "common_shares": 34720000,
            "book_valuer_per_share": 2.99,
            "book_valuer_per_share_4q_avg": 2.65,
            "equity": 46038000,
            "current_ratio": 116.67,
            "debt_ratio": 46.29,
            "inventory_turnover_ratio": 4.6,
            "account_receivable_turnover_ratio": 1.49,
            "reinvestment_rate": 15.65,
            "research_to_sale_ratio": null,
            "price_fair": 129.76,
            "eps_avg_yearly": 3.71,
            "eps_latest_yearly": 4.92,
            "eps_growth_yearly": 42.31
        },
        "20153": {
            "year_quarter": 20153,
            "year": 2015,
            "quarter": 3,
            "eps": 1.45,
            "eps_growth_year": 12.99,
            "eps_4q": 4.84,
            "eps_4q_growth_year": 15.22,
            "roe": 5.7,
            "roe_4q": 19.27,
            "gross_profit": 6438000,
            "gross_margin": 49.14,
            "gross_margin_4q_avg": 39.41,
            "net_income": 2639000,
            "net_income_4q": null,
            "revenue": 13101000,
            "revenue_4q": null,
            "common_shares": 34930000,
            "book_valuer_per_share": 3.54,
            "book_valuer_per_share_4q_avg": 2.75,
            "equity": 46519000,
            "current_ratio": 111.37,
            "debt_ratio": 46.75,
            "inventory_turnover_ratio": 4.52,
            "account_receivable_turnover_ratio": 1.62,
            "reinvestment_rate": 16.65,
            "research_to_sale_ratio": null,
            "price_fair": 135.63,
            "eps_avg_yearly": 3.88,
            "eps_latest_yearly": 5.8,
            "eps_growth_yearly": 31.98
        },
        "20154": {
            "year_quarter": 20154,
            "year": 2015,
            "quarter": 4,
            "eps": 0.97,
            "eps_growth_year": 8.41,
            "eps_4q": 4.92,
            "eps_4q_growth_year": 14.72,
            "roe": 3.82,
            "roe_4q": 19.5,
            "gross_profit": 6157000,
            "gross_margin": 45.57,
            "gross_margin_4q_avg": 45.96,
            "net_income": 1741000,
            "net_income_4q": null,
            "revenue": 13512000,
            "revenue_4q": null,
            "common_shares": 35122000,
            "book_valuer_per_share": 2.09,
            "book_valuer_per_share_4q_avg": 2.64,
            "equity": 44525000,
            "current_ratio": 102.6,
            "debt_ratio": 49.51,
            "inventory_turnover_ratio": 4.77,
            "account_receivable_turnover_ratio": 1.69,
            "reinvestment_rate": 17.28,
            "research_to_sale_ratio": null,
            "price_fair": 138.95,
            "eps_avg_yearly": 3.97,
            "eps_latest_yearly": 3.88,
            "eps_growth_yearly": 29.8
        },
        "20161": {
            "year_quarter": 20161,
            "year": 2016,
            "quarter": 1,
            "eps": 1.76,
            "eps_growth_year": 38.42,
            "eps_4q": 5.41,
            "eps_4q_growth_year": 19.62,
            "roe": 6.58,
            "roe_4q": 21.040000000000003,
            "gross_profit": 6621000,
            "gross_margin": 43.43,
            "gross_margin_4q_avg": 46.11,
            "net_income": 2910000,
            "net_income_4q": null,
            "revenue": 15244000,
            "revenue_4q": null,
            "common_shares": 35249000,
            "book_valuer_per_share": 1.59,
            "book_valuer_per_share_4q_avg": 2.55,
            "equity": 43958000,
            "current_ratio": 94.53,
            "debt_ratio": 51.22,
            "inventory_turnover_ratio": 5.74,
            "account_receivable_turnover_ratio": 1.66,
            "reinvestment_rate": 16.76,
            "research_to_sale_ratio": null,
            "price_fair": 147.35,
            "eps_avg_yearly": 4.21,
            "eps_latest_yearly": 7.04,
            "eps_growth_yearly": 41.26
        },
        "20162": {
            "year_quarter": 20162,
            "year": 2016,
            "quarter": 2,
            "eps": 1.3,
            "eps_growth_year": 6.12,
            "eps_4q": 5.48,
            "eps_4q_growth_year": 17.22,
            "roe": 5.17,
            "roe_4q": 21.27,
            "gross_profit": 6105000,
            "gross_margin": 47.07,
            "gross_margin_4q_avg": 46.3,
            "net_income": 2276000,
            "net_income_4q": null,
            "revenue": 12969000,
            "revenue_4q": null,
            "common_shares": 35448000,
            "book_valuer_per_share": 1.63,
            "book_valuer_per_share_4q_avg": 2.21,
            "equity": 44124000,
            "current_ratio": 99.57,
            "debt_ratio": 51.12,
            "inventory_turnover_ratio": 4.93,
            "account_receivable_turnover_ratio": 1.35,
            "reinvestment_rate": 18.79,
            "research_to_sale_ratio": null,
            "price_fair": 153.65,
            "eps_avg_yearly": 4.39,
            "eps_latest_yearly": 5.2,
            "eps_growth_yearly": 41.6
        },
        "20163": {
            "year_quarter": 20163,
            "year": 2016,
            "quarter": 3,
            "eps": 1.61,
            "eps_growth_year": 10.93,
            "eps_4q": 5.64,
            "eps_4q_growth_year": 16.46,
            "roe": 6.14,
            "roe_4q": 21.71,
            "gross_profit": 7076000,
            "gross_margin": 49.56,
            "gross_margin_4q_avg": 46.41,
            "net_income": 2712000,
            "net_income_4q": null,
            "revenue": 14277000,
            "revenue_4q": null,
            "common_shares": 35683000,
            "book_valuer_per_share": 1.94,
            "book_valuer_per_share_4q_avg": 1.81,
            "equity": 44193000,
            "current_ratio": 97.48,
            "debt_ratio": 51.39,
            "inventory_turnover_ratio": 5.32,
            "account_receivable_turnover_ratio": 1.6,
            "reinvestment_rate": 17.17,
            "research_to_sale_ratio": null,
            "price_fair": 158.9,
            "eps_avg_yearly": 4.54,
            "eps_latest_yearly": 6.44,
            "eps_growth_yearly": 29.03
        },
        "20164": {
            "year_quarter": 20164,
            "year": 2016,
            "quarter": 4,
            "eps": 1.11,
            "eps_growth_year": 14.74,
            "eps_4q": 5.78,
            "eps_4q_growth_year": 17.58,
            "roe": 4.33,
            "roe_4q": 22.22,
            "gross_profit": 5837000,
            "gross_margin": 44.41,
            "gross_margin_4q_avg": 46.12,
            "net_income": 1892000,
            "net_income_4q": null,
            "revenue": 13142000,
            "revenue_4q": null,
            "common_shares": 35859000,
            "book_valuer_per_share": 1.35,
            "book_valuer_per_share_4q_avg": 1.63,
            "equity": 43265000,
            "current_ratio": 100.74,
            "debt_ratio": 52.99,
            "inventory_turnover_ratio": 5.32,
            "account_receivable_turnover_ratio": 1.46,
            "reinvestment_rate": 20.87,
            "research_to_sale_ratio": null,
            "price_fair": 162.49,
            "eps_avg_yearly": 4.64,
            "eps_latest_yearly": 4.44,
            "eps_growth_yearly": 28.94
        },
        "20171": {
            "year_quarter": 20171,
            "year": 2017,
            "quarter": 1,
            "eps": 1.55,
            "eps_growth_year": -12.08,
            "eps_4q": 5.57,
            "eps_4q_growth_year": 3.03,
            "roe": 5.75,
            "roe_4q": 21.39,
            "gross_profit": 6378000,
            "gross_margin": 43.14,
            "gross_margin_4q_avg": 46.05,
            "net_income": 2488000,
            "net_income_4q": null,
            "revenue": 14784000,
            "revenue_4q": null,
            "common_shares": 35906000,
            "book_valuer_per_share": 1.22,
            "book_valuer_per_share_4q_avg": 1.54,
            "equity": 43210000,
            "current_ratio": 86.27,
            "debt_ratio": 52.82,
            "inventory_turnover_ratio": 6.25,
            "account_receivable_turnover_ratio": 1.56,
            "reinvestment_rate": 19.63,
            "research_to_sale_ratio": null,
            "price_fair": 168.26,
            "eps_avg_yearly": 4.81,
            "eps_latest_yearly": 6.2,
            "eps_growth_yearly": 32.06
        },
        "20172": {
            "year_quarter": 20172,
            "year": 2017,
            "quarter": 2,
            "eps": 1.5,
            "eps_growth_year": 15.07,
            "eps_4q": 5.77,
            "eps_4q_growth_year": 5.2,
            "roe": 5.84,
            "roe_4q": 22.06,
            "gross_profit": 6367000,
            "gross_margin": 47.74,
            "gross_margin_4q_avg": 46.21,
            "net_income": 2539000,
            "net_income_4q": null,
            "revenue": 13336000,
            "revenue_4q": null,
            "common_shares": 36100000,
            "book_valuer_per_share": 1.33,
            "book_valuer_per_share_4q_avg": 1.46,
            "equity": 43784000,
            "current_ratio": 93.69,
            "debt_ratio": 52.31,
            "inventory_turnover_ratio": 5.35,
            "account_receivable_turnover_ratio": 1.39,
            "reinvestment_rate": 18.93,
            "research_to_sale_ratio": null,
            "price_fair": 173.95,
            "eps_avg_yearly": 4.97,
            "eps_latest_yearly": 6,
            "eps_growth_yearly": 32.38
        },
        "20173": {
            "year_quarter": 20173,
            "year": 2017,
            "quarter": 3,
            "eps": 1.51,
            "eps_growth_year": -6.5,
            "eps_4q": 5.66,
            "eps_4q_growth_year": 0.39,
            "roe": 5.73,
            "roe_4q": 21.65,
            "gross_profit": 6521000,
            "gross_margin": 45.8,
            "gross_margin_4q_avg": 45.27,
            "net_income": 2474000,
            "net_income_4q": null,
            "revenue": 14238000,
            "revenue_4q": null,
            "common_shares": 36119000,
            "book_valuer_per_share": 0.69,
            "book_valuer_per_share_4q_avg": 1.15,
            "equity": 42531000,
            "current_ratio": 100.33,
            "debt_ratio": 54.15,
            "inventory_turnover_ratio": 5.93,
            "account_receivable_turnover_ratio": 1.5,
            "reinvestment_rate": 17.73,
            "research_to_sale_ratio": null,
            "price_fair": 178.06,
            "eps_avg_yearly": 5.09,
            "eps_latest_yearly": 6.04,
            "eps_growth_yearly": 26.96
        },
        "20174": {
            "year_quarter": 20174,
            "year": 2017,
            "quarter": 4,
            "eps": 1.17,
            "eps_growth_year": 5.7,
            "eps_4q": 5.72,
            "eps_4q_growth_year": -0.99,
            "roe": 4.45,
            "roe_4q": 21.77,
            "gross_profit": 5565000,
            "gross_margin": 43.55,
            "gross_margin_4q_avg": 45.06,
            "net_income": 1865000,
            "net_income_4q": null,
            "revenue": 12779000,
            "revenue_4q": null,
            "common_shares": 36248000,
            "book_valuer_per_share": -3.06,
            "book_valuer_per_share_4q_avg": 0.05,
            "equity": 41315000,
            "current_ratio": 81.09,
            "debt_ratio": 56.87,
            "inventory_turnover_ratio": 5.4,
            "account_receivable_turnover_ratio": 1.4,
            "reinvestment_rate": 16.57,
            "research_to_sale_ratio": null,
            "price_fair": 181.21,
            "eps_avg_yearly": 5.18,
            "eps_latest_yearly": 4.68,
            "eps_growth_yearly": 26.86
        },
        "20181": {
            "year_quarter": 20181,
            "year": 2018,
            "quarter": 1,
            "eps": 1.84,
            "eps_growth_year": 18.78,
            "eps_4q": 6.02,
            "eps_4q_growth_year": 8,
            "roe": 6.79,
            "roe_4q": 22.81,
            "gross_profit": 6614000,
            "gross_margin": 43.09,
            "gross_margin_4q_avg": 45.05,
            "net_income": 2873000,
            "net_income_4q": null,
            "revenue": 15351000,
            "revenue_4q": null,
            "common_shares": 36254000,
            "book_valuer_per_share": -2.01,
            "book_valuer_per_share_4q_avg": -0.76,
            "equity": 43289000,
            "current_ratio": 86.91,
            "debt_ratio": 55.71,
            "inventory_turnover_ratio": 6.52,
            "account_receivable_turnover_ratio": 1.66,
            "reinvestment_rate": 16.42,
            "research_to_sale_ratio": null,
            "price_fair": 188.21,
            "eps_avg_yearly": 5.38,
            "eps_latest_yearly": 7.36,
            "eps_growth_yearly": 34.07
        },
        "20182": {
            "year_quarter": 20182,
            "year": 2018,
            "quarter": 2,
            "eps": 1.86,
            "eps_growth_year": 24.23,
            "eps_4q": 6.38,
            "eps_4q_growth_year": 10.62,
            "roe": 6.82,
            "roe_4q": 23.79,
            "gross_profit": 7015000,
            "gross_margin": 48.22,
            "gross_margin_4q_avg": 45.17,
            "net_income": 3015000,
            "net_income_4q": null,
            "revenue": 14548000,
            "revenue_4q": null,
            "common_shares": 36411000,
            "book_valuer_per_share": -0.82,
            "book_valuer_per_share_4q_avg": -1.3,
            "equity": 45151000,
            "current_ratio": 85.2,
            "debt_ratio": 53.9,
            "inventory_turnover_ratio": 5.78,
            "account_receivable_turnover_ratio": 1.49,
            "reinvestment_rate": 16.31,
            "research_to_sale_ratio": null,
            "price_fair": 195.13,
            "eps_avg_yearly": 5.58,
            "eps_latest_yearly": 7.44,
            "eps_growth_yearly": 33.63
        },
        "20183": {
            "year_quarter": 20183,
            "year": 2018,
            "quarter": 3,
            "eps": 1.88,
            "eps_growth_year": 24.9,
            "eps_4q": 6.75,
            "eps_4q_growth_year": 19.29,
            "roe": 6.49,
            "roe_4q": 24.55,
            "gross_profit": 6880000,
            "gross_margin": 45.18,
            "gross_margin_4q_avg": 45.01,
            "net_income": 2959000,
            "net_income_4q": null,
            "revenue": 15228000,
            "revenue_4q": null,
            "common_shares": 36574000,
            "book_valuer_per_share": 0.14,
            "book_valuer_per_share_4q_avg": -1.44,
            "equity": 46088000,
            "current_ratio": 87.71,
            "debt_ratio": 53.35,
            "inventory_turnover_ratio": 6.37,
            "account_receivable_turnover_ratio": 1.54,
            "reinvestment_rate": 16.06,
            "research_to_sale_ratio": null,
            "price_fair": 200.38,
            "eps_avg_yearly": 5.73,
            "eps_latest_yearly": 7.52,
            "eps_growth_yearly": 28.99
        },
        "20184": {
            "year_quarter": 20184,
            "year": 2018,
            "quarter": 4,
            "eps": 1.35,
            "eps_growth_year": 15.42,
            "eps_4q": 6.93,
            "eps_4q_growth_year": 21.13,
            "roe": 5.31,
            "roe_4q": 25.41,
            "gross_profit": 6199000,
            "gross_margin": 43.33,
            "gross_margin_4q_avg": 44.96,
            "net_income": 2519000,
            "net_income_4q": null,
            "revenue": 14307000,
            "revenue_4q": null,
            "common_shares": 36779000,
            "book_valuer_per_share": 1.87,
            "book_valuer_per_share_4q_avg": -0.21,
            "equity": 48773000,
            "current_ratio": 94.2,
            "debt_ratio": 50.53,
            "inventory_turnover_ratio": 5.97,
            "account_receivable_turnover_ratio": 1.47,
            "reinvestment_rate": 14.73,
            "research_to_sale_ratio": null,
            "price_fair": 204.4,
            "eps_avg_yearly": 5.84,
            "eps_latest_yearly": 5.4,
            "eps_growth_yearly": 29.56
        },
        "20191": {
            "year_quarter": 20191,
            "year": 2019,
            "quarter": 1,
            "eps": 1.84,
            "eps_growth_year": 0.09,
            "eps_4q": 6.94,
            "eps_4q_growth_year": 15.31,
            "roe": 5.55,
            "roe_4q": 24.17,
            "gross_profit": 6302000,
            "gross_margin": 41.18,
            "gross_margin_4q_avg": 44.48,
            "net_income": 2752000,
            "net_income_4q": null,
            "revenue": 15303000,
            "revenue_4q": null,
            "common_shares": 36799000,
            "book_valuer_per_share": 2.74,
            "book_valuer_per_share_4q_avg": 0.98,
            "equity": 50316000,
            "current_ratio": 99.53,
            "debt_ratio": 49.65,
            "inventory_turnover_ratio": 6.55,
            "account_receivable_turnover_ratio": 1.57,
            "reinvestment_rate": 15.23,
            "research_to_sale_ratio": null,
            "price_fair": 209.39,
            "eps_avg_yearly": 5.98,
            "eps_latest_yearly": 7.36,
            "eps_growth_yearly": 27.96
        },
        "20192": {
            "year_quarter": 20192,
            "year": 2019,
            "quarter": 2,
            "eps": 1.55,
            "eps_growth_year": -16.9,
            "eps_4q": 6.62,
            "eps_4q_growth_year": 3.79,
            "roe": 7.97,
            "roe_4q": 25.32,
            "gross_profit": 6546000,
            "gross_margin": 43.87,
            "gross_margin_4q_avg": 43.39,
            "net_income": 5590000,
            "net_income_4q": null,
            "revenue": 14922000,
            "revenue_4q": null,
            "common_shares": 53419000,
            "book_valuer_per_share": -20.47,
            "book_valuer_per_share_4q_avg": -3.93,
            "equity": 89938000,
            "current_ratio": 77.24,
            "debt_ratio": 58.04,
            "inventory_turnover_ratio": 5.98,
            "account_receivable_turnover_ratio": 1.21,
            "reinvestment_rate": 17.31,
            "research_to_sale_ratio": null,
            "price_fair": 211,
            "eps_avg_yearly": 6.06,
            "eps_latest_yearly": 6.2,
            "eps_growth_yearly": 24.8
        },
        "20193": {
            "year_quarter": 20193,
            "year": 2019,
            "quarter": 3,
            "eps": 1.02,
            "eps_growth_year": -45.71,
            "eps_4q": 5.76,
            "eps_4q_growth_year": -14.69,
            "roe": 1.8,
            "roe_4q": 20.63,
            "gross_profit": 7426000,
            "gross_margin": 36.68,
            "gross_margin_4q_avg": 41.27,
            "net_income": 1623000,
            "net_income_4q": null,
            "revenue": 20245000,
            "revenue_4q": null,
            "common_shares": 53718000,
            "book_valuer_per_share": -19.65,
            "book_valuer_per_share_4q_avg": -8.88,
            "equity": 90472000,
            "current_ratio": 70.35,
            "debt_ratio": 56.81,
            "inventory_turnover_ratio": 8.66,
            "account_receivable_turnover_ratio": 1.34,
            "reinvestment_rate": 16.73,
            "research_to_sale_ratio": null,
            "price_fair": 129.72,
            "eps_avg_yearly": 5.96,
            "eps_latest_yearly": 4.08,
            "eps_growth_yearly": 11.78
        },
        "20194": {
            "year_quarter": 20194,
            "year": 2019,
            "quarter": 4,
            "eps": 0.74,
            "eps_growth_year": -45.16,
            "eps_4q": 5.15,
            "eps_4q_growth_year": -25.73,
            "roe": 1,
            "roe_4q": 16.32,
            "gross_profit": 7272000,
            "gross_margin": 38,
            "gross_margin_4q_avg": 39.93,
            "net_income": 898000,
            "net_income_4q": null,
            "revenue": 19137000,
            "revenue_4q": null,
            "common_shares": 53907000,
            "book_valuer_per_share": -21.02,
            "book_valuer_per_share_4q_avg": -14.6,
            "equity": 88877000,
            "current_ratio": 89.74,
            "debt_ratio": 54.18,
            "inventory_turnover_ratio": 7.5,
            "account_receivable_turnover_ratio": 1.23,
            "reinvestment_rate": 13.85,
            "research_to_sale_ratio": null,
            "price_fair": 136.8,
            "eps_avg_yearly": 5.9,
            "eps_latest_yearly": 2.96,
            "eps_growth_yearly": 13.2
        },
        "20201": {
            "year_quarter": 20201,
            "year": 2020,
            "quarter": 1,
            "eps": 1.24,
            "eps_growth_year": -32.59,
            "eps_4q": 4.55,
            "eps_4q_growth_year": -34.38,
            "roe": 2.43,
            "roe_4q": 13.2,
            "gross_profit": 7843000,
            "gross_margin": 37.57,
            "gross_margin_4q_avg": 39.03,
            "net_income": 2168000,
            "net_income_4q": null,
            "revenue": 20877000,
            "revenue_4q": null,
            "common_shares": 53995000,
            "book_valuer_per_share": -22.33,
            "book_valuer_per_share_4q_avg": -20.87,
            "equity": 89757000,
            "current_ratio": 79.82,
            "debt_ratio": 55.33,
            "inventory_turnover_ratio": 8.1,
            "account_receivable_turnover_ratio": 1.28,
            "reinvestment_rate": 21.4,
            "research_to_sale_ratio": null,
            "price_fair": 113.78,
            "eps_avg_yearly": 5.77,
            "eps_latest_yearly": 4.96,
            "eps_growth_yearly": 9.73
        },
        "20202": {
            "year_quarter": 20202,
            "year": 2020,
            "quarter": 2,
            "eps": 0.3,
            "eps_growth_year": -80.78,
            "eps_4q": 3.3,
            "eps_4q_growth_year": -50.16,
            "roe": 0.59,
            "roe_4q": 5.819999999999999,
            "gross_profit": 6088000,
            "gross_margin": 33.78,
            "gross_margin_4q_avg": 36.51,
            "net_income": 528000,
            "net_income_4q": null,
            "revenue": 18025000,
            "revenue_4q": null,
            "common_shares": 54230000,
            "book_valuer_per_share": -21.73,
            "book_valuer_per_share_4q_avg": -21.18,
            "equity": 90407000,
            "current_ratio": 93.8,
            "debt_ratio": 56.18,
            "inventory_turnover_ratio": 7.7,
            "account_receivable_turnover_ratio": 1.14,
            "reinvestment_rate": 23.93,
            "research_to_sale_ratio": null,
            "price_fair": 16.55,
            "eps_avg_yearly": 5.52,
            "eps_latest_yearly": 1.2,
            "eps_growth_yearly": -2.69
        },
        "20203": {
            "year_quarter": 20203,
            "year": 2020,
            "quarter": 3,
            "eps": -0.79,
            "eps_growth_year": -177.86,
            "eps_4q": 1.48,
            "eps_4q_growth_year": -74.23,
            "roe": -5.12,
            "roe_4q": -1.1,
            "gross_profit": 3883000,
            "gross_margin": 32.97,
            "gross_margin_4q_avg": 35.58,
            "net_income": -4509000,
            "net_income_4q": null,
            "revenue": 11779000,
            "revenue_4q": null,
            "common_shares": 54386000,
            "book_valuer_per_share": -20.5,
            "book_valuer_per_share_4q_avg": -21.4,
            "equity": 85866000,
            "current_ratio": 133.68,
            "debt_ratio": 58.65,
            "inventory_turnover_ratio": 5.11,
            "account_receivable_turnover_ratio": 0.87,
            "reinvestment_rate": 24.29,
            "research_to_sale_ratio": null,
            "price_fair": 16.37,
            "eps_avg_yearly": 5.46,
            "eps_latest_yearly": 1.2,
            "eps_growth_yearly": -9.23
        },
        "20204": {
            "year_quarter": 20204,
            "year": 2020,
            "quarter": 4,
            "eps": -0.25,
            "eps_growth_year": -133.82,
            "eps_4q": 0.49,
            "eps_4q_growth_year": -90.46,
            "roe": -0.74,
            "roe_4q": -2.8400000000000003,
            "gross_profit": 3694000,
            "gross_margin": 25.12,
            "gross_margin_4q_avg": 32.36,
            "net_income": -629000,
            "net_income_4q": null,
            "revenue": 14707000,
            "revenue_4q": null,
            "common_shares": 54497000,
            "book_valuer_per_share": -21.51,
            "book_valuer_per_share_4q_avg": -21.52,
            "equity": 83583000,
            "current_ratio": 132.38,
            "debt_ratio": 58.53,
            "inventory_turnover_ratio": 7.01,
            "account_receivable_turnover_ratio": 1.16,
            "reinvestment_rate": 28.24,
            "research_to_sale_ratio": null,
            "price_fair": 16.59,
            "eps_avg_yearly": 5.53,
            "eps_latest_yearly": 1.2,
            "eps_growth_yearly": -1.01
        },
        "20211": {
            "year_quarter": 20211,
            "year": 2021,
            "quarter": 1,
            "eps": 0.09,
            "eps_growth_year": -92.48,
            "eps_4q": -0.65,
            "eps_4q_growth_year": -114.38,
            "roe": 0.04,
            "roe_4q": -5.23,
            "gross_profit": 4474000,
            "gross_margin": 27.53,
            "gross_margin_4q_avg": 29.85,
            "net_income": 30000,
            "net_income_4q": null,
            "revenue": 16249000,
            "revenue_4q": null,
            "common_shares": 54663000,
            "book_valuer_per_share": -21.5,
            "book_valuer_per_share_4q_avg": -21.31,
            "equity": 84071000,
            "current_ratio": 131.37,
            "debt_ratio": 58.36,
            "inventory_turnover_ratio": 7.69,
            "account_receivable_turnover_ratio": 1.21,
            "reinvestment_rate": 16.6,
            "research_to_sale_ratio": null,
            "price_fair": 16.43,
            "eps_avg_yearly": 5.48,
            "eps_latest_yearly": 1.2,
            "eps_growth_yearly": -13.29
        },
        "20212": {
            "year_quarter": 20212,
            "year": 2021,
            "quarter": 2,
            "eps": 0.74,
            "eps_growth_year": 148.2,
            "eps_4q": -0.21,
            "eps_4q_growth_year": -106.46,
            "roe": 1.32,
            "roe_4q": -4.5,
            "gross_profit": 5831000,
            "gross_margin": 37.35,
            "gross_margin_4q_avg": 30.74,
            "net_income": 1122000,
            "net_income_4q": null,
            "revenue": 15613000,
            "revenue_4q": null,
            "common_shares": 55000000,
            "book_valuer_per_share": -20.94,
            "book_valuer_per_share_4q_avg": -21.11,
            "equity": 85540000,
            "current_ratio": 123.4,
            "debt_ratio": 57.28,
            "inventory_turnover_ratio": 6.78,
            "account_receivable_turnover_ratio": 1.17,
            "reinvestment_rate": 16.91,
            "research_to_sale_ratio": null,
            "price_fair": 183.51,
            "eps_avg_yearly": 5.24,
            "eps_latest_yearly": 2.96,
            "eps_growth_yearly": 209.93
        },
        "20213": {
            "year_quarter": 20213,
            "year": 2021,
            "quarter": 3,
            "eps": 0.47,
            "eps_growth_year": null,
            "eps_4q": 1.05,
            "eps_4q_growth_year": -29.11,
            "roe": 1.31,
            "roe_4q": 1.93,
            "gross_profit": 5789000,
            "gross_margin": 34.01,
            "gross_margin_4q_avg": 31,
            "net_income": 1128000,
            "net_income_4q": null,
            "revenue": 17022000,
            "revenue_4q": null,
            "common_shares": 55174000,
            "book_valuer_per_share": -20.54,
            "book_valuer_per_share_4q_avg": -21.12,
            "equity": 86741000,
            "current_ratio": 123.9,
            "debt_ratio": 57.11,
            "inventory_turnover_ratio": 8.17,
            "account_receivable_turnover_ratio": 1.32,
            "reinvestment_rate": 18.66,
            "research_to_sale_ratio": null,
            "price_fair": 172.31,
            "eps_avg_yearly": 4.92,
            "eps_latest_yearly": 1.88,
            "eps_growth_yearly": 198.49
        },
        "20214": {
            "year_quarter": 20214,
            "year": 2021,
            "quarter": 4,
            "eps": 0.46,
            "eps_growth_year": null,
            "eps_4q": 1.76,
            "eps_4q_growth_year": 258.18,
            "roe": 0.29,
            "roe_4q": 2.96,
            "gross_profit": 6193000,
            "gross_margin": 33.41,
            "gross_margin_4q_avg": 33.08,
            "net_income": 256000,
            "net_income_4q": null,
            "revenue": 18534000,
            "revenue_4q": null,
            "common_shares": 55471000,
            "book_valuer_per_share": -20.32,
            "book_valuer_per_share_4q_avg": -20.83,
            "equity": 88553000,
            "current_ratio": 108.3,
            "debt_ratio": 56.51,
            "inventory_turnover_ratio": 9.23,
            "account_receivable_turnover_ratio": 1.39,
            "reinvestment_rate": 19.74,
            "research_to_sale_ratio": null,
            "price_fair": 164.66,
            "eps_avg_yearly": 4.7,
            "eps_latest_yearly": 1.84,
            "eps_growth_yearly": 204.77
        },
        "20221": {
            "year_quarter": 20221,
            "year": 2022,
            "quarter": 1,
            "eps": 0.71,
            "eps_growth_year": 657.36,
            "eps_4q": 2.37,
            "eps_4q_growth_year": null,
            "roe": 1.35,
            "roe_4q": 4.2700000000000005,
            "gross_profit": 7252000,
            "gross_margin": 33.24,
            "gross_margin_4q_avg": 34.5,
            "net_income": 1200000,
            "net_income_4q": null,
            "revenue": 21819000,
            "revenue_4q": null,
            "common_shares": 55500000,
            "book_valuer_per_share": -19.89,
            "book_valuer_per_share_4q_avg": -20.42,
            "equity": 89864000,
            "current_ratio": 109.57,
            "debt_ratio": 55.8,
            "inventory_turnover_ratio": 10.89,
            "account_receivable_turnover_ratio": 1.54,
            "reinvestment_rate": 17.26,
            "research_to_sale_ratio": null,
            "price_fair": 152.49,
            "eps_avg_yearly": 4.36,
            "eps_latest_yearly": 2.84,
            "eps_growth_yearly": 203.87
        },
        "20222": {
            "year_quarter": 20222,
            "year": 2022,
            "quarter": 2,
            "eps": 0.44,
            "eps_growth_year": -40.57,
            "eps_4q": 2.07,
            "eps_4q_growth_year": null,
            "roe": 0.66,
            "roe_4q": 3.6100000000000003,
            "gross_profit": 6655000,
            "gross_margin": 34.57,
            "gross_margin_4q_avg": 33.81,
            "net_income": 597000,
            "net_income_4q": null,
            "revenue": 19249000,
            "revenue_4q": null,
            "common_shares": 55823000,
            "book_valuer_per_share": -19.99,
            "book_valuer_per_share_4q_avg": -20.19,
            "equity": 90636000,
            "current_ratio": 106.17,
            "debt_ratio": 55.23,
            "inventory_turnover_ratio": 9.08,
            "account_receivable_turnover_ratio": 1.34,
            "reinvestment_rate": 18.71,
            "research_to_sale_ratio": null,
            "price_fair": 137.2,
            "eps_avg_yearly": 3.92,
            "eps_latest_yearly": 1.76,
            "eps_growth_yearly": 191.83
        },
        "20223": {
            "year_quarter": 20223,
            "year": 2022,
            "quarter": 3,
            "eps": 0.87,
            "eps_growth_year": 84.61,
            "eps_4q": 2.47,
            "eps_4q_growth_year": 134.89,
            "roe": 1.64,
            "roe_4q": 3.94,
            "gross_profit": 7822000,
            "gross_margin": 36.37,
            "gross_margin_4q_avg": 34.4,
            "net_income": 1502000,
            "net_income_4q": null,
            "revenue": 21504000,
            "revenue_4q": null,
            "common_shares": 56087000,
            "book_valuer_per_share": -19.57,
            "book_valuer_per_share_4q_avg": -19.94,
            "equity": 92500000,
            "current_ratio": 102.34,
            "debt_ratio": 54.67,
            "inventory_turnover_ratio": 9.07,
            "account_receivable_turnover_ratio": 1.57,
            "reinvestment_rate": 23.66,
            "research_to_sale_ratio": null,
            "price_fair": 126.32,
            "eps_avg_yearly": 3.61,
            "eps_latest_yearly": 3.48,
            "eps_growth_yearly": 221.57
        },
        "20224": {
            "year_quarter": 20224,
            "year": 2022,
            "quarter": 4,
            "eps": 0.41,
            "eps_growth_year": -10.56,
            "eps_4q": 2.42,
            "eps_4q_growth_year": 37.68,
            "roe": 0.27,
            "roe_4q": 3.92,
            "gross_profit": 6592000,
            "gross_margin": 32.71,
            "gross_margin_4q_avg": 34.22,
            "net_income": 254000,
            "net_income_4q": null,
            "revenue": 20150000,
            "revenue_4q": null,
            "common_shares": 56398000,
            "book_valuer_per_share": -18.81,
            "book_valuer_per_share_4q_avg": -19.57,
            "equity": 95008000,
            "current_ratio": 100.09,
            "debt_ratio": 53.34,
            "inventory_turnover_ratio": 8.14,
            "account_receivable_turnover_ratio": 1.53,
            "reinvestment_rate": 51.19,
            "research_to_sale_ratio": null,
            "price_fair": 116.2,
            "eps_avg_yearly": 3.32,
            "eps_latest_yearly": 1.64,
            "eps_growth_yearly": 213.98
        },
        "20231": {
            "year_quarter": 20231,
            "year": 2023,
            "quarter": 1,
            "eps": 0.74,
            "eps_growth_year": 5.09,
            "eps_4q": 2.46,
            "eps_4q_growth_year": 3.64,
            "roe": 1.42,
            "roe_4q": 3.99,
            "gross_profit": 7126000,
            "gross_margin": 30.31,
            "gross_margin_4q_avg": 33.49,
            "net_income": 1361000,
            "net_income_4q": null,
            "revenue": 23512000,
            "revenue_4q": null,
            "common_shares": 56579000,
            "book_valuer_per_share": -18.15,
            "book_valuer_per_share_4q_avg": -19.13,
            "equity": 96149000,
            "current_ratio": 99.42,
            "debt_ratio": 52.43,
            "inventory_turnover_ratio": 9.17,
            "account_receivable_turnover_ratio": 1.76,
            "reinvestment_rate": 15.21,
            "research_to_sale_ratio": null,
            "price_fair": 104.35,
            "eps_avg_yearly": 2.98,
            "eps_latest_yearly": 2.96,
            "eps_growth_yearly": 227.58
        },
        "20232": {
            "year_quarter": 20232,
            "year": 2023,
            "quarter": 2,
            "eps": 0.8,
            "eps_growth_year": 81.27,
            "eps_4q": 2.82,
            "eps_4q_growth_year": 35.84,
            "roe": 1.53,
            "roe_4q": 4.86,
            "gross_profit": 7199000,
            "gross_margin": 33,
            "gross_margin_4q_avg": 33.1,
            "net_income": 1488000,
            "net_income_4q": null,
            "revenue": 21815000,
            "revenue_4q": null,
            "common_shares": 56919000,
            "book_valuer_per_share": -17.32,
            "book_valuer_per_share_4q_avg": -18.46,
            "equity": 97859000,
            "current_ratio": 100.74,
            "debt_ratio": 52.23,
            "inventory_turnover_ratio": 7.95,
            "account_receivable_turnover_ratio": 1.63,
            "reinvestment_rate": 24.8,
            "research_to_sale_ratio": null,
            "price_fair": 96.28,
            "eps_avg_yearly": 2.75,
            "eps_latest_yearly": 3.2,
            "eps_growth_yearly": 234.92
        },
        "20233": {
            "year_quarter": 20233,
            "year": 2023,
            "quarter": 3,
            "eps": 1.53,
            "eps_growth_year": 76.49,
            "eps_4q": 3.48,
            "eps_4q_growth_year": 40.85,
            "roe": -0.16,
            "roe_4q": 3.06,
            "gross_profit": 7859000,
            "gross_margin": 35.19,
            "gross_margin_4q_avg": 32.8,
            "net_income": -153000,
            "net_income_4q": null,
            "revenue": 22330000,
            "revenue_4q": null,
            "common_shares": 57136000,
            "book_valuer_per_share": -15.92,
            "book_valuer_per_share_4q_avg": -17.55,
            "equity": 97610000,
            "current_ratio": 106.87,
            "debt_ratio": 52.1,
            "inventory_turnover_ratio": 7.72,
            "account_receivable_turnover_ratio": 1.73,
            "reinvestment_rate": 30.44,
            "research_to_sale_ratio": null,
            "price_fair": 101.77,
            "eps_avg_yearly": 2.91,
            "eps_latest_yearly": 6.12,
            "eps_growth_yearly": 273.52
        },
        "20234": {
            "year_quarter": 20234,
            "year": 2023,
            "quarter": 4,
            "eps": 0.98,
            "eps_growth_year": 139.37,
            "eps_4q": 4.05,
            "eps_4q_growth_year": 67.16,
            "roe": 0.7,
            "roe_4q": 3.4899999999999998,
            "gross_profit": 7513000,
            "gross_margin": 35.37,
            "gross_margin_4q_avg": 33.47,
            "net_income": 694000,
            "net_income_4q": null,
            "revenue": 21241000,
            "revenue_4q": null,
            "common_shares": 57383000,
            "book_valuer_per_share": -13.72,
            "book_valuer_per_share_4q_avg": -16.28,
            "equity": 99277000,
            "current_ratio": 105.22,
            "debt_ratio": 51.71,
            "inventory_turnover_ratio": 7.11,
            "account_receivable_turnover_ratio": 1.67,
            "reinvestment_rate": 39.72,
            "research_to_sale_ratio": null,
            "price_fair": 104.35,
            "eps_avg_yearly": 2.98,
            "eps_latest_yearly": 3.92,
            "eps_growth_yearly": 270.9
        },
        "20241": {
            "year_quarter": 20241,
            "year": 2024,
            "quarter": 1,
            "eps": 1.1,
            "eps_growth_year": 48.1,
            "eps_4q": 4.41,
            "eps_4q_growth_year": 79.23,
            "roe": 2.15,
            "roe_4q": 4.22,
            "gross_profit": 7962000,
            "gross_margin": 33.81,
            "gross_margin_4q_avg": 34.34,
            "net_income": 2151000,
            "net_income_4q": null,
            "revenue": 23549000,
            "revenue_4q": null,
            "common_shares": 57640000,
            "book_valuer_per_share": -11.54,
            "book_valuer_per_share_4q_avg": -14.63,
            "equity": 100721000,
            "current_ratio": 83.69,
            "debt_ratio": 49.07,
            "inventory_turnover_ratio": 7.96,
            "account_receivable_turnover_ratio": 1.78,
            "reinvestment_rate": -15.65,
            "research_to_sale_ratio": null,
            "price_fair": 102.85,
            "eps_avg_yearly": 2.94,
            "eps_latest_yearly": 4.4,
            "eps_growth_yearly": 253.88
        }
    },
    "months": {
        "2001-01": {
            "month": "2001-01",
            "price": "30.96",
            "revenue": 0
        },
        "2001-02": {
            "month": "2001-02",
            "price": "31.37",
            "revenue": 0
        },
        "2001-03": {
            "month": "2001-03",
            "price": "28.48",
            "revenue": 0
        },
        "2001-04": {
            "month": "2001-04",
            "price": "29.54",
            "revenue": 0
        },
        "2001-05": {
            "month": "2001-05",
            "price": "31.84",
            "revenue": 0
        },
        "2001-06": {
            "month": "2001-06",
            "price": "30.13",
            "revenue": 0
        },
        "2001-07": {
            "month": "2001-07",
            "price": "27.38",
            "revenue": 0
        },
        "2001-08": {
            "month": "2001-08",
            "price": "26.38",
            "revenue": 0
        },
        "2001-09": {
            "month": "2001-09",
            "price": "20.21",
            "revenue": 0
        },
        "2001-10": {
            "month": "2001-10",
            "price": "18.85",
            "revenue": 0
        },
        "2001-11": {
            "month": "2001-11",
            "price": "19.91",
            "revenue": 0
        },
        "2001-12": {
            "month": "2001-12",
            "price": "21.15",
            "revenue": 0
        },
        "2002-01": {
            "month": "2002-01",
            "price": "21.71",
            "revenue": 0
        },
        "2002-02": {
            "month": "2002-02",
            "price": "23.30",
            "revenue": 0
        },
        "2002-03": {
            "month": "2002-03",
            "price": "23.70",
            "revenue": 0
        },
        "2002-04": {
            "month": "2002-04",
            "price": "23.71",
            "revenue": 0
        },
        "2002-05": {
            "month": "2002-05",
            "price": "23.71",
            "revenue": 0
        },
        "2002-06": {
            "month": "2002-06",
            "price": "20.77",
            "revenue": 0
        },
        "2002-07": {
            "month": "2002-07",
            "price": "17.72",
            "revenue": 0
        },
        "2002-08": {
            "month": "2002-08",
            "price": "15.50",
            "revenue": 0
        },
        "2002-09": {
            "month": "2002-09",
            "price": "15.42",
            "revenue": 0
        },
        "2002-10": {
            "month": "2002-10",
            "price": "16.32",
            "revenue": 0
        },
        "2002-11": {
            "month": "2002-11",
            "price": "18.52",
            "revenue": 0
        },
        "2002-12": {
            "month": "2002-12",
            "price": "16.93",
            "revenue": 0
        },
        "2003-01": {
            "month": "2003-01",
            "price": "17.56",
            "revenue": 0
        },
        "2003-02": {
            "month": "2003-02",
            "price": "16.75",
            "revenue": 0
        },
        "2003-03": {
            "month": "2003-03",
            "price": "16.65",
            "revenue": 0
        },
        "2003-04": {
            "month": "2003-04",
            "price": "18.05",
            "revenue": 0
        },
        "2003-05": {
            "month": "2003-05",
            "price": "18.55",
            "revenue": 0
        },
        "2003-06": {
            "month": "2003-06",
            "price": "20.27",
            "revenue": 0
        },
        "2003-07": {
            "month": "2003-07",
            "price": "20.94",
            "revenue": 0
        },
        "2003-08": {
            "month": "2003-08",
            "price": "21.73",
            "revenue": 0
        },
        "2003-09": {
            "month": "2003-09",
            "price": "20.55",
            "revenue": 0
        },
        "2003-10": {
            "month": "2003-10",
            "price": "21.79",
            "revenue": 0
        },
        "2003-11": {
            "month": "2003-11",
            "price": "23.00",
            "revenue": 0
        },
        "2003-12": {
            "month": "2003-12",
            "price": "22.82",
            "revenue": 0
        },
        "2004-01": {
            "month": "2004-01",
            "price": "24.45",
            "revenue": 0
        },
        "2004-02": {
            "month": "2004-02",
            "price": "25.61",
            "revenue": 0
        },
        "2004-03": {
            "month": "2004-03",
            "price": "25.68",
            "revenue": 0
        },
        "2004-04": {
            "month": "2004-04",
            "price": "25.02",
            "revenue": 0
        },
        "2004-05": {
            "month": "2004-05",
            "price": "23.06",
            "revenue": 0
        },
        "2004-06": {
            "month": "2004-06",
            "price": "24.76",
            "revenue": 0
        },
        "2004-07": {
            "month": "2004-07",
            "price": "23.86",
            "revenue": 0
        },
        "2004-08": {
            "month": "2004-08",
            "price": "22.21",
            "revenue": 0
        },
        "2004-09": {
            "month": "2004-09",
            "price": "23.00",
            "revenue": 0
        },
        "2004-10": {
            "month": "2004-10",
            "price": "24.68",
            "revenue": 0
        },
        "2004-11": {
            "month": "2004-11",
            "price": "26.53",
            "revenue": 0
        },
        "2004-12": {
            "month": "2004-12",
            "price": "27.59",
            "revenue": 0
        },
        "2005-01": {
            "month": "2005-01",
            "price": "28.00",
            "revenue": 0
        },
        "2005-02": {
            "month": "2005-02",
            "price": "29.01",
            "revenue": 0
        },
        "2005-03": {
            "month": "2005-03",
            "price": "28.28",
            "revenue": 0
        },
        "2005-04": {
            "month": "2005-04",
            "price": "27.56",
            "revenue": 0
        },
        "2005-05": {
            "month": "2005-05",
            "price": "27.19",
            "revenue": 0
        },
        "2005-06": {
            "month": "2005-06",
            "price": "26.80",
            "revenue": 0
        },
        "2005-07": {
            "month": "2005-07",
            "price": "25.57",
            "revenue": 0
        },
        "2005-08": {
            "month": "2005-08",
            "price": "25.69",
            "revenue": 0
        },
        "2005-09": {
            "month": "2005-09",
            "price": "24.17",
            "revenue": 0
        },
        "2005-10": {
            "month": "2005-10",
            "price": "23.67",
            "revenue": 0
        },
        "2005-11": {
            "month": "2005-11",
            "price": "25.27",
            "revenue": 0
        },
        "2005-12": {
            "month": "2005-12",
            "price": "24.70",
            "revenue": 0
        },
        "2006-01": {
            "month": "2006-01",
            "price": "25.26",
            "revenue": 0
        },
        "2006-02": {
            "month": "2006-02",
            "price": "26.74",
            "revenue": 0
        },
        "2006-03": {
            "month": "2006-03",
            "price": "28.06",
            "revenue": 0
        },
        "2006-04": {
            "month": "2006-04",
            "price": "27.63",
            "revenue": 0
        },
        "2006-05": {
            "month": "2006-05",
            "price": "29.59",
            "revenue": 0
        },
        "2006-06": {
            "month": "2006-06",
            "price": "29.60",
            "revenue": 0
        },
        "2006-07": {
            "month": "2006-07",
            "price": "29.43",
            "revenue": 0
        },
        "2006-08": {
            "month": "2006-08",
            "price": "29.49",
            "revenue": 0
        },
        "2006-09": {
            "month": "2006-09",
            "price": "30.30",
            "revenue": 0
        },
        "2006-10": {
            "month": "2006-10",
            "price": "31.32",
            "revenue": 0
        },
        "2006-11": {
            "month": "2006-11",
            "price": "32.71",
            "revenue": 0
        },
        "2006-12": {
            "month": "2006-12",
            "price": "34.32",
            "revenue": 0
        },
        "2007-01": {
            "month": "2007-01",
            "price": "34.93",
            "revenue": 0
        },
        "2007-02": {
            "month": "2007-02",
            "price": "34.82",
            "revenue": 0
        },
        "2007-03": {
            "month": "2007-03",
            "price": "34.35",
            "revenue": 0
        },
        "2007-04": {
            "month": "2007-04",
            "price": "34.93",
            "revenue": 0
        },
        "2007-05": {
            "month": "2007-05",
            "price": "35.96",
            "revenue": 0
        },
        "2007-06": {
            "month": "2007-06",
            "price": "34.34",
            "revenue": 0
        },
        "2007-07": {
            "month": "2007-07",
            "price": "34.34",
            "revenue": 0
        },
        "2007-08": {
            "month": "2007-08",
            "price": "33.42",
            "revenue": 0
        },
        "2007-09": {
            "month": "2007-09",
            "price": "34.04",
            "revenue": 0
        },
        "2007-10": {
            "month": "2007-10",
            "price": "34.88",
            "revenue": 0
        },
        "2007-11": {
            "month": "2007-11",
            "price": "32.62",
            "revenue": 0
        },
        "2007-12": {
            "month": "2007-12",
            "price": "32.65",
            "revenue": 0
        },
        "2008-01": {
            "month": "2008-01",
            "price": "29.85",
            "revenue": 0
        },
        "2008-02": {
            "month": "2008-02",
            "price": "32.10",
            "revenue": 0
        },
        "2008-03": {
            "month": "2008-03",
            "price": "31.40",
            "revenue": 0
        },
        "2008-04": {
            "month": "2008-04",
            "price": "31.36",
            "revenue": 0
        },
        "2008-05": {
            "month": "2008-05",
            "price": "34.07",
            "revenue": 0
        },
        "2008-06": {
            "month": "2008-06",
            "price": "32.94",
            "revenue": 0
        },
        "2008-07": {
            "month": "2008-07",
            "price": "30.44",
            "revenue": 0
        },
        "2008-08": {
            "month": "2008-08",
            "price": "31.78",
            "revenue": 0
        },
        "2008-09": {
            "month": "2008-09",
            "price": "32.38",
            "revenue": 0
        },
        "2008-10": {
            "month": "2008-10",
            "price": "25.38",
            "revenue": 0
        },
        "2008-11": {
            "month": "2008-11",
            "price": "21.98",
            "revenue": 0
        },
        "2008-12": {
            "month": "2008-12",
            "price": "22.54",
            "revenue": 0
        },
        "2009-01": {
            "month": "2009-01",
            "price": "21.81",
            "revenue": 0
        },
        "2009-02": {
            "month": "2009-02",
            "price": "18.35",
            "revenue": 0
        },
        "2009-03": {
            "month": "2009-03",
            "price": "17.38",
            "revenue": 0
        },
        "2009-04": {
            "month": "2009-04",
            "price": "19.83",
            "revenue": 0
        },
        "2009-05": {
            "month": "2009-05",
            "price": "23.96",
            "revenue": 0
        },
        "2009-06": {
            "month": "2009-06",
            "price": "24.20",
            "revenue": 0
        },
        "2009-07": {
            "month": "2009-07",
            "price": "24.44",
            "revenue": 0
        },
        "2009-08": {
            "month": "2009-08",
            "price": "26.10",
            "revenue": 0
        },
        "2009-09": {
            "month": "2009-09",
            "price": "27.51",
            "revenue": 0
        },
        "2009-10": {
            "month": "2009-10",
            "price": "28.49",
            "revenue": 0
        },
        "2009-11": {
            "month": "2009-11",
            "price": "29.59",
            "revenue": 0
        },
        "2009-12": {
            "month": "2009-12",
            "price": "31.67",
            "revenue": 0
        },
        "2010-01": {
            "month": "2010-01",
            "price": "30.80",
            "revenue": 0
        },
        "2010-02": {
            "month": "2010-02",
            "price": "30.46",
            "revenue": 0
        },
        "2010-03": {
            "month": "2010-03",
            "price": "33.68",
            "revenue": 0
        },
        "2010-04": {
            "month": "2010-04",
            "price": "36.20",
            "revenue": 0
        },
        "2010-05": {
            "month": "2010-05",
            "price": "34.19",
            "revenue": 0
        },
        "2010-06": {
            "month": "2010-06",
            "price": "33.90",
            "revenue": 0
        },
        "2010-07": {
            "month": "2010-07",
            "price": "33.42",
            "revenue": 0
        },
        "2010-08": {
            "month": "2010-08",
            "price": "33.65",
            "revenue": 0
        },
        "2010-09": {
            "month": "2010-09",
            "price": "33.90",
            "revenue": 0
        },
        "2010-10": {
            "month": "2010-10",
            "price": "34.73",
            "revenue": 0
        },
        "2010-11": {
            "month": "2010-11",
            "price": "36.80",
            "revenue": 0
        },
        "2010-12": {
            "month": "2010-12",
            "price": "37.28",
            "revenue": 0
        },
        "2011-01": {
            "month": "2011-01",
            "price": "39.32",
            "revenue": 0
        },
        "2011-02": {
            "month": "2011-02",
            "price": "42.37",
            "revenue": 0
        },
        "2011-03": {
            "month": "2011-03",
            "price": "42.54",
            "revenue": 0
        },
        "2011-04": {
            "month": "2011-04",
            "price": "42.08",
            "revenue": 0
        },
        "2011-05": {
            "month": "2011-05",
            "price": "41.91",
            "revenue": 0
        },
        "2011-06": {
            "month": "2011-06",
            "price": "38.69",
            "revenue": 0
        },
        "2011-07": {
            "month": "2011-07",
            "price": "39.67",
            "revenue": 0
        },
        "2011-08": {
            "month": "2011-08",
            "price": "33.68",
            "revenue": 0
        },
        "2011-09": {
            "month": "2011-09",
            "price": "31.54",
            "revenue": 0
        },
        "2011-10": {
            "month": "2011-10",
            "price": "33.50",
            "revenue": 0
        },
        "2011-11": {
            "month": "2011-11",
            "price": "34.81",
            "revenue": 0
        },
        "2011-12": {
            "month": "2011-12",
            "price": "36.50",
            "revenue": 0
        },
        "2012-01": {
            "month": "2012-01",
            "price": "39.13",
            "revenue": 0
        },
        "2012-02": {
            "month": "2012-02",
            "price": "41.15",
            "revenue": 0
        },
        "2012-03": {
            "month": "2012-03",
            "price": "43.08",
            "revenue": 0
        },
        "2012-04": {
            "month": "2012-04",
            "price": "42.48",
            "revenue": 0
        },
        "2012-05": {
            "month": "2012-05",
            "price": "44.54",
            "revenue": 0
        },
        "2012-06": {
            "month": "2012-06",
            "price": "46.63",
            "revenue": 0
        },
        "2012-07": {
            "month": "2012-07",
            "price": "48.52",
            "revenue": 0
        },
        "2012-08": {
            "month": "2012-08",
            "price": "49.75",
            "revenue": 0
        },
        "2012-09": {
            "month": "2012-09",
            "price": "52.01",
            "revenue": 0
        },
        "2012-10": {
            "month": "2012-10",
            "price": "51.38",
            "revenue": 0
        },
        "2012-11": {
            "month": "2012-11",
            "price": "48.84",
            "revenue": 0
        },
        "2012-12": {
            "month": "2012-12",
            "price": "49.56",
            "revenue": 0
        },
        "2013-01": {
            "month": "2013-01",
            "price": "52.26",
            "revenue": 0
        },
        "2013-02": {
            "month": "2013-02",
            "price": "54.57",
            "revenue": 0
        },
        "2013-03": {
            "month": "2013-03",
            "price": "56.72",
            "revenue": 0
        },
        "2013-04": {
            "month": "2013-04",
            "price": "60.18",
            "revenue": 0
        },
        "2013-05": {
            "month": "2013-05",
            "price": "65.79",
            "revenue": 0
        },
        "2013-06": {
            "month": "2013-06",
            "price": "63.59",
            "revenue": 0
        },
        "2013-07": {
            "month": "2013-07",
            "price": "64.84",
            "revenue": 0
        },
        "2013-08": {
            "month": "2013-08",
            "price": "63.22",
            "revenue": 0
        },
        "2013-09": {
            "month": "2013-09",
            "price": "64.27",
            "revenue": 0
        },
        "2013-10": {
            "month": "2013-10",
            "price": "66.70",
            "revenue": 0
        },
        "2013-11": {
            "month": "2013-11",
            "price": "69.34",
            "revenue": 0
        },
        "2013-12": {
            "month": "2013-12",
            "price": "72.02",
            "revenue": 0
        },
        "2014-01": {
            "month": "2014-01",
            "price": "74.26",
            "revenue": 0
        },
        "2014-02": {
            "month": "2014-02",
            "price": "77.58",
            "revenue": 0
        },
        "2014-03": {
            "month": "2014-03",
            "price": "80.67",
            "revenue": 0
        },
        "2014-04": {
            "month": "2014-04",
            "price": "79.28",
            "revenue": 0
        },
        "2014-05": {
            "month": "2014-05",
            "price": "81.78",
            "revenue": 0
        },
        "2014-06": {
            "month": "2014-06",
            "price": "83.97",
            "revenue": 0
        },
        "2014-07": {
            "month": "2014-07",
            "price": "86.35",
            "revenue": 0
        },
        "2014-08": {
            "month": "2014-08",
            "price": "88.61",
            "revenue": 0
        },
        "2014-09": {
            "month": "2014-09",
            "price": "89.78",
            "revenue": 0
        },
        "2014-10": {
            "month": "2014-10",
            "price": "86.98",
            "revenue": 0
        },
        "2014-11": {
            "month": "2014-11",
            "price": "90.58",
            "revenue": 0
        },
        "2014-12": {
            "month": "2014-12",
            "price": "93.12",
            "revenue": 0
        },
        "2015-01": {
            "month": "2015-01",
            "price": "93.84",
            "revenue": 0
        },
        "2015-02": {
            "month": "2015-02",
            "price": "102.40",
            "revenue": 0
        },
        "2015-03": {
            "month": "2015-03",
            "price": "105.98",
            "revenue": 0
        },
        "2015-04": {
            "month": "2015-04",
            "price": "107.55",
            "revenue": 0
        },
        "2015-05": {
            "month": "2015-05",
            "price": "110.06",
            "revenue": 0
        },
        "2015-06": {
            "month": "2015-06",
            "price": "111.76",
            "revenue": 0
        },
        "2015-07": {
            "month": "2015-07",
            "price": "117.94",
            "revenue": 0
        },
        "2015-08": {
            "month": "2015-08",
            "price": "106.20",
            "revenue": 0
        },
        "2015-09": {
            "month": "2015-09",
            "price": "102.10",
            "revenue": 0
        },
        "2015-10": {
            "month": "2015-10",
            "price": "108.54",
            "revenue": 0
        },
        "2015-11": {
            "month": "2015-11",
            "price": "116.38",
            "revenue": 0
        },
        "2015-12": {
            "month": "2015-12",
            "price": "109.89",
            "revenue": 0
        },
        "2016-01": {
            "month": "2016-01",
            "price": "97.29",
            "revenue": 0
        },
        "2016-02": {
            "month": "2016-02",
            "price": "93.99",
            "revenue": 0
        },
        "2016-03": {
            "month": "2016-03",
            "price": "98.21",
            "revenue": 0
        },
        "2016-04": {
            "month": "2016-04",
            "price": "100.53",
            "revenue": 0
        },
        "2016-05": {
            "month": "2016-05",
            "price": "101.62",
            "revenue": 0
        },
        "2016-06": {
            "month": "2016-06",
            "price": "97.96",
            "revenue": 0
        },
        "2016-07": {
            "month": "2016-07",
            "price": "98.39",
            "revenue": 0
        },
        "2016-08": {
            "month": "2016-08",
            "price": "96.04",
            "revenue": 0
        },
        "2016-09": {
            "month": "2016-09",
            "price": "92.93",
            "revenue": 0
        },
        "2016-10": {
            "month": "2016-10",
            "price": "92.39",
            "revenue": 0
        },
        "2016-11": {
            "month": "2016-11",
            "price": "96.61",
            "revenue": 0
        },
        "2016-12": {
            "month": "2016-12",
            "price": "103.51",
            "revenue": 0
        },
        "2017-01": {
            "month": "2017-01",
            "price": "108.24",
            "revenue": 0
        },
        "2017-02": {
            "month": "2017-02",
            "price": "110.00",
            "revenue": 0
        },
        "2017-03": {
            "month": "2017-03",
            "price": "111.82",
            "revenue": 0
        },
        "2017-04": {
            "month": "2017-04",
            "price": "113.87",
            "revenue": 0
        },
        "2017-05": {
            "month": "2017-05",
            "price": "109.47",
            "revenue": 0
        },
        "2017-06": {
            "month": "2017-06",
            "price": "105.77",
            "revenue": 0
        },
        "2017-07": {
            "month": "2017-07",
            "price": "106.15",
            "revenue": 0
        },
        "2017-08": {
            "month": "2017-08",
            "price": "103.54",
            "revenue": 0
        },
        "2017-09": {
            "month": "2017-09",
            "price": "98.81",
            "revenue": 0
        },
        "2017-10": {
            "month": "2017-10",
            "price": "98.82",
            "revenue": 0
        },
        "2017-11": {
            "month": "2017-11",
            "price": "102.52",
            "revenue": 0
        },
        "2017-12": {
            "month": "2017-12",
            "price": "108.16",
            "revenue": 0
        },
        "2018-01": {
            "month": "2018-01",
            "price": "110.93",
            "revenue": 0
        },
        "2018-02": {
            "month": "2018-02",
            "price": "105.50",
            "revenue": 0
        },
        "2018-03": {
            "month": "2018-03",
            "price": "102.28",
            "revenue": 0
        },
        "2018-04": {
            "month": "2018-04",
            "price": "100.43",
            "revenue": 0
        },
        "2018-05": {
            "month": "2018-05",
            "price": "101.85",
            "revenue": 0
        },
        "2018-06": {
            "month": "2018-06",
            "price": "104.54",
            "revenue": 0
        },
        "2018-07": {
            "month": "2018-07",
            "price": "109.42",
            "revenue": 0
        },
        "2018-08": {
            "month": "2018-08",
            "price": "112.93",
            "revenue": 0
        },
        "2018-09": {
            "month": "2018-09",
            "price": "111.42",
            "revenue": 0
        },
        "2018-10": {
            "month": "2018-10",
            "price": "115.25",
            "revenue": 0
        },
        "2018-11": {
            "month": "2018-11",
            "price": "115.50",
            "revenue": 0
        },
        "2018-12": {
            "month": "2018-12",
            "price": "109.83",
            "revenue": 0
        },
        "2019-01": {
            "month": "2019-01",
            "price": "110.90",
            "revenue": 0
        },
        "2019-02": {
            "month": "2019-02",
            "price": "112.17",
            "revenue": 0
        },
        "2019-03": {
            "month": "2019-03",
            "price": "112.28",
            "revenue": 0
        },
        "2019-04": {
            "month": "2019-04",
            "price": "125.81",
            "revenue": 0
        },
        "2019-05": {
            "month": "2019-05",
            "price": "133.70",
            "revenue": 0
        },
        "2019-06": {
            "month": "2019-06",
            "price": "138.58",
            "revenue": 0
        },
        "2019-07": {
            "month": "2019-07",
            "price": "142.87",
            "revenue": 0
        },
        "2019-08": {
            "month": "2019-08",
            "price": "136.54",
            "revenue": 0
        },
        "2019-09": {
            "month": "2019-09",
            "price": "135.12",
            "revenue": 0
        },
        "2019-10": {
            "month": "2019-10",
            "price": "130.14",
            "revenue": 0
        },
        "2019-11": {
            "month": "2019-11",
            "price": "142.89",
            "revenue": 0
        },
        "2019-12": {
            "month": "2019-12",
            "price": "146.72",
            "revenue": 0
        },
        "2020-01": {
            "month": "2020-01",
            "price": "142.86",
            "revenue": 0
        },
        "2020-02": {
            "month": "2020-02",
            "price": "136.69",
            "revenue": 0
        },
        "2020-03": {
            "month": "2020-03",
            "price": "101.89",
            "revenue": 0
        },
        "2020-04": {
            "month": "2020-04",
            "price": "102.49",
            "revenue": 0
        },
        "2020-05": {
            "month": "2020-05",
            "price": "110.95",
            "revenue": 0
        },
        "2020-06": {
            "month": "2020-06",
            "price": "117.44",
            "revenue": 0
        },
        "2020-07": {
            "month": "2020-07",
            "price": "116.90",
            "revenue": 0
        },
        "2020-08": {
            "month": "2020-08",
            "price": "129.05",
            "revenue": 0
        },
        "2020-09": {
            "month": "2020-09",
            "price": "129.43",
            "revenue": 0
        },
        "2020-10": {
            "month": "2020-10",
            "price": "124.37",
            "revenue": 0
        },
        "2020-11": {
            "month": "2020-11",
            "price": "138.88",
            "revenue": 0
        },
        "2020-12": {
            "month": "2020-12",
            "price": "166.93",
            "revenue": 0
        },
        "2021-01": {
            "month": "2021-01",
            "price": "173.85",
            "revenue": 0
        },
        "2021-02": {
            "month": "2021-02",
            "price": "186.21",
            "revenue": 0
        },
        "2021-03": {
            "month": "2021-03",
            "price": "191.66",
            "revenue": 0
        },
        "2021-04": {
            "month": "2021-04",
            "price": "185.97",
            "revenue": 0
        },
        "2021-05": {
            "month": "2021-05",
            "price": "177.56",
            "revenue": 0
        },
        "2021-06": {
            "month": "2021-06",
            "price": "176.08",
            "revenue": 0
        },
        "2021-07": {
            "month": "2021-07",
            "price": "177.87",
            "revenue": 0
        },
        "2021-08": {
            "month": "2021-08",
            "price": "177.17",
            "revenue": 0
        },
        "2021-09": {
            "month": "2021-09",
            "price": "179.75",
            "revenue": 0
        },
        "2021-10": {
            "month": "2021-10",
            "price": "172.88",
            "revenue": 0
        },
        "2021-11": {
            "month": "2021-11",
            "price": "161.22",
            "revenue": 0
        },
        "2021-12": {
            "month": "2021-12",
            "price": "150.90",
            "revenue": 0
        },
        "2022-01": {
            "month": "2022-01",
            "price": "148.70",
            "revenue": 0
        },
        "2022-02": {
            "month": "2022-02",
            "price": "147.93",
            "revenue": 0
        },
        "2022-03": {
            "month": "2022-03",
            "price": "138.19",
            "revenue": 0
        },
        "2022-04": {
            "month": "2022-04",
            "price": "126.69",
            "revenue": 0
        },
        "2022-05": {
            "month": "2022-05",
            "price": "107.49",
            "revenue": 0
        },
        "2022-06": {
            "month": "2022-06",
            "price": "99.54",
            "revenue": 0
        },
        "2022-07": {
            "month": "2022-07",
            "price": "98.62",
            "revenue": 0
        },
        "2022-08": {
            "month": "2022-08",
            "price": "114.58",
            "revenue": 0
        },
        "2022-09": {
            "month": "2022-09",
            "price": "106.75",
            "revenue": 0
        },
        "2022-10": {
            "month": "2022-10",
            "price": "99.64",
            "revenue": 0
        },
        "2022-11": {
            "month": "2022-11",
            "price": "96.48",
            "revenue": 0
        },
        "2022-12": {
            "month": "2022-12",
            "price": "90.83",
            "revenue": 0
        },
        "2023-01": {
            "month": "2023-01",
            "price": "100.46",
            "revenue": 0
        },
        "2023-02": {
            "month": "2023-02",
            "price": "106.66",
            "revenue": 0
        },
        "2023-03": {
            "month": "2023-03",
            "price": "96.30",
            "revenue": 0
        },
        "2023-04": {
            "month": "2023-04",
            "price": "99.66",
            "revenue": 0
        },
        "2023-05": {
            "month": "2023-05",
            "price": "94.40",
            "revenue": 0
        },
        "2023-06": {
            "month": "2023-06",
            "price": "90.62",
            "revenue": 0
        },
        "2023-07": {
            "month": "2023-07",
            "price": "87.75",
            "revenue": 0
        },
        "2023-08": {
            "month": "2023-08",
            "price": "86.27",
            "revenue": 0
        },
        "2023-09": {
            "month": "2023-09",
            "price": "82.07",
            "revenue": 0
        },
        "2023-10": {
            "month": "2023-10",
            "price": "82.62",
            "revenue": 0
        },
        "2023-11": {
            "month": "2023-11",
            "price": "90.37",
            "revenue": 0
        },
        "2023-12": {
            "month": "2023-12",
            "price": "91.93",
            "revenue": 0
        },
        "2024-01": {
            "month": "2024-01",
            "price": "92.66",
            "revenue": 0
        },
        "2024-02": {
            "month": "2024-02",
            "price": "106.78",
            "revenue": 0
        },
        "2024-03": {
            "month": "2024-03",
            "price": "114.52",
            "revenue": 0
        }
    }
}
