{
    "summary": {
        "stock_name": "Domino's Pizza Inc",
        "stock_id": "DPZ",
        "category": "Retail/Wholesale",
        "main_business": "Domino’S Pizza, Inc.是全球最大的披薩公司，以全球零售額計算，截至2019年12月29日，多米諾在全球90多個市場擁有17000多家分店。該公司成立於1960年，其根源在於提供方便的披薩，同時其很大一部分銷售額也來自家樂福的客戶。雖然該公司是一個高度認可的全球品牌，但它專注於透過全球大型特許經營網路和美國公司擁有的門店為當地社群提供服務。該公司主要是一家特許經營商，目前多米諾公司約98%的門店由獨立特許經營商擁有和運營。特許經營使個人能夠成為自己的僱主，並保持對所有與就業有關的事項和定價決策的控制，同時也受益於多米諾骨牌的全球品牌、作業系統和財務資源的優勢。",
        "website_url": "https://www.dominos.com/",
        "ceo": "Russell J. Weiner",
        "pe_ratio": 31,
        "report_year_from": 2005,
        "report_year_to": 2023,
        "age": 19,
        "eps_negative_percentage": 5,
        "eps_growth_avg": {
            "last_all": 18.27,
            "last_2y": -5.71,
            "last_4y": 5.66,
            "last_8y": 16.89,
            "last_12y": 17.64,
            "last_16y": 15.79,
            "last_20y": null,
            "at_2006_last_3y": null,
            "at_2007_last_3y": 4.94,
            "at_2008_last_3y": 9.96,
            "at_2009_last_3y": -4.45,
            "at_2010_last_3y": 9.8,
            "at_2011_last_3y": 30.91,
            "at_2012_last_3y": 27.75,
            "at_2013_last_3y": 31.21,
            "at_2014_last_3y": 19.32,
            "at_2015_last_3y": 19.9,
            "at_2016_last_3y": 22.83,
            "at_2017_last_3y": 24.72,
            "at_2018_last_3y": 30.92,
            "at_2019_last_3y": 29.24,
            "at_2020_last_3y": 30.55,
            "at_2021_last_3y": 23.56,
            "at_2022_last_3y": 11.84,
            "at_2023_last_3y": 3.04,
            "at_2024_last_3y": 3.04,
            "at_2006_last_all": 39.34,
            "at_2007_last_all": 4.94,
            "at_2008_last_all": 9.96,
            "at_2009_last_all": 11.17,
            "at_2010_last_all": 19.65,
            "at_2011_last_all": 19.78,
            "at_2012_last_all": 18.85,
            "at_2013_last_all": 20.07,
            "at_2014_last_all": 19.52,
            "at_2015_last_all": 19.82,
            "at_2016_last_all": 20.18,
            "at_2017_last_all": 21.5,
            "at_2018_last_all": 22.78,
            "at_2019_last_all": 22.34,
            "at_2020_last_all": 22.77,
            "at_2021_last_all": 21.99,
            "at_2022_last_all": 20.35,
            "at_2023_last_all": 18.27,
            "at_2024_last_all": 18.27
        },
        "latest_eps": 14.65,
        "latest_price": 447.25,
        "latest_roe": -12.56,
        "latest_gross_margin": 38.76,
        "latest_equity": -4141542,
        "latest_revenue": 1027361,
        "latest_gross_profit": 398169,
        "latest_net_income": 147676,
        "latest_debt_ratio": 355.74,
        "latest_current_ratio": 141.33,
        "latest_account_receivable_turnover_ratio": 3.88,
        "latest_inventory_turnover_ratio": 9.3,
        "latest_reinvestment_rate": 8.01,
        "latest_research_to_sale_ratio": null
    },
    "eps_dividends": {
        "2001": {
            "cash": 0,
            "stock": 0,
            "eps": 0
        },
        "2002": {
            "cash": 0,
            "stock": 0,
            "eps": 0
        },
        "2003": {
            "cash": 0,
            "stock": 0,
            "eps": -0.06
        },
        "2004": {
            "cash": 0.07,
            "stock": 0,
            "eps": 0.91
        },
        "2005": {
            "cash": 0.30000000000000004,
            "stock": 0,
            "eps": 1.58
        },
        "2006": {
            "cash": 0.48,
            "stock": 0,
            "eps": 1.66
        },
        "2007": {
            "cash": 13.5,
            "stock": 0,
            "eps": 0.6
        },
        "2008": {
            "cash": 0,
            "stock": 0,
            "eps": 0.75
        },
        "2009": {
            "cash": 0,
            "stock": 0,
            "eps": 0.87
        },
        "2010": {
            "cash": 0,
            "stock": 0,
            "eps": 1.41
        },
        "2011": {
            "cash": 0,
            "stock": 0,
            "eps": 1.7
        },
        "2012": {
            "cash": 3,
            "stock": 0,
            "eps": 1.91
        },
        "2013": {
            "cash": 0.8,
            "stock": 0,
            "eps": 2.48
        },
        "2014": {
            "cash": 0.75,
            "stock": 0,
            "eps": 2.84
        },
        "2015": {
            "cash": 1.24,
            "stock": 0,
            "eps": 3.49
        },
        "2016": {
            "cash": 1.52,
            "stock": 0,
            "eps": 4.33
        },
        "2017": {
            "cash": 1.84,
            "stock": 0,
            "eps": 5.95
        },
        "2018": {
            "cash": 2.2,
            "stock": 0,
            "eps": 8.29
        },
        "2019": {
            "cash": 2.6,
            "stock": 0,
            "eps": 9.63
        },
        "2020": {
            "cash": 3.12,
            "stock": 0,
            "eps": 12.45
        },
        "2021": {
            "cash": 3.76,
            "stock": 0,
            "eps": 13.63
        },
        "2022": {
            "cash": 4.4,
            "stock": 0,
            "eps": 12.6
        },
        "2023": {
            "cash": 4.84,
            "stock": 0,
            "eps": 10.2
        },
        "2024": {
            "cash": 1.21,
            "stock": 0,
            "eps": 0
        }
    },
    "dividends": {
        "2004-12-15": {
            "cash": 0.07,
            "stock": 0
        },
        "2005-03-30": {
            "cash": 0.1,
            "stock": 0
        },
        "2005-09-30": {
            "cash": 0.1,
            "stock": 0
        },
        "2005-12-30": {
            "cash": 0.1,
            "stock": 0
        },
        "2006-03-30": {
            "cash": 0.12,
            "stock": 0
        },
        "2006-06-30": {
            "cash": 0.12,
            "stock": 0
        },
        "2006-09-30": {
            "cash": 0.12,
            "stock": 0
        },
        "2006-12-30": {
            "cash": 0.12,
            "stock": 0
        },
        "2007-05-04": {
            "cash": 13.5,
            "stock": 0
        },
        "2012-04-02": {
            "cash": 3,
            "stock": 0
        },
        "2013-03-29": {
            "cash": 0.2,
            "stock": 0
        },
        "2013-06-28": {
            "cash": 0.2,
            "stock": 0
        },
        "2013-09-30": {
            "cash": 0.2,
            "stock": 0
        },
        "2013-12-30": {
            "cash": 0.2,
            "stock": 0
        },
        "2014-03-28": {
            "cash": 0.25,
            "stock": 0
        },
        "2014-06-30": {
            "cash": 0.25,
            "stock": 0
        },
        "2014-12-30": {
            "cash": 0.25,
            "stock": 0
        },
        "2015-03-30": {
            "cash": 0.31,
            "stock": 0
        },
        "2015-06-30": {
            "cash": 0.31,
            "stock": 0
        },
        "2015-09-30": {
            "cash": 0.31,
            "stock": 0
        },
        "2015-12-30": {
            "cash": 0.31,
            "stock": 0
        },
        "2016-03-30": {
            "cash": 0.38,
            "stock": 0
        },
        "2016-06-30": {
            "cash": 0.38,
            "stock": 0
        },
        "2016-09-30": {
            "cash": 0.38,
            "stock": 0
        },
        "2016-12-30": {
            "cash": 0.38,
            "stock": 0
        },
        "2017-03-30": {
            "cash": 0.46,
            "stock": 0
        },
        "2017-06-30": {
            "cash": 0.46,
            "stock": 0
        },
        "2017-09-29": {
            "cash": 0.46,
            "stock": 0
        },
        "2017-12-29": {
            "cash": 0.46,
            "stock": 0
        },
        "2018-03-30": {
            "cash": 0.55,
            "stock": 0
        },
        "2018-06-29": {
            "cash": 0.55,
            "stock": 0
        },
        "2018-09-28": {
            "cash": 0.55,
            "stock": 0
        },
        "2018-12-28": {
            "cash": 0.55,
            "stock": 0
        },
        "2019-03-29": {
            "cash": 0.65,
            "stock": 0
        },
        "2019-06-28": {
            "cash": 0.65,
            "stock": 0
        },
        "2019-09-30": {
            "cash": 0.65,
            "stock": 0
        },
        "2019-12-27": {
            "cash": 0.65,
            "stock": 0
        },
        "2020-03-30": {
            "cash": 0.78,
            "stock": 0
        },
        "2020-06-30": {
            "cash": 0.78,
            "stock": 0
        },
        "2020-09-30": {
            "cash": 0.78,
            "stock": 0
        },
        "2020-12-30": {
            "cash": 0.78,
            "stock": 0
        },
        "2021-03-30": {
            "cash": 0.94,
            "stock": 0
        },
        "2021-06-30": {
            "cash": 0.94,
            "stock": 0
        },
        "2021-09-30": {
            "cash": 0.94,
            "stock": 0
        },
        "2021-12-30": {
            "cash": 0.94,
            "stock": 0
        },
        "2022-03-30": {
            "cash": 1.1,
            "stock": 0
        },
        "2022-06-30": {
            "cash": 1.1,
            "stock": 0
        },
        "2022-09-30": {
            "cash": 1.1,
            "stock": 0
        },
        "2022-12-30": {
            "cash": 1.1,
            "stock": 0
        },
        "2023-03-30": {
            "cash": 1.21,
            "stock": 0
        },
        "2023-06-30": {
            "cash": 1.21,
            "stock": 0
        },
        "2023-09-29": {
            "cash": 1.21,
            "stock": 0
        },
        "2023-12-29": {
            "cash": 1.21,
            "stock": 0
        },
        "2024-03-29": {
            "cash": 1.21,
            "stock": 0
        }
    },
    "prices": {
        "200101": "無",
        "200102": "無",
        "200103": "無",
        "200104": "無",
        "200105": "無",
        "200106": "無",
        "200107": "無",
        "200108": "無",
        "200109": "無",
        "200110": "無",
        "200111": "無",
        "200112": "無",
        "200201": "無",
        "200202": "無",
        "200203": "無",
        "200204": "無",
        "200205": "無",
        "200206": "無",
        "200207": "無",
        "200208": "無",
        "200209": "無",
        "200210": "無",
        "200211": "無",
        "200212": "無",
        "200301": "無",
        "200302": "無",
        "200303": "無",
        "200304": "無",
        "200305": "無",
        "200306": "無",
        "200307": "無",
        "200308": "無",
        "200309": "無",
        "200310": "無",
        "200311": "無",
        "200312": "無",
        "200401": "無",
        "200402": "無",
        "200403": "無",
        "200404": "無",
        "200405": "無",
        "200406": "無",
        "200407": "13.36",
        "200408": "13.74",
        "200409": "14.73",
        "200410": "15.78",
        "200411": "17.37",
        "200412": "17.85",
        "200501": "17.29",
        "200502": "17.00",
        "200503": "17.91",
        "200504": "18.70",
        "200505": "20.46",
        "200506": "22.17",
        "200507": "23.92",
        "200508": "23.95",
        "200509": "22.60",
        "200510": "22.31",
        "200511": "24.66",
        "200512": "24.69",
        "200601": "24.70",
        "200602": "25.86",
        "200603": "27.47",
        "200604": "27.44",
        "200605": "25.08",
        "200606": "23.76",
        "200607": "23.34",
        "200608": "23.76",
        "200609": "25.12",
        "200610": "26.63",
        "200611": "27.28",
        "200612": "27.61",
        "200701": "28.56",
        "200702": "31.18",
        "200703": "31.50",
        "200704": "33.18",
        "200705": "22.03",
        "200706": "18.89",
        "200707": "18.97",
        "200708": "17.55",
        "200709": "17.04",
        "200710": "15.86",
        "200711": "13.94",
        "200712": "13.30",
        "200801": "12.48",
        "200802": "13.63",
        "200803": "13.52",
        "200804": "13.21",
        "200805": "13.25",
        "200806": "12.60",
        "200807": "11.56",
        "200808": "13.42",
        "200809": "12.88",
        "200810": "7.62",
        "200811": "4.17",
        "200812": "4.15",
        "200901": "6.20",
        "200902": "6.58",
        "200903": "6.43",
        "200904": "7.48",
        "200905": "8.74",
        "200906": "8.07",
        "200907": "8.01",
        "200908": "7.93",
        "200909": "8.52",
        "200910": "8.26",
        "200911": "7.71",
        "200912": "7.99",
        "201001": "10.42",
        "201002": "11.65",
        "201003": "13.77",
        "201004": "14.96",
        "201005": "13.55",
        "201006": "12.35",
        "201007": "12.38",
        "201008": "12.98",
        "201009": "13.65",
        "201010": "14.52",
        "201011": "14.82",
        "201012": "15.56",
        "201101": "16.65",
        "201102": "16.81",
        "201103": "17.64",
        "201104": "18.29",
        "201105": "22.96",
        "201106": "24.24",
        "201107": "26.05",
        "201108": "26.02",
        "201109": "27.62",
        "201110": "29.39",
        "201111": "31.97",
        "201112": "33.77",
        "201201": "32.91",
        "201202": "33.66",
        "201203": "38.51",
        "201204": "35.77",
        "201205": "31.93",
        "201206": "29.54",
        "201207": "32.09",
        "201208": "34.97",
        "201209": "35.48",
        "201210": "39.18",
        "201211": "40.80",
        "201212": "42.33",
        "201301": "45.76",
        "201302": "46.15",
        "201303": "50.15",
        "201304": "51.23",
        "201305": "57.73",
        "201306": "59.09",
        "201307": "62.05",
        "201308": "62.25",
        "201309": "65.52",
        "201310": "67.59",
        "201311": "68.38",
        "201312": "69.47",
        "201401": "70.58",
        "201402": "72.06",
        "201403": "78.33",
        "201404": "74.94",
        "201405": "72.06",
        "201406": "72.59",
        "201407": "73.77",
        "201408": "73.69",
        "201409": "76.32",
        "201410": "82.95",
        "201411": "91.75",
        "201412": "94.82",
        "201501": "98.54",
        "201502": "101.14",
        "201503": "101.91",
        "201504": "102.84",
        "201505": "108.96",
        "201506": "111.50",
        "201507": "113.72",
        "201508": "110.56",
        "201509": "109.12",
        "201510": "106.09",
        "201511": "105.31",
        "201512": "109.64",
        "201601": "108.98",
        "201602": "115.15",
        "201603": "131.84",
        "201604": "134.49",
        "201605": "121.20",
        "201606": "125.69",
        "201607": "139.30",
        "201608": "147.16",
        "201609": "151.23",
        "201610": "158.23",
        "201611": "166.12",
        "201612": "163.15",
        "201701": "167.30",
        "201702": "183.60",
        "201703": "185.66",
        "201704": "179.47",
        "201705": "196.60",
        "201706": "213.81",
        "201707": "204.94",
        "201708": "188.43",
        "201709": "191.70",
        "201710": "193.96",
        "201711": "175.87",
        "201712": "185.49",
        "201801": "208.95",
        "201802": "216.76",
        "201803": "227.20",
        "201804": "235.83",
        "201805": "248.46",
        "201806": "276.13",
        "201807": "273.54",
        "201808": "288.48",
        "201809": "287.56",
        "201810": "271.48",
        "201811": "266.38",
        "201812": "250.21",
        "201901": "258.83",
        "201902": "275.74",
        "201903": "247.03",
        "201904": "260.23",
        "201905": "279.48",
        "201906": "280.87",
        "201907": "264.37",
        "201908": "235.45",
        "201909": "242.75",
        "201910": "256.02",
        "201911": "282.71",
        "201912": "290.26",
        "202001": "287.37",
        "202002": "311.05",
        "202003": "326.38",
        "202004": "354.53",
        "202005": "371.67",
        "202006": "378.74",
        "202007": "389.40",
        "202008": "404.29",
        "202009": "401.22",
        "202010": "402.13",
        "202011": "387.20",
        "202012": "389.22",
        "202101": "379.71",
        "202102": "372.25",
        "202103": "357.55",
        "202104": "394.15",
        "202105": "427.91",
        "202106": "448.96",
        "202107": "495.35",
        "202108": "520.36",
        "202109": "502.54",
        "202110": "472.92",
        "202111": "514.72",
        "202112": "536.24",
        "202201": "476.84",
        "202202": "434.00",
        "202203": "402.24",
        "202204": "384.19",
        "202205": "342.68",
        "202206": "383.53",
        "202207": "399.16",
        "202208": "397.20",
        "202209": "341.66",
        "202210": "322.55",
        "202211": "364.63",
        "202212": "362.07",
        "202301": "344.87",
        "202302": "343.49",
        "202303": "313.60",
        "202304": "328.49",
        "202305": "306.52",
        "202306": "313.39",
        "202307": "376.83",
        "202308": "390.42",
        "202309": "386.49",
        "202310": "351.48",
        "202311": "373.08",
        "202312": "403.03"
    },
    "quarters": {
        "20011": {
            "year_quarter": 20011,
            "year": 2001,
            "quarter": 1,
            "eps": null,
            "eps_growth_year": null,
            "eps_4q": null,
            "eps_4q_growth_year": null,
            "roe": null,
            "roe_4q": 0,
            "gross_profit": null,
            "gross_margin": null,
            "gross_margin_4q_avg": 0,
            "net_income": null,
            "net_income_4q": null,
            "revenue": null,
            "revenue_4q": null,
            "common_shares": null,
            "book_valuer_per_share": null,
            "book_valuer_per_share_4q_avg": 0,
            "equity": null,
            "current_ratio": null,
            "debt_ratio": null,
            "inventory_turnover_ratio": null,
            "account_receivable_turnover_ratio": null,
            "reinvestment_rate": null,
            "research_to_sale_ratio": null,
            "price_fair": 0,
            "eps_avg_yearly": 0,
            "eps_latest_yearly": 0,
            "eps_growth_yearly": 0
        },
        "20012": {
            "year_quarter": 20012,
            "year": 2001,
            "quarter": 2,
            "eps": null,
            "eps_growth_year": null,
            "eps_4q": null,
            "eps_4q_growth_year": null,
            "roe": null,
            "roe_4q": 0,
            "gross_profit": null,
            "gross_margin": null,
            "gross_margin_4q_avg": 0,
            "net_income": null,
            "net_income_4q": null,
            "revenue": null,
            "revenue_4q": null,
            "common_shares": null,
            "book_valuer_per_share": null,
            "book_valuer_per_share_4q_avg": 0,
            "equity": null,
            "current_ratio": null,
            "debt_ratio": null,
            "inventory_turnover_ratio": null,
            "account_receivable_turnover_ratio": null,
            "reinvestment_rate": null,
            "research_to_sale_ratio": null,
            "price_fair": 0,
            "eps_avg_yearly": 0,
            "eps_latest_yearly": 0,
            "eps_growth_yearly": 0
        },
        "20013": {
            "year_quarter": 20013,
            "year": 2001,
            "quarter": 3,
            "eps": null,
            "eps_growth_year": null,
            "eps_4q": null,
            "eps_4q_growth_year": null,
            "roe": null,
            "roe_4q": 0,
            "gross_profit": null,
            "gross_margin": null,
            "gross_margin_4q_avg": 0,
            "net_income": null,
            "net_income_4q": null,
            "revenue": null,
            "revenue_4q": null,
            "common_shares": null,
            "book_valuer_per_share": null,
            "book_valuer_per_share_4q_avg": 0,
            "equity": null,
            "current_ratio": null,
            "debt_ratio": null,
            "inventory_turnover_ratio": null,
            "account_receivable_turnover_ratio": null,
            "reinvestment_rate": null,
            "research_to_sale_ratio": null,
            "price_fair": 0,
            "eps_avg_yearly": 0,
            "eps_latest_yearly": 0,
            "eps_growth_yearly": 0
        },
        "20014": {
            "year_quarter": 20014,
            "year": 2001,
            "quarter": 4,
            "eps": null,
            "eps_growth_year": null,
            "eps_4q": null,
            "eps_4q_growth_year": null,
            "roe": null,
            "roe_4q": 0,
            "gross_profit": null,
            "gross_margin": null,
            "gross_margin_4q_avg": 0,
            "net_income": null,
            "net_income_4q": null,
            "revenue": null,
            "revenue_4q": null,
            "common_shares": null,
            "book_valuer_per_share": null,
            "book_valuer_per_share_4q_avg": 0,
            "equity": null,
            "current_ratio": null,
            "debt_ratio": null,
            "inventory_turnover_ratio": null,
            "account_receivable_turnover_ratio": null,
            "reinvestment_rate": null,
            "research_to_sale_ratio": null,
            "price_fair": 0,
            "eps_avg_yearly": 0,
            "eps_latest_yearly": 0,
            "eps_growth_yearly": 0
        },
        "20021": {
            "year_quarter": 20021,
            "year": 2002,
            "quarter": 1,
            "eps": null,
            "eps_growth_year": null,
            "eps_4q": null,
            "eps_4q_growth_year": null,
            "roe": null,
            "roe_4q": 0,
            "gross_profit": null,
            "gross_margin": null,
            "gross_margin_4q_avg": 0,
            "net_income": null,
            "net_income_4q": null,
            "revenue": null,
            "revenue_4q": null,
            "common_shares": null,
            "book_valuer_per_share": null,
            "book_valuer_per_share_4q_avg": 0,
            "equity": null,
            "current_ratio": null,
            "debt_ratio": null,
            "inventory_turnover_ratio": null,
            "account_receivable_turnover_ratio": null,
            "reinvestment_rate": null,
            "research_to_sale_ratio": null,
            "price_fair": 0,
            "eps_avg_yearly": 0,
            "eps_latest_yearly": 0,
            "eps_growth_yearly": 0
        },
        "20022": {
            "year_quarter": 20022,
            "year": 2002,
            "quarter": 2,
            "eps": null,
            "eps_growth_year": null,
            "eps_4q": null,
            "eps_4q_growth_year": null,
            "roe": null,
            "roe_4q": 0,
            "gross_profit": null,
            "gross_margin": null,
            "gross_margin_4q_avg": 0,
            "net_income": null,
            "net_income_4q": null,
            "revenue": null,
            "revenue_4q": null,
            "common_shares": null,
            "book_valuer_per_share": null,
            "book_valuer_per_share_4q_avg": 0,
            "equity": null,
            "current_ratio": null,
            "debt_ratio": null,
            "inventory_turnover_ratio": null,
            "account_receivable_turnover_ratio": null,
            "reinvestment_rate": null,
            "research_to_sale_ratio": null,
            "price_fair": 0,
            "eps_avg_yearly": 0,
            "eps_latest_yearly": 0,
            "eps_growth_yearly": 0
        },
        "20023": {
            "year_quarter": 20023,
            "year": 2002,
            "quarter": 3,
            "eps": null,
            "eps_growth_year": null,
            "eps_4q": null,
            "eps_4q_growth_year": null,
            "roe": null,
            "roe_4q": 0,
            "gross_profit": null,
            "gross_margin": null,
            "gross_margin_4q_avg": 0,
            "net_income": null,
            "net_income_4q": null,
            "revenue": null,
            "revenue_4q": null,
            "common_shares": null,
            "book_valuer_per_share": null,
            "book_valuer_per_share_4q_avg": 0,
            "equity": null,
            "current_ratio": null,
            "debt_ratio": null,
            "inventory_turnover_ratio": null,
            "account_receivable_turnover_ratio": null,
            "reinvestment_rate": null,
            "research_to_sale_ratio": null,
            "price_fair": 0,
            "eps_avg_yearly": 0,
            "eps_latest_yearly": 0,
            "eps_growth_yearly": 0
        },
        "20024": {
            "year_quarter": 20024,
            "year": 2002,
            "quarter": 4,
            "eps": null,
            "eps_growth_year": null,
            "eps_4q": null,
            "eps_4q_growth_year": null,
            "roe": null,
            "roe_4q": 0,
            "gross_profit": null,
            "gross_margin": null,
            "gross_margin_4q_avg": 0,
            "net_income": null,
            "net_income_4q": null,
            "revenue": null,
            "revenue_4q": null,
            "common_shares": null,
            "book_valuer_per_share": null,
            "book_valuer_per_share_4q_avg": 0,
            "equity": null,
            "current_ratio": null,
            "debt_ratio": null,
            "inventory_turnover_ratio": null,
            "account_receivable_turnover_ratio": null,
            "reinvestment_rate": null,
            "research_to_sale_ratio": null,
            "price_fair": 0,
            "eps_avg_yearly": 0,
            "eps_latest_yearly": 0,
            "eps_growth_yearly": 0
        },
        "20031": {
            "year_quarter": 20031,
            "year": 2003,
            "quarter": 1,
            "eps": 0.21,
            "eps_growth_year": null,
            "eps_4q": null,
            "eps_4q_growth_year": null,
            "roe": null,
            "roe_4q": 0,
            "gross_profit": 80448,
            "gross_margin": 25.76,
            "gross_margin_4q_avg": 6.44,
            "net_income": 18261,
            "net_income_4q": null,
            "revenue": 312252,
            "revenue_4q": null,
            "common_shares": null,
            "book_valuer_per_share": null,
            "book_valuer_per_share_4q_avg": 0,
            "equity": null,
            "current_ratio": null,
            "debt_ratio": null,
            "inventory_turnover_ratio": null,
            "account_receivable_turnover_ratio": null,
            "reinvestment_rate": null,
            "research_to_sale_ratio": null,
            "price_fair": 0,
            "eps_avg_yearly": 0,
            "eps_latest_yearly": 0,
            "eps_growth_yearly": 0
        },
        "20032": {
            "year_quarter": 20032,
            "year": 2003,
            "quarter": 2,
            "eps": 0.2,
            "eps_growth_year": null,
            "eps_4q": null,
            "eps_4q_growth_year": null,
            "roe": null,
            "roe_4q": 0,
            "gross_profit": 76793,
            "gross_margin": 26.01,
            "gross_margin_4q_avg": 12.94,
            "net_income": 17486,
            "net_income_4q": null,
            "revenue": 295216,
            "revenue_4q": null,
            "common_shares": null,
            "book_valuer_per_share": null,
            "book_valuer_per_share_4q_avg": 0,
            "equity": null,
            "current_ratio": null,
            "debt_ratio": null,
            "inventory_turnover_ratio": null,
            "account_receivable_turnover_ratio": null,
            "reinvestment_rate": null,
            "research_to_sale_ratio": null,
            "price_fair": 2.4,
            "eps_avg_yearly": 0.8,
            "eps_latest_yearly": 0.8,
            "eps_growth_yearly": -19.05
        },
        "20033": {
            "year_quarter": 20033,
            "year": 2003,
            "quarter": 3,
            "eps": -0.79,
            "eps_growth_year": null,
            "eps_4q": null,
            "eps_4q_growth_year": null,
            "roe": null,
            "roe_4q": 0,
            "gross_profit": 71500,
            "gross_margin": 24.42,
            "gross_margin_4q_avg": 19.05,
            "net_income": -18038,
            "net_income_4q": null,
            "revenue": 292848,
            "revenue_4q": null,
            "common_shares": null,
            "book_valuer_per_share": null,
            "book_valuer_per_share_4q_avg": 0,
            "equity": null,
            "current_ratio": null,
            "debt_ratio": null,
            "inventory_turnover_ratio": null,
            "account_receivable_turnover_ratio": null,
            "reinvestment_rate": null,
            "research_to_sale_ratio": null,
            "price_fair": 2.4,
            "eps_avg_yearly": 0.8,
            "eps_latest_yearly": 0.8,
            "eps_growth_yearly": -19.05
        },
        "20034": {
            "year_quarter": 20034,
            "year": 2003,
            "quarter": 4,
            "eps": 0.32,
            "eps_growth_year": null,
            "eps_4q": -0.06,
            "eps_4q_growth_year": null,
            "roe": null,
            "roe_4q": 0,
            "gross_profit": 106879,
            "gross_margin": 24.68,
            "gross_margin_4q_avg": 25.22,
            "net_income": 21329,
            "net_income_4q": null,
            "revenue": 433006,
            "revenue_4q": null,
            "common_shares": null,
            "book_valuer_per_share": null,
            "book_valuer_per_share_4q_avg": 0,
            "equity": null,
            "current_ratio": null,
            "debt_ratio": null,
            "inventory_turnover_ratio": null,
            "account_receivable_turnover_ratio": null,
            "reinvestment_rate": null,
            "research_to_sale_ratio": null,
            "price_fair": 2.4,
            "eps_avg_yearly": 0.8,
            "eps_latest_yearly": 0.8,
            "eps_growth_yearly": -19.05
        },
        "20041": {
            "year_quarter": 20041,
            "year": 2004,
            "quarter": 1,
            "eps": 0.28,
            "eps_growth_year": 33.41,
            "eps_4q": 0.01,
            "eps_4q_growth_year": null,
            "roe": null,
            "roe_4q": 0,
            "gross_profit": 81111,
            "gross_margin": 25.45,
            "gross_margin_4q_avg": 25.14,
            "net_income": 18408,
            "net_income_4q": null,
            "revenue": 318754,
            "revenue_4q": null,
            "common_shares": 363,
            "book_valuer_per_share": -11.39,
            "book_valuer_per_share_4q_avg": -2.85,
            "equity": -699407,
            "current_ratio": 116.75,
            "debt_ratio": 264.53,
            "inventory_turnover_ratio": null,
            "account_receivable_turnover_ratio": null,
            "reinvestment_rate": null,
            "research_to_sale_ratio": null,
            "price_fair": 2.88,
            "eps_avg_yearly": 0.96,
            "eps_latest_yearly": 1.12,
            "eps_growth_yearly": -34.52
        },
        "20042": {
            "year_quarter": 20042,
            "year": 2004,
            "quarter": 2,
            "eps": 0.24,
            "eps_growth_year": 23.29,
            "eps_4q": 0.05,
            "eps_4q_growth_year": null,
            "roe": -2.31,
            "roe_4q": -2.31,
            "gross_profit": 77601,
            "gross_margin": 23.93,
            "gross_margin_4q_avg": 24.62,
            "net_income": 15882,
            "net_income_4q": null,
            "revenue": 324236,
            "revenue_4q": null,
            "common_shares": 363,
            "book_valuer_per_share": -10.58,
            "book_valuer_per_share_4q_avg": -5.49,
            "equity": -676688,
            "current_ratio": 121.65,
            "debt_ratio": 250.56,
            "inventory_turnover_ratio": 11.32,
            "account_receivable_turnover_ratio": 4.83,
            "reinvestment_rate": null,
            "research_to_sale_ratio": null,
            "price_fair": 2.88,
            "eps_avg_yearly": 0.96,
            "eps_latest_yearly": 0.96,
            "eps_growth_yearly": -42.06
        },
        "20043": {
            "year_quarter": 20043,
            "year": 2004,
            "quarter": 3,
            "eps": 0.01,
            "eps_growth_year": null,
            "eps_4q": 0.86,
            "eps_4q_growth_year": null,
            "roe": -0.16,
            "roe_4q": -2.47,
            "gross_profit": 79282,
            "gross_margin": 24.4,
            "gross_margin_4q_avg": 24.62,
            "net_income": 979,
            "net_income_4q": null,
            "revenue": 324978,
            "revenue_4q": null,
            "common_shares": 687,
            "book_valuer_per_share": -9.08,
            "book_valuer_per_share_4q_avg": -7.76,
            "equity": -574935,
            "current_ratio": 111.28,
            "debt_ratio": 236.55,
            "inventory_turnover_ratio": 11.19,
            "account_receivable_turnover_ratio": 4.77,
            "reinvestment_rate": null,
            "research_to_sale_ratio": null,
            "price_fair": 2.19,
            "eps_avg_yearly": 0.73,
            "eps_latest_yearly": 0.04,
            "eps_growth_yearly": -127.38
        },
        "20044": {
            "year_quarter": 20044,
            "year": 2004,
            "quarter": 4,
            "eps": 0.38,
            "eps_growth_year": 16.46,
            "eps_4q": 0.91,
            "eps_4q_growth_year": null,
            "roe": -4.8,
            "roe_4q": -7.27,
            "gross_profit": 115685,
            "gross_margin": 24.18,
            "gross_margin_4q_avg": 24.49,
            "net_income": 27017,
            "net_income_4q": null,
            "revenue": 478527,
            "revenue_4q": null,
            "common_shares": 687,
            "book_valuer_per_share": -8.69,
            "book_valuer_per_share_4q_avg": -9.94,
            "equity": -549880,
            "current_ratio": 99.91,
            "debt_ratio": 222.92,
            "inventory_turnover_ratio": 16.18,
            "account_receivable_turnover_ratio": 6.81,
            "reinvestment_rate": null,
            "research_to_sale_ratio": null,
            "price_fair": 31.08,
            "eps_avg_yearly": 0.89,
            "eps_latest_yearly": 1.52,
            "eps_growth_yearly": 2858.1
        },
        "20051": {
            "year_quarter": 20051,
            "year": 2005,
            "quarter": 1,
            "eps": 0.35,
            "eps_growth_year": 23.6,
            "eps_4q": 0.98,
            "eps_4q_growth_year": 10510.82,
            "roe": -4.59,
            "roe_4q": -11.860000000000001,
            "gross_profit": 93013,
            "gross_margin": 25.16,
            "gross_margin_4q_avg": 24.42,
            "net_income": 24680,
            "net_income_4q": null,
            "revenue": 369668,
            "revenue_4q": null,
            "common_shares": 691,
            "book_valuer_per_share": -8.82,
            "book_valuer_per_share_4q_avg": -9.29,
            "equity": -525562,
            "current_ratio": 115.19,
            "debt_ratio": 216.79,
            "inventory_turnover_ratio": 12.95,
            "account_receivable_turnover_ratio": 4.94,
            "reinvestment_rate": null,
            "research_to_sale_ratio": null,
            "price_fair": 34.07,
            "eps_avg_yearly": 0.97,
            "eps_latest_yearly": 1.4,
            "eps_growth_yearly": 2376.48
        },
        "20052": {
            "year_quarter": 20052,
            "year": 2005,
            "quarter": 2,
            "eps": 0.34,
            "eps_growth_year": 41.64,
            "eps_4q": 1.08,
            "eps_4q_growth_year": 1870.18,
            "roe": -4.21,
            "roe_4q": -13.760000000000002,
            "gross_profit": 88399,
            "gross_margin": 25.48,
            "gross_margin_4q_avg": 24.81,
            "net_income": 23121,
            "net_income_4q": null,
            "revenue": 346954,
            "revenue_4q": null,
            "common_shares": 661,
            "book_valuer_per_share": -9.35,
            "book_valuer_per_share_4q_avg": -8.99,
            "equity": -574125,
            "current_ratio": 88.65,
            "debt_ratio": 236.81,
            "inventory_turnover_ratio": 12.48,
            "account_receivable_turnover_ratio": 4.81,
            "reinvestment_rate": null,
            "research_to_sale_ratio": null,
            "price_fair": 36,
            "eps_avg_yearly": 1.03,
            "eps_latest_yearly": 1.36,
            "eps_growth_yearly": 2035.35
        },
        "20053": {
            "year_quarter": 20053,
            "year": 2005,
            "quarter": 3,
            "eps": 0.3,
            "eps_growth_year": 1896.64,
            "eps_4q": 1.36,
            "eps_4q_growth_year": 58.37,
            "roe": -3.6,
            "roe_4q": -17.2,
            "gross_profit": 86512,
            "gross_margin": 25.63,
            "gross_margin_4q_avg": 25.11,
            "net_income": 20284,
            "net_income_4q": null,
            "revenue": 337576,
            "revenue_4q": null,
            "common_shares": 667,
            "book_valuer_per_share": -8.96,
            "book_valuer_per_share_4q_avg": -8.96,
            "equity": -552567,
            "current_ratio": 101.64,
            "debt_ratio": 233.43,
            "inventory_turnover_ratio": 11.57,
            "account_receivable_turnover_ratio": 4.85,
            "reinvestment_rate": null,
            "research_to_sale_ratio": null,
            "price_fair": 36.75,
            "eps_avg_yearly": 1.05,
            "eps_latest_yearly": 1.2,
            "eps_growth_yearly": 1775.05
        },
        "20054": {
            "year_quarter": 20054,
            "year": 2005,
            "quarter": 4,
            "eps": 0.59,
            "eps_growth_year": 55.74,
            "eps_4q": 1.57,
            "eps_4q_growth_year": 72.15,
            "roe": -7.56,
            "roe_4q": -19.96,
            "gross_profit": 117364,
            "gross_margin": 25.66,
            "gross_margin_4q_avg": 25.48,
            "net_income": 40196,
            "net_income_4q": null,
            "revenue": 457399,
            "revenue_4q": null,
            "common_shares": 672,
            "book_valuer_per_share": -8.24,
            "book_valuer_per_share_4q_avg": -8.84,
            "equity": -510985,
            "current_ratio": 101.82,
            "debt_ratio": 210.82,
            "inventory_turnover_ratio": 14.34,
            "account_receivable_turnover_ratio": 6.33,
            "reinvestment_rate": null,
            "research_to_sale_ratio": null,
            "price_fair": 41.84,
            "eps_avg_yearly": 1.2,
            "eps_latest_yearly": 2.36,
            "eps_growth_yearly": 1620.79
        },
        "20061": {
            "year_quarter": 20061,
            "year": 2006,
            "quarter": 1,
            "eps": 0.39,
            "eps_growth_year": 11.66,
            "eps_4q": 1.61,
            "eps_4q_growth_year": 64.66,
            "roe": -4.58,
            "roe_4q": -19.95,
            "gross_profit": 94295,
            "gross_margin": 27.12,
            "gross_margin_4q_avg": 25.97,
            "net_income": 26152,
            "net_income_4q": null,
            "revenue": 347654,
            "revenue_4q": null,
            "common_shares": 619,
            "book_valuer_per_share": -10.87,
            "book_valuer_per_share_4q_avg": -9.36,
            "equity": -631860,
            "current_ratio": 93.89,
            "debt_ratio": 263.32,
            "inventory_turnover_ratio": 11.53,
            "account_receivable_turnover_ratio": 4.77,
            "reinvestment_rate": null,
            "research_to_sale_ratio": null,
            "price_fair": 43.12,
            "eps_avg_yearly": 1.23,
            "eps_latest_yearly": 1.56,
            "eps_growth_yearly": 1445.15
        },
        "20062": {
            "year_quarter": 20062,
            "year": 2006,
            "quarter": 2,
            "eps": 0.39,
            "eps_growth_year": 13.07,
            "eps_4q": 1.66,
            "eps_4q_growth_year": 53.48,
            "roe": -3.95,
            "roe_4q": -19.69,
            "gross_profit": 88765,
            "gross_margin": 27.08,
            "gross_margin_4q_avg": 26.37,
            "net_income": 24506,
            "net_income_4q": null,
            "revenue": 327741,
            "revenue_4q": null,
            "common_shares": 621,
            "book_valuer_per_share": -10.45,
            "book_valuer_per_share_4q_avg": -9.63,
            "equity": -609112,
            "current_ratio": 102.6,
            "debt_ratio": 254.19,
            "inventory_turnover_ratio": 11.97,
            "account_receivable_turnover_ratio": 4.66,
            "reinvestment_rate": null,
            "research_to_sale_ratio": null,
            "price_fair": 44.16,
            "eps_avg_yearly": 1.26,
            "eps_latest_yearly": 1.56,
            "eps_growth_yearly": 1313.77
        },
        "20063": {
            "year_quarter": 20063,
            "year": 2006,
            "quarter": 3,
            "eps": 0.39,
            "eps_growth_year": 30.1,
            "eps_4q": 1.75,
            "eps_4q_growth_year": 28.25,
            "roe": -4.08,
            "roe_4q": -20.17,
            "gross_profit": 85779,
            "gross_margin": 26.26,
            "gross_margin_4q_avg": 26.53,
            "net_income": 24524,
            "net_income_4q": null,
            "revenue": 326669,
            "revenue_4q": null,
            "common_shares": 623,
            "book_valuer_per_share": -10.13,
            "book_valuer_per_share_4q_avg": -9.92,
            "equity": -592435,
            "current_ratio": 87.33,
            "debt_ratio": 264.73,
            "inventory_turnover_ratio": 12.25,
            "account_receivable_turnover_ratio": 4.77,
            "reinvestment_rate": null,
            "research_to_sale_ratio": null,
            "price_fair": 45.03,
            "eps_avg_yearly": 1.29,
            "eps_latest_yearly": 1.56,
            "eps_growth_yearly": 1204.29
        },
        "20064": {
            "year_quarter": 20064,
            "year": 2006,
            "quarter": 4,
            "eps": 0.49,
            "eps_growth_year": -17.18,
            "eps_4q": 1.65,
            "eps_4q_growth_year": 4.67,
            "roe": -5.36,
            "roe_4q": -17.97,
            "gross_profit": 115693,
            "gross_margin": 26.58,
            "gross_margin_4q_avg": 26.76,
            "net_income": 31045,
            "net_income_4q": null,
            "revenue": 435255,
            "revenue_4q": null,
            "common_shares": 625,
            "book_valuer_per_share": -9.65,
            "book_valuer_per_share_4q_avg": -10.28,
            "equity": -564893,
            "current_ratio": 107.15,
            "debt_ratio": 248.58,
            "inventory_turnover_ratio": 15.25,
            "account_receivable_turnover_ratio": 6.5,
            "reinvestment_rate": null,
            "research_to_sale_ratio": null,
            "price_fair": 46.85,
            "eps_avg_yearly": 1.34,
            "eps_latest_yearly": 1.96,
            "eps_growth_yearly": 1119.54
        },
        "20071": {
            "year_quarter": 20071,
            "year": 2007,
            "quarter": 1,
            "eps": 0.13,
            "eps_growth_year": -66.09,
            "eps_4q": 1.39,
            "eps_4q_growth_year": -13.77,
            "roe": -1.49,
            "roe_4q": -14.879999999999999,
            "gross_profit": 91070,
            "gross_margin": 26.84,
            "gross_margin_4q_avg": 26.69,
            "net_income": 8398,
            "net_income_4q": null,
            "revenue": 339321,
            "revenue_4q": null,
            "common_shares": 626,
            "book_valuer_per_share": -9.53,
            "book_valuer_per_share_4q_avg": -9.94,
            "equity": -561184,
            "current_ratio": 127.21,
            "debt_ratio": 233.4,
            "inventory_turnover_ratio": 11.26,
            "account_receivable_turnover_ratio": 5.2,
            "reinvestment_rate": null,
            "research_to_sale_ratio": null,
            "price_fair": 44.8,
            "eps_avg_yearly": 1.28,
            "eps_latest_yearly": 0.52,
            "eps_growth_yearly": 1018.58
        },
        "20072": {
            "year_quarter": 20072,
            "year": 2007,
            "quarter": 2,
            "eps": 0.04,
            "eps_growth_year": -90.75,
            "eps_4q": 1.04,
            "eps_4q_growth_year": -37.26,
            "roe": -0.23,
            "roe_4q": -11.16,
            "gross_profit": 91867,
            "gross_margin": 27,
            "gross_margin_4q_avg": 26.67,
            "net_income": 2317,
            "net_income_4q": null,
            "revenue": 340289,
            "revenue_4q": null,
            "common_shares": 628,
            "book_valuer_per_share": -23.38,
            "book_valuer_per_share_4q_avg": -13.17,
            "equity": -1434074,
            "current_ratio": 158.81,
            "debt_ratio": 402.51,
            "inventory_turnover_ratio": 11.59,
            "account_receivable_turnover_ratio": 5.08,
            "reinvestment_rate": null,
            "research_to_sale_ratio": null,
            "price_fair": 43.2,
            "eps_avg_yearly": 1.23,
            "eps_latest_yearly": 0.16,
            "eps_growth_yearly": 1000.16
        },
        "20073": {
            "year_quarter": 20073,
            "year": 2007,
            "quarter": 3,
            "eps": 0.17,
            "eps_growth_year": -55.58,
            "eps_4q": 0.83,
            "eps_4q_growth_year": -52.76,
            "roe": -0.77,
            "roe_4q": -7.8500000000000005,
            "gross_profit": 83928,
            "gross_margin": 24.88,
            "gross_margin_4q_avg": 26.33,
            "net_income": 10991,
            "net_income_4q": null,
            "revenue": 337318,
            "revenue_4q": null,
            "common_shares": 621,
            "book_valuer_per_share": -23.38,
            "book_valuer_per_share_4q_avg": -16.49,
            "equity": -1434259,
            "current_ratio": 146.2,
            "debt_ratio": 388.49,
            "inventory_turnover_ratio": 11.23,
            "account_receivable_turnover_ratio": 4.85,
            "reinvestment_rate": null,
            "research_to_sale_ratio": null,
            "price_fair": 41.91,
            "eps_avg_yearly": 1.2,
            "eps_latest_yearly": 0.68,
            "eps_growth_yearly": 1020.15
        },
        "20074": {
            "year_quarter": 20074,
            "year": 2007,
            "quarter": 4,
            "eps": 0.26,
            "eps_growth_year": -46.79,
            "eps_4q": 0.6,
            "eps_4q_growth_year": -63.7,
            "roe": -1.12,
            "roe_4q": -3.6100000000000003,
            "gross_profit": 111989,
            "gross_margin": 25.11,
            "gross_margin_4q_avg": 25.96,
            "net_income": 16176,
            "net_income_4q": null,
            "revenue": 445942,
            "revenue_4q": null,
            "common_shares": 597,
            "book_valuer_per_share": -24.82,
            "book_valuer_per_share_4q_avg": -20.28,
            "equity": -1450139,
            "current_ratio": 129.27,
            "debt_ratio": 406.48,
            "inventory_turnover_ratio": 13.79,
            "account_receivable_turnover_ratio": 6.47,
            "reinvestment_rate": -1.54,
            "research_to_sale_ratio": null,
            "price_fair": 41.56,
            "eps_avg_yearly": 1.19,
            "eps_latest_yearly": 1.04,
            "eps_growth_yearly": 969.63
        },
        "20081": {
            "year_quarter": 20081,
            "year": 2008,
            "quarter": 1,
            "eps": 0.21,
            "eps_growth_year": 58.09,
            "eps_4q": 0.67,
            "eps_4q_growth_year": -51.58,
            "roe": -0.97,
            "roe_4q": -3.09,
            "gross_profit": 88035,
            "gross_margin": 25.97,
            "gross_margin_4q_avg": 25.74,
            "net_income": 14119,
            "net_income_4q": null,
            "revenue": 339012,
            "revenue_4q": null,
            "common_shares": 585,
            "book_valuer_per_share": -25.28,
            "book_valuer_per_share_4q_avg": -24.22,
            "equity": -1450551,
            "current_ratio": 136.26,
            "debt_ratio": 420.3,
            "inventory_turnover_ratio": 10.67,
            "account_receivable_turnover_ratio": 4.88,
            "reinvestment_rate": -4.39,
            "research_to_sale_ratio": null,
            "price_fair": 40.95,
            "eps_avg_yearly": 1.17,
            "eps_latest_yearly": 0.84,
            "eps_growth_yearly": 967.95
        },
        "20082": {
            "year_quarter": 20082,
            "year": 2008,
            "quarter": 2,
            "eps": 0.22,
            "eps_growth_year": 509.83,
            "eps_4q": 0.86,
            "eps_4q_growth_year": -17.71,
            "roe": -1.3,
            "roe_4q": -4.16,
            "gross_profit": 87759,
            "gross_margin": 26.25,
            "gross_margin_4q_avg": 25.55,
            "net_income": 18730,
            "net_income_4q": null,
            "revenue": 334347,
            "revenue_4q": null,
            "common_shares": 578,
            "book_valuer_per_share": -25.27,
            "book_valuer_per_share_4q_avg": -24.69,
            "equity": -1438255,
            "current_ratio": 147.24,
            "debt_ratio": 408.8,
            "inventory_turnover_ratio": 11.11,
            "account_receivable_turnover_ratio": 4.69,
            "reinvestment_rate": -7.13,
            "research_to_sale_ratio": null,
            "price_fair": 40.78,
            "eps_avg_yearly": 1.17,
            "eps_latest_yearly": 0.88,
            "eps_growth_yearly": 972.71
        },
        "20083": {
            "year_quarter": 20083,
            "year": 2008,
            "quarter": 3,
            "eps": 0.13,
            "eps_growth_year": -25.23,
            "eps_4q": 0.81,
            "eps_4q_growth_year": -1.54,
            "roe": -0.7,
            "roe_4q": -4.09,
            "gross_profit": 78720,
            "gross_margin": 24.33,
            "gross_margin_4q_avg": 25.42,
            "net_income": 10096,
            "net_income_4q": null,
            "revenue": 323588,
            "revenue_4q": null,
            "common_shares": 569,
            "book_valuer_per_share": -25.64,
            "book_valuer_per_share_4q_avg": -25.25,
            "equity": -1437386,
            "current_ratio": 159.96,
            "debt_ratio": 426.05,
            "inventory_turnover_ratio": 10.32,
            "account_receivable_turnover_ratio": 4.54,
            "reinvestment_rate": -7.64,
            "research_to_sale_ratio": null,
            "price_fair": 41.83,
            "eps_avg_yearly": 1.2,
            "eps_latest_yearly": 0.52,
            "eps_growth_yearly": 986.44
        },
        "20084": {
            "year_quarter": 20084,
            "year": 2008,
            "quarter": 4,
            "eps": 0.19,
            "eps_growth_year": -26.34,
            "eps_4q": 0.74,
            "eps_4q_growth_year": 24.58,
            "roe": -0.77,
            "roe_4q": -3.74,
            "gross_profit": 108747,
            "gross_margin": 25.4,
            "gross_margin_4q_avg": 25.49,
            "net_income": 11026,
            "net_income_4q": null,
            "revenue": 428167,
            "revenue_4q": null,
            "common_shares": 570,
            "book_valuer_per_share": -25.37,
            "book_valuer_per_share_4q_avg": -25.39,
            "equity": -1424623,
            "current_ratio": 170.01,
            "debt_ratio": 407.17,
            "inventory_turnover_ratio": 12.89,
            "account_receivable_turnover_ratio": 6.11,
            "reinvestment_rate": -8.79,
            "research_to_sale_ratio": null,
            "price_fair": 40.16,
            "eps_avg_yearly": 1.15,
            "eps_latest_yearly": 0.76,
            "eps_growth_yearly": 72.98
        },
        "20091": {
            "year_quarter": 20091,
            "year": 2009,
            "quarter": 1,
            "eps": 0.2,
            "eps_growth_year": -4.05,
            "eps_4q": 0.74,
            "eps_4q_growth_year": 9.27,
            "roe": -1.69,
            "roe_4q": -4.46,
            "gross_profit": 88817,
            "gross_margin": 27.6,
            "gross_margin_4q_avg": 25.9,
            "net_income": 23770,
            "net_income_4q": null,
            "revenue": 321828,
            "revenue_4q": null,
            "common_shares": 573,
            "book_valuer_per_share": -24.72,
            "book_valuer_per_share_4q_avg": -25.25,
            "equity": -1396704,
            "current_ratio": 156.06,
            "debt_ratio": 395.02,
            "inventory_turnover_ratio": 8.75,
            "account_receivable_turnover_ratio": 4.69,
            "reinvestment_rate": -10.34,
            "research_to_sale_ratio": null,
            "price_fair": 38.85,
            "eps_avg_yearly": 1.11,
            "eps_latest_yearly": 0.8,
            "eps_growth_yearly": 76.27
        },
        "20092": {
            "year_quarter": 20092,
            "year": 2009,
            "quarter": 2,
            "eps": 0.43,
            "eps_growth_year": 98.97,
            "eps_4q": 0.95,
            "eps_4q_growth_year": 11.21,
            "roe": -1.05,
            "roe_4q": -4.21,
            "gross_profit": 85959,
            "gross_margin": 27.15,
            "gross_margin_4q_avg": 26.12,
            "net_income": 14527,
            "net_income_4q": null,
            "revenue": 316632,
            "revenue_4q": null,
            "common_shares": 576,
            "book_valuer_per_share": -24.19,
            "book_valuer_per_share_4q_avg": -24.98,
            "equity": -1372676,
            "current_ratio": 171.13,
            "debt_ratio": 397.13,
            "inventory_turnover_ratio": 8.52,
            "account_receivable_turnover_ratio": 4.77,
            "reinvestment_rate": -10.24,
            "research_to_sale_ratio": null,
            "price_fair": 39.64,
            "eps_avg_yearly": 1.13,
            "eps_latest_yearly": 1.72,
            "eps_growth_yearly": 105.73
        },
        "20093": {
            "year_quarter": 20093,
            "year": 2009,
            "quarter": 3,
            "eps": 0.41,
            "eps_growth_year": 220.24,
            "eps_4q": 1.24,
            "eps_4q_growth_year": 51.92,
            "roe": -1.31,
            "roe_4q": -4.82,
            "gross_profit": 83151,
            "gross_margin": 27.47,
            "gross_margin_4q_avg": 26.91,
            "net_income": 17829,
            "net_income_4q": null,
            "revenue": 302715,
            "revenue_4q": null,
            "common_shares": 584,
            "book_valuer_per_share": -23.46,
            "book_valuer_per_share_4q_avg": -24.44,
            "equity": -1350120,
            "current_ratio": 167.95,
            "debt_ratio": 404.26,
            "inventory_turnover_ratio": 8.53,
            "account_receivable_turnover_ratio": 4.6,
            "reinvestment_rate": -9.8,
            "research_to_sale_ratio": null,
            "price_fair": 40.6,
            "eps_avg_yearly": 1.16,
            "eps_latest_yearly": 1.64,
            "eps_growth_yearly": 107.51
        },
        "20094": {
            "year_quarter": 20094,
            "year": 2009,
            "quarter": 4,
            "eps": -0.17,
            "eps_growth_year": -188.19,
            "eps_4q": 0.88,
            "eps_4q_growth_year": 17.6,
            "roe": -1.77,
            "roe_4q": -5.82,
            "gross_profit": 129049,
            "gross_margin": 27.88,
            "gross_margin_4q_avg": 27.53,
            "net_income": 23618,
            "net_income_4q": null,
            "revenue": 462882,
            "revenue_4q": null,
            "common_shares": 586,
            "book_valuer_per_share": -22.91,
            "book_valuer_per_share_4q_avg": -23.82,
            "equity": -1320994,
            "current_ratio": 127,
            "debt_ratio": 391.12,
            "inventory_turnover_ratio": 12.79,
            "account_receivable_turnover_ratio": 6.46,
            "reinvestment_rate": -8.79,
            "research_to_sale_ratio": null,
            "price_fair": 37.8,
            "eps_avg_yearly": 1.08,
            "eps_latest_yearly": 1.64,
            "eps_growth_yearly": 88.9
        },
        "20101": {
            "year_quarter": 20101,
            "year": 2010,
            "quarter": 1,
            "eps": 0.35,
            "eps_growth_year": 78.2,
            "eps_4q": 1.03,
            "eps_4q_growth_year": 40.04,
            "roe": -1.88,
            "roe_4q": -6.01,
            "gross_profit": 107994,
            "gross_margin": 28.34,
            "gross_margin_4q_avg": 27.71,
            "net_income": 24519,
            "net_income_4q": null,
            "revenue": 381131,
            "revenue_4q": null,
            "common_shares": 589,
            "book_valuer_per_share": -22.2,
            "book_valuer_per_share_4q_avg": -23.19,
            "equity": -1289952,
            "current_ratio": 155.45,
            "debt_ratio": 401.66,
            "inventory_turnover_ratio": 10.41,
            "account_receivable_turnover_ratio": 4.97,
            "reinvestment_rate": -9.58,
            "research_to_sale_ratio": null,
            "price_fair": 36.6,
            "eps_avg_yearly": 1.05,
            "eps_latest_yearly": 1.64,
            "eps_growth_yearly": 104.93
        },
        "20102": {
            "year_quarter": 20102,
            "year": 2010,
            "quarter": 2,
            "eps": 0.39,
            "eps_growth_year": -9.11,
            "eps_4q": 0.99,
            "eps_4q_growth_year": 4.13,
            "roe": -1.77,
            "roe_4q": -6.73,
            "gross_profit": 100336,
            "gross_margin": 27.69,
            "gross_margin_4q_avg": 27.85,
            "net_income": 22625,
            "net_income_4q": null,
            "revenue": 362405,
            "revenue_4q": null,
            "common_shares": 590,
            "book_valuer_per_share": -22.09,
            "book_valuer_per_share_4q_avg": -22.67,
            "equity": -1263086,
            "current_ratio": 152.85,
            "debt_ratio": 401.76,
            "inventory_turnover_ratio": 9.66,
            "account_receivable_turnover_ratio": 4.71,
            "reinvestment_rate": -8.17,
            "research_to_sale_ratio": null,
            "price_fair": 36.6,
            "eps_avg_yearly": 1.05,
            "eps_latest_yearly": 1.56,
            "eps_growth_yearly": 108.2
        },
        "20103": {
            "year_quarter": 20103,
            "year": 2010,
            "quarter": 3,
            "eps": 0.27,
            "eps_growth_year": -34.51,
            "eps_4q": 0.85,
            "eps_4q_growth_year": -31.2,
            "roe": -1.33,
            "roe_4q": -6.75,
            "gross_profit": 94153,
            "gross_margin": 27.1,
            "gross_margin_4q_avg": 27.75,
            "net_income": 16600,
            "net_income_4q": null,
            "revenue": 347388,
            "revenue_4q": null,
            "common_shares": 592,
            "book_valuer_per_share": -21.09,
            "book_valuer_per_share_4q_avg": -22.07,
            "equity": -1241867,
            "current_ratio": 165.37,
            "debt_ratio": 391.74,
            "inventory_turnover_ratio": 9.53,
            "account_receivable_turnover_ratio": 4.48,
            "reinvestment_rate": -7.56,
            "research_to_sale_ratio": null,
            "price_fair": 35.4,
            "eps_avg_yearly": 1.01,
            "eps_latest_yearly": 1.08,
            "eps_growth_yearly": 99.41
        },
        "20104": {
            "year_quarter": 20104,
            "year": 2010,
            "quarter": 4,
            "eps": 0.4,
            "eps_growth_year": null,
            "eps_4q": 1.42,
            "eps_4q_growth_year": 61.85,
            "roe": -1.97,
            "roe_4q": -6.95,
            "gross_profit": 136106,
            "gross_margin": 28.36,
            "gross_margin_4q_avg": 27.87,
            "net_income": 24173,
            "net_income_4q": null,
            "revenue": 479970,
            "revenue_4q": null,
            "common_shares": 601,
            "book_valuer_per_share": -20.55,
            "book_valuer_per_share_4q_avg": -21.48,
            "equity": -1210651,
            "current_ratio": 163.89,
            "debt_ratio": 362.71,
            "inventory_turnover_ratio": 13.11,
            "account_receivable_turnover_ratio": 6.03,
            "reinvestment_rate": -5.96,
            "research_to_sale_ratio": null,
            "price_fair": 34.5,
            "eps_avg_yearly": 0.99,
            "eps_latest_yearly": 1.6,
            "eps_growth_yearly": 105.84
        },
        "20111": {
            "year_quarter": 20111,
            "year": 2011,
            "quarter": 1,
            "eps": 0.42,
            "eps_growth_year": 17.9,
            "eps_4q": 1.48,
            "eps_4q_growth_year": 43.61,
            "roe": -2.28,
            "roe_4q": -7.35,
            "gross_profit": 111606,
            "gross_margin": 28.68,
            "gross_margin_4q_avg": 27.96,
            "net_income": 27111,
            "net_income_4q": null,
            "revenue": 389186,
            "revenue_4q": null,
            "common_shares": 617,
            "book_valuer_per_share": -19.33,
            "book_valuer_per_share_4q_avg": -20.77,
            "equity": -1167746,
            "current_ratio": 198.1,
            "debt_ratio": 339.57,
            "inventory_turnover_ratio": 9.8,
            "account_receivable_turnover_ratio": 4.66,
            "reinvestment_rate": -6.41,
            "research_to_sale_ratio": null,
            "price_fair": 37.4,
            "eps_avg_yearly": 1.07,
            "eps_latest_yearly": 1.68,
            "eps_growth_yearly": 128.26
        },
        "20112": {
            "year_quarter": 20112,
            "year": 2011,
            "quarter": 2,
            "eps": 0.39,
            "eps_growth_year": -0.3,
            "eps_4q": 1.48,
            "eps_4q_growth_year": 49.22,
            "roe": -2.16,
            "roe_4q": -7.739999999999999,
            "gross_profit": 110694,
            "gross_margin": 28.76,
            "gross_margin_4q_avg": 28.23,
            "net_income": 25248,
            "net_income_4q": null,
            "revenue": 384933,
            "revenue_4q": null,
            "common_shares": 607,
            "book_valuer_per_share": -19.71,
            "book_valuer_per_share_4q_avg": -20.17,
            "equity": -1171365,
            "current_ratio": 197.4,
            "debt_ratio": 340.53,
            "inventory_turnover_ratio": 9.41,
            "account_receivable_turnover_ratio": 4.51,
            "reinvestment_rate": -5.48,
            "research_to_sale_ratio": null,
            "price_fair": 40.9,
            "eps_avg_yearly": 1.17,
            "eps_latest_yearly": 1.56,
            "eps_growth_yearly": 146
        },
        "20113": {
            "year_quarter": 20113,
            "year": 2011,
            "quarter": 3,
            "eps": 0.35,
            "eps_growth_year": 30.69,
            "eps_4q": 1.56,
            "eps_4q_growth_year": 83.86,
            "roe": -1.85,
            "roe_4q": -8.26,
            "gross_profit": 103359,
            "gross_margin": 27.47,
            "gross_margin_4q_avg": 28.32,
            "net_income": 22091,
            "net_income_4q": null,
            "revenue": 376326,
            "revenue_4q": null,
            "common_shares": 582,
            "book_valuer_per_share": -21.38,
            "book_valuer_per_share_4q_avg": -20.24,
            "equity": -1220956,
            "current_ratio": 169.28,
            "debt_ratio": 378.61,
            "inventory_turnover_ratio": 10.04,
            "account_receivable_turnover_ratio": 4.49,
            "reinvestment_rate": -10.67,
            "research_to_sale_ratio": null,
            "price_fair": 42.7,
            "eps_avg_yearly": 1.22,
            "eps_latest_yearly": 1.4,
            "eps_growth_yearly": 50.21
        },
        "20114": {
            "year_quarter": 20114,
            "year": 2011,
            "quarter": 4,
            "eps": 0.54,
            "eps_growth_year": 34.97,
            "eps_4q": 1.7,
            "eps_4q_growth_year": 20.07,
            "roe": -2.54,
            "roe_4q": -8.83,
            "gross_profit": 144857,
            "gross_margin": 28.87,
            "gross_margin_4q_avg": 28.45,
            "net_income": 30911,
            "net_income_4q": null,
            "revenue": 501748,
            "revenue_4q": null,
            "common_shares": 577,
            "book_valuer_per_share": -21.38,
            "book_valuer_per_share_4q_avg": -20.45,
            "equity": -1209739,
            "current_ratio": 165.76,
            "debt_ratio": 351.74,
            "inventory_turnover_ratio": 12.65,
            "account_receivable_turnover_ratio": 5.89,
            "reinvestment_rate": -7.36,
            "research_to_sale_ratio": null,
            "price_fair": 45.5,
            "eps_avg_yearly": 1.3,
            "eps_latest_yearly": 2.16,
            "eps_growth_yearly": 50.59
        },
        "20121": {
            "year_quarter": 20121,
            "year": 2012,
            "quarter": 1,
            "eps": 0.35,
            "eps_growth_year": -16.85,
            "eps_4q": 1.63,
            "eps_4q_growth_year": 10.18,
            "roe": -1.61,
            "roe_4q": -8.16,
            "gross_profit": 114649,
            "gross_margin": 29.81,
            "gross_margin_4q_avg": 28.73,
            "net_income": 20742,
            "net_income_4q": null,
            "revenue": 384587,
            "revenue_4q": null,
            "common_shares": 579,
            "book_valuer_per_share": -24.02,
            "book_valuer_per_share_4q_avg": -21.62,
            "equity": -1365727,
            "current_ratio": 115.93,
            "debt_ratio": 327.14,
            "inventory_turnover_ratio": 9.39,
            "account_receivable_turnover_ratio": 4.57,
            "reinvestment_rate": -7.14,
            "research_to_sale_ratio": null,
            "price_fair": 46.9,
            "eps_avg_yearly": 1.34,
            "eps_latest_yearly": 1.4,
            "eps_growth_yearly": 46.04
        },
        "20122": {
            "year_quarter": 20122,
            "year": 2012,
            "quarter": 2,
            "eps": 0.47,
            "eps_growth_year": 19.75,
            "eps_4q": 1.71,
            "eps_4q_growth_year": 15.52,
            "roe": -2.05,
            "roe_4q": -8.05,
            "gross_profit": 114607,
            "gross_margin": 30.47,
            "gross_margin_4q_avg": 29.16,
            "net_income": 28095,
            "net_income_4q": null,
            "revenue": 376124,
            "revenue_4q": null,
            "common_shares": 568,
            "book_valuer_per_share": -24.54,
            "book_valuer_per_share_4q_avg": -22.83,
            "equity": -1369110,
            "current_ratio": 126.24,
            "debt_ratio": 422.43,
            "inventory_turnover_ratio": 9.8,
            "account_receivable_turnover_ratio": 4.54,
            "reinvestment_rate": -7.13,
            "research_to_sale_ratio": null,
            "price_fair": 49.4,
            "eps_avg_yearly": 1.41,
            "eps_latest_yearly": 1.88,
            "eps_growth_yearly": 54.47
        },
        "20123": {
            "year_quarter": 20123,
            "year": 2012,
            "quarter": 3,
            "eps": 0.44,
            "eps_growth_year": 26.25,
            "eps_4q": 1.8,
            "eps_4q_growth_year": 15.33,
            "roe": -1.91,
            "roe_4q": -8.11,
            "gross_profit": 111407,
            "gross_margin": 29.47,
            "gross_margin_4q_avg": 29.66,
            "net_income": 25976,
            "net_income_4q": null,
            "revenue": 378077,
            "revenue_4q": null,
            "common_shares": 568,
            "book_valuer_per_share": -24.14,
            "book_valuer_per_share_4q_avg": -23.52,
            "equity": -1345531,
            "current_ratio": 137.33,
            "debt_ratio": 405.14,
            "inventory_turnover_ratio": 10,
            "account_receivable_turnover_ratio": 4.39,
            "reinvestment_rate": -6.1,
            "research_to_sale_ratio": null,
            "price_fair": 52.5,
            "eps_avg_yearly": 1.5,
            "eps_latest_yearly": 1.76,
            "eps_growth_yearly": 64.34
        },
        "20124": {
            "year_quarter": 20124,
            "year": 2012,
            "quarter": 4,
            "eps": 0.65,
            "eps_growth_year": 20.67,
            "eps_4q": 1.91,
            "eps_4q_growth_year": 12.41,
            "roe": -2.8,
            "roe_4q": -8.37,
            "gross_profit": 160675,
            "gross_margin": 29.77,
            "gross_margin_4q_avg": 29.88,
            "net_income": 37579,
            "net_income_4q": null,
            "revenue": 539651,
            "revenue_4q": null,
            "common_shares": 563,
            "book_valuer_per_share": -24.21,
            "book_valuer_per_share_4q_avg": -24.23,
            "equity": -1335523,
            "current_ratio": 133.45,
            "debt_ratio": 379.28,
            "inventory_turnover_ratio": 13.11,
            "account_receivable_turnover_ratio": 5.91,
            "reinvestment_rate": -3.13,
            "research_to_sale_ratio": null,
            "price_fair": 57.1,
            "eps_avg_yearly": 1.63,
            "eps_latest_yearly": 2.6,
            "eps_growth_yearly": 64.79
        },
        "20131": {
            "year_quarter": 20131,
            "year": 2013,
            "quarter": 1,
            "eps": 0.59,
            "eps_growth_year": 69.95,
            "eps_4q": 2.16,
            "eps_4q_growth_year": 32.14,
            "roe": -2.59,
            "roe_4q": -9.35,
            "gross_profit": 129806,
            "gross_margin": 31.08,
            "gross_margin_4q_avg": 30.2,
            "net_income": 34420,
            "net_income_4q": null,
            "revenue": 417617,
            "revenue_4q": null,
            "common_shares": 563,
            "book_valuer_per_share": -24.02,
            "book_valuer_per_share_4q_avg": -24.23,
            "equity": -1323372,
            "current_ratio": 138,
            "debt_ratio": 377.7,
            "inventory_turnover_ratio": 9.44,
            "account_receivable_turnover_ratio": 4.49,
            "reinvestment_rate": -3.8,
            "research_to_sale_ratio": null,
            "price_fair": 61,
            "eps_avg_yearly": 1.74,
            "eps_latest_yearly": 2.36,
            "eps_growth_yearly": 60.64
        },
        "20132": {
            "year_quarter": 20132,
            "year": 2013,
            "quarter": 2,
            "eps": 0.57,
            "eps_growth_year": 21.31,
            "eps_4q": 2.26,
            "eps_4q_growth_year": 32,
            "roe": -2.51,
            "roe_4q": -9.809999999999999,
            "gross_profit": 125987,
            "gross_margin": 30.43,
            "gross_margin_4q_avg": 30.19,
            "net_income": 33270,
            "net_income_4q": null,
            "revenue": 414009,
            "revenue_4q": null,
            "common_shares": 558,
            "book_valuer_per_share": -24.32,
            "book_valuer_per_share_4q_avg": -24.17,
            "equity": -1328791,
            "current_ratio": 132.22,
            "debt_ratio": 383.45,
            "inventory_turnover_ratio": 9.95,
            "account_receivable_turnover_ratio": 4.5,
            "reinvestment_rate": -3.39,
            "research_to_sale_ratio": null,
            "price_fair": 62.4,
            "eps_avg_yearly": 1.78,
            "eps_latest_yearly": 2.28,
            "eps_growth_yearly": 26.82
        },
        "20133": {
            "year_quarter": 20133,
            "year": 2013,
            "quarter": 3,
            "eps": 0.54,
            "eps_growth_year": 20.71,
            "eps_4q": 2.35,
            "eps_4q_growth_year": 30.34,
            "roe": -2.31,
            "roe_4q": -10.21,
            "gross_profit": 120634,
            "gross_margin": 29.86,
            "gross_margin_4q_avg": 30.29,
            "net_income": 30632,
            "net_income_4q": null,
            "revenue": 404050,
            "revenue_4q": null,
            "common_shares": 557,
            "book_valuer_per_share": -24.27,
            "book_valuer_per_share_4q_avg": -24.21,
            "equity": -1322175,
            "current_ratio": 134.12,
            "debt_ratio": 382.2,
            "inventory_turnover_ratio": 9.73,
            "account_receivable_turnover_ratio": 4.33,
            "reinvestment_rate": -3.47,
            "research_to_sale_ratio": null,
            "price_fair": 63.7,
            "eps_avg_yearly": 1.82,
            "eps_latest_yearly": 2.16,
            "eps_growth_yearly": 26.64
        },
        "20134": {
            "year_quarter": 20134,
            "year": 2013,
            "quarter": 4,
            "eps": 0.78,
            "eps_growth_year": 20.36,
            "eps_4q": 2.48,
            "eps_4q_growth_year": 29.67,
            "roe": -3.42,
            "roe_4q": -10.83,
            "gross_profit": 172547,
            "gross_margin": 30.46,
            "gross_margin_4q_avg": 30.46,
            "net_income": 44663,
            "net_income_4q": null,
            "revenue": 566547,
            "revenue_4q": null,
            "common_shares": 558,
            "book_valuer_per_share": -23.69,
            "book_valuer_per_share_4q_avg": -24.08,
            "equity": -1290202,
            "current_ratio": 138.07,
            "debt_ratio": 345.63,
            "inventory_turnover_ratio": 13,
            "account_receivable_turnover_ratio": 5.66,
            "reinvestment_rate": 0.21,
            "research_to_sale_ratio": null,
            "price_fair": 66.73,
            "eps_avg_yearly": 1.91,
            "eps_latest_yearly": 3.12,
            "eps_growth_yearly": 36.72
        },
        "20141": {
            "year_quarter": 20141,
            "year": 2014,
            "quarter": 1,
            "eps": 0.69,
            "eps_growth_year": 16.62,
            "eps_4q": 2.58,
            "eps_4q_growth_year": 19.62,
            "roe": -3.16,
            "roe_4q": -11.4,
            "gross_profit": 137042,
            "gross_margin": 30.2,
            "gross_margin_4q_avg": 30.24,
            "net_income": 40474,
            "net_income_4q": null,
            "revenue": 453852,
            "revenue_4q": null,
            "common_shares": 558,
            "book_valuer_per_share": -23.3,
            "book_valuer_per_share_4q_avg": -23.9,
            "equity": -1268956,
            "current_ratio": 147.2,
            "debt_ratio": 342.02,
            "inventory_turnover_ratio": 9.92,
            "account_receivable_turnover_ratio": 4.29,
            "reinvestment_rate": -0.59,
            "research_to_sale_ratio": null,
            "price_fair": 68.6,
            "eps_avg_yearly": 1.96,
            "eps_latest_yearly": 2.76,
            "eps_growth_yearly": 31.54
        },
        "20142": {
            "year_quarter": 20142,
            "year": 2014,
            "quarter": 2,
            "eps": 0.67,
            "eps_growth_year": 17.48,
            "eps_4q": 2.68,
            "eps_4q_growth_year": 18.72,
            "roe": -3.01,
            "roe_4q": -11.9,
            "gross_profit": 134645,
            "gross_margin": 29.89,
            "gross_margin_4q_avg": 30.1,
            "net_income": 38462,
            "net_income_4q": null,
            "revenue": 450463,
            "revenue_4q": null,
            "common_shares": 551,
            "book_valuer_per_share": -24.01,
            "book_valuer_per_share_4q_avg": -23.82,
            "equity": -1289682,
            "current_ratio": 148.6,
            "debt_ratio": 360.19,
            "inventory_turnover_ratio": 9.41,
            "account_receivable_turnover_ratio": 4.29,
            "reinvestment_rate": 0.22,
            "research_to_sale_ratio": null,
            "price_fair": 71.05,
            "eps_avg_yearly": 2.03,
            "eps_latest_yearly": 2.68,
            "eps_growth_yearly": 27.96
        },
        "20143": {
            "year_quarter": 20143,
            "year": 2014,
            "quarter": 3,
            "eps": 0.63,
            "eps_growth_year": 17.88,
            "eps_4q": 2.78,
            "eps_4q_growth_year": 18.15,
            "roe": -2.77,
            "roe_4q": -12.36,
            "gross_profit": 133514,
            "gross_margin": 29.9,
            "gross_margin_4q_avg": 30.11,
            "net_income": 35618,
            "net_income_4q": null,
            "revenue": 446568,
            "revenue_4q": null,
            "common_shares": 549,
            "book_valuer_per_share": -23.96,
            "book_valuer_per_share_4q_avg": -23.74,
            "equity": -1281742,
            "current_ratio": 151.25,
            "debt_ratio": 350.89,
            "inventory_turnover_ratio": 9.11,
            "account_receivable_turnover_ratio": 4.26,
            "reinvestment_rate": 0.38,
            "research_to_sale_ratio": null,
            "price_fair": 74.2,
            "eps_avg_yearly": 2.12,
            "eps_latest_yearly": 2.52,
            "eps_growth_yearly": 34.16
        },
        "20144": {
            "year_quarter": 20144,
            "year": 2014,
            "quarter": 4,
            "eps": 0.85,
            "eps_growth_year": 8.7,
            "eps_4q": 2.84,
            "eps_4q_growth_year": 14.59,
            "roe": -3.84,
            "roe_4q": -12.78,
            "gross_profit": 189565,
            "gross_margin": 29.48,
            "gross_margin_4q_avg": 29.87,
            "net_income": 48033,
            "net_income_4q": null,
            "revenue": 642950,
            "revenue_4q": null,
            "common_shares": 556,
            "book_valuer_per_share": -22.61,
            "book_valuer_per_share_4q_avg": -23.47,
            "equity": -1219465,
            "current_ratio": 161.28,
            "debt_ratio": 304.49,
            "inventory_turnover_ratio": 12.39,
            "account_receivable_turnover_ratio": 5.79,
            "reinvestment_rate": 4.71,
            "research_to_sale_ratio": null,
            "price_fair": 78.14,
            "eps_avg_yearly": 2.23,
            "eps_latest_yearly": 3.4,
            "eps_growth_yearly": 30.85
        },
        "20151": {
            "year_quarter": 20151,
            "year": 2015,
            "quarter": 1,
            "eps": 0.81,
            "eps_growth_year": 18.2,
            "eps_4q": 2.97,
            "eps_4q_growth_year": 15.09,
            "roe": -3.81,
            "roe_4q": -13.43,
            "gross_profit": 157066,
            "gross_margin": 31.29,
            "gross_margin_4q_avg": 30.14,
            "net_income": 46289,
            "net_income_4q": null,
            "revenue": 502027,
            "revenue_4q": null,
            "common_shares": 554,
            "book_valuer_per_share": -22.59,
            "book_valuer_per_share_4q_avg": -23.29,
            "equity": -1213578,
            "current_ratio": 162.01,
            "debt_ratio": 290.52,
            "inventory_turnover_ratio": 9.1,
            "account_receivable_turnover_ratio": 4.25,
            "reinvestment_rate": 4.13,
            "research_to_sale_ratio": null,
            "price_fair": 81.55,
            "eps_avg_yearly": 2.33,
            "eps_latest_yearly": 3.24,
            "eps_growth_yearly": 28.42
        },
        "20152": {
            "year_quarter": 20152,
            "year": 2015,
            "quarter": 2,
            "eps": 0.81,
            "eps_growth_year": 19.97,
            "eps_4q": 3.1,
            "eps_4q_growth_year": 15.8,
            "roe": -3.73,
            "roe_4q": -14.149999999999999,
            "gross_profit": 152672,
            "gross_margin": 31.25,
            "gross_margin_4q_avg": 30.48,
            "net_income": 45909,
            "net_income_4q": null,
            "revenue": 488622,
            "revenue_4q": null,
            "common_shares": 548,
            "book_valuer_per_share": -23.43,
            "book_valuer_per_share_4q_avg": -23.15,
            "equity": -1245655,
            "current_ratio": 150.25,
            "debt_ratio": 308.34,
            "inventory_turnover_ratio": 9.06,
            "account_receivable_turnover_ratio": 4.22,
            "reinvestment_rate": 4.9,
            "research_to_sale_ratio": null,
            "price_fair": 85.23,
            "eps_avg_yearly": 2.44,
            "eps_latest_yearly": 3.24,
            "eps_growth_yearly": 30.21
        },
        "20153": {
            "year_quarter": 20153,
            "year": 2015,
            "quarter": 3,
            "eps": 0.67,
            "eps_growth_year": 6.58,
            "eps_4q": 3.14,
            "eps_4q_growth_year": 13.3,
            "roe": -3.02,
            "roe_4q": -14.4,
            "gross_profit": 141954,
            "gross_margin": 29.29,
            "gross_margin_4q_avg": 30.33,
            "net_income": 37832,
            "net_income_4q": null,
            "revenue": 484696,
            "revenue_4q": null,
            "common_shares": 546,
            "book_valuer_per_share": -23.72,
            "book_valuer_per_share_4q_avg": -23.09,
            "equity": -1255949,
            "current_ratio": 144.81,
            "debt_ratio": 308.22,
            "inventory_turnover_ratio": 9.01,
            "account_receivable_turnover_ratio": 4.29,
            "reinvestment_rate": 4.41,
            "research_to_sale_ratio": null,
            "price_fair": 88.03,
            "eps_avg_yearly": 2.52,
            "eps_latest_yearly": 2.68,
            "eps_growth_yearly": 28.45
        },
        "20154": {
            "year_quarter": 20154,
            "year": 2015,
            "quarter": 4,
            "eps": 1.2,
            "eps_growth_year": 41.22,
            "eps_4q": 3.5,
            "eps_4q_growth_year": 22.92,
            "roe": -4.11,
            "roe_4q": -14.670000000000002,
            "gross_profit": 231439,
            "gross_margin": 31.23,
            "gross_margin_4q_avg": 30.77,
            "net_income": 62759,
            "net_income_4q": null,
            "revenue": 741183,
            "revenue_4q": null,
            "common_shares": 498,
            "book_valuer_per_share": -37.02,
            "book_valuer_per_share_4q_avg": -26.69,
            "equity": -1800251,
            "current_ratio": 160.28,
            "debt_ratio": 325.07,
            "inventory_turnover_ratio": 13.29,
            "account_receivable_turnover_ratio": 6.08,
            "reinvestment_rate": 7.91,
            "research_to_sale_ratio": null,
            "price_fair": 93.8,
            "eps_avg_yearly": 2.68,
            "eps_latest_yearly": 4.8,
            "eps_growth_yearly": 34.66
        },
        "20161": {
            "year_quarter": 20161,
            "year": 2016,
            "quarter": 1,
            "eps": 0.89,
            "eps_growth_year": 9.18,
            "eps_4q": 3.57,
            "eps_4q_growth_year": 20.25,
            "roe": -2.57,
            "roe_4q": -13.43,
            "gross_profit": 167216,
            "gross_margin": 31.01,
            "gross_margin_4q_avg": 30.7,
            "net_income": 45451,
            "net_income_4q": null,
            "revenue": 539175,
            "revenue_4q": null,
            "common_shares": 501,
            "book_valuer_per_share": -35.42,
            "book_valuer_per_share_4q_avg": -29.9,
            "equity": -1730279,
            "current_ratio": 187.72,
            "debt_ratio": 310.81,
            "inventory_turnover_ratio": 9.79,
            "account_receivable_turnover_ratio": 4.11,
            "reinvestment_rate": 6.81,
            "research_to_sale_ratio": null,
            "price_fair": 98.53,
            "eps_avg_yearly": 2.82,
            "eps_latest_yearly": 3.56,
            "eps_growth_yearly": 37
        },
        "20162": {
            "year_quarter": 20162,
            "year": 2016,
            "quarter": 2,
            "eps": 0.98,
            "eps_growth_year": 21.36,
            "eps_4q": 3.74,
            "eps_4q_growth_year": 20.6,
            "roe": -2.7,
            "roe_4q": -12.399999999999999,
            "gross_profit": 171838,
            "gross_margin": 31.4,
            "gross_margin_4q_avg": 30.73,
            "net_income": 49261,
            "net_income_4q": null,
            "revenue": 547341,
            "revenue_4q": null,
            "common_shares": 483,
            "book_valuer_per_share": -40.66,
            "book_valuer_per_share_4q_avg": -34.21,
            "equity": -1914754,
            "current_ratio": 126.27,
            "debt_ratio": 393.55,
            "inventory_turnover_ratio": 9.94,
            "account_receivable_turnover_ratio": 4.16,
            "reinvestment_rate": 6.92,
            "research_to_sale_ratio": null,
            "price_fair": 102.99,
            "eps_avg_yearly": 2.94,
            "eps_latest_yearly": 3.92,
            "eps_growth_yearly": 30.95
        },
        "20163": {
            "year_quarter": 20163,
            "year": 2016,
            "quarter": 3,
            "eps": 0.96,
            "eps_growth_year": 42.7,
            "eps_4q": 4.03,
            "eps_4q_growth_year": 28.16,
            "roe": -2.45,
            "roe_4q": -11.830000000000002,
            "gross_profit": 173903,
            "gross_margin": 30.69,
            "gross_margin_4q_avg": 31.08,
            "net_income": 47232,
            "net_income_4q": null,
            "revenue": 566677,
            "revenue_4q": null,
            "common_shares": 481,
            "book_valuer_per_share": -41.36,
            "book_valuer_per_share_4q_avg": -38.62,
            "equity": -1936146,
            "current_ratio": 115.12,
            "debt_ratio": 386.16,
            "inventory_turnover_ratio": 10.43,
            "account_receivable_turnover_ratio": 4.19,
            "reinvestment_rate": 5.76,
            "research_to_sale_ratio": null,
            "price_fair": 107.54,
            "eps_avg_yearly": 3.07,
            "eps_latest_yearly": 3.84,
            "eps_growth_yearly": 32.04
        },
        "20164": {
            "year_quarter": 20164,
            "year": 2016,
            "quarter": 4,
            "eps": 1.5,
            "eps_growth_year": 24.48,
            "eps_4q": 4.32,
            "eps_4q_growth_year": 23.72,
            "roe": -3.81,
            "roe_4q": -11.530000000000001,
            "gross_profit": 254734,
            "gross_margin": 31.09,
            "gross_margin_4q_avg": 31.05,
            "net_income": 72733,
            "net_income_4q": null,
            "revenue": 819435,
            "revenue_4q": null,
            "common_shares": 481,
            "book_valuer_per_share": -40.32,
            "book_valuer_per_share_4q_avg": -39.44,
            "equity": -1883143,
            "current_ratio": 122.83,
            "debt_ratio": 362.9,
            "inventory_turnover_ratio": 14.29,
            "account_receivable_turnover_ratio": 5.68,
            "reinvestment_rate": 7.86,
            "research_to_sale_ratio": null,
            "price_fair": 114.98,
            "eps_avg_yearly": 3.29,
            "eps_latest_yearly": 6,
            "eps_growth_yearly": 34.17
        },
        "20171": {
            "year_quarter": 20171,
            "year": 2017,
            "quarter": 1,
            "eps": 1.26,
            "eps_growth_year": 41.78,
            "eps_4q": 4.7,
            "eps_4q_growth_year": 31.52,
            "roe": -3.34,
            "roe_4q": -12.3,
            "gross_profit": 193816,
            "gross_margin": 31.05,
            "gross_margin_4q_avg": 31.06,
            "net_income": 62469,
            "net_income_4q": null,
            "revenue": 624217,
            "revenue_4q": null,
            "common_shares": 481,
            "book_valuer_per_share": -39.74,
            "book_valuer_per_share_4q_avg": -40.52,
            "equity": -1853691,
            "current_ratio": 143.09,
            "debt_ratio": 349.67,
            "inventory_turnover_ratio": 10.96,
            "account_receivable_turnover_ratio": 4.14,
            "reinvestment_rate": 6.65,
            "research_to_sale_ratio": null,
            "price_fair": 120.84,
            "eps_avg_yearly": 3.45,
            "eps_latest_yearly": 5.04,
            "eps_growth_yearly": 32.48
        },
        "20172": {
            "year_quarter": 20172,
            "year": 2017,
            "quarter": 2,
            "eps": 1.32,
            "eps_growth_year": 35.26,
            "eps_4q": 5.04,
            "eps_4q_growth_year": 34.68,
            "roe": -3.6,
            "roe_4q": -13.2,
            "gross_profit": 192845,
            "gross_margin": 30.68,
            "gross_margin_4q_avg": 30.88,
            "net_income": 65741,
            "net_income_4q": null,
            "revenue": 628611,
            "revenue_4q": null,
            "common_shares": 482,
            "book_valuer_per_share": -38.65,
            "book_valuer_per_share_4q_avg": -40.02,
            "equity": -1803071,
            "current_ratio": 159.57,
            "debt_ratio": 330.63,
            "inventory_turnover_ratio": 11.47,
            "account_receivable_turnover_ratio": 4.16,
            "reinvestment_rate": 6.26,
            "research_to_sale_ratio": null,
            "price_fair": 127.4,
            "eps_avg_yearly": 3.64,
            "eps_latest_yearly": 5.28,
            "eps_growth_yearly": 34.51
        },
        "20173": {
            "year_quarter": 20173,
            "year": 2017,
            "quarter": 3,
            "eps": 1.19,
            "eps_growth_year": 24.14,
            "eps_4q": 5.27,
            "eps_4q_growth_year": 30.83,
            "roe": -2.47,
            "roe_4q": -13.22,
            "gross_profit": 198478,
            "gross_margin": 30.84,
            "gross_margin_4q_avg": 30.92,
            "net_income": 56368,
            "net_income_4q": null,
            "revenue": 643642,
            "revenue_4q": null,
            "common_shares": 437,
            "book_valuer_per_share": -64.71,
            "book_valuer_per_share_4q_avg": -45.86,
            "equity": -2765344,
            "current_ratio": 148.69,
            "debt_ratio": 438.79,
            "inventory_turnover_ratio": 11.91,
            "account_receivable_turnover_ratio": 4.21,
            "reinvestment_rate": 4.86,
            "research_to_sale_ratio": null,
            "price_fair": 133.09,
            "eps_avg_yearly": 3.8,
            "eps_latest_yearly": 4.76,
            "eps_growth_yearly": 33.37
        },
        "20174": {
            "year_quarter": 20174,
            "year": 2017,
            "quarter": 4,
            "eps": 2.18,
            "eps_growth_year": 45.96,
            "eps_4q": 5.96,
            "eps_4q_growth_year": 37.83,
            "roe": -3.39,
            "roe_4q": -12.8,
            "gross_profit": 280852,
            "gross_margin": 31.5,
            "gross_margin_4q_avg": 31.02,
            "net_income": 93327,
            "net_income_4q": null,
            "revenue": 891509,
            "revenue_4q": null,
            "common_shares": 429,
            "book_valuer_per_share": -65.36,
            "book_valuer_per_share_4q_avg": -52.12,
            "equity": -2735384,
            "current_ratio": 145.57,
            "debt_ratio": 426.9,
            "inventory_turnover_ratio": 15.85,
            "account_receivable_turnover_ratio": 5.43,
            "reinvestment_rate": 9.67,
            "research_to_sale_ratio": null,
            "price_fair": 145.34,
            "eps_avg_yearly": 4.15,
            "eps_latest_yearly": 8.72,
            "eps_growth_yearly": 43.06
        },
        "20181": {
            "year_quarter": 20181,
            "year": 2018,
            "quarter": 1,
            "eps": 2.01,
            "eps_growth_year": 59.51,
            "eps_4q": 6.71,
            "eps_4q_growth_year": 42.89,
            "roe": -3.23,
            "roe_4q": -12.69,
            "gross_profit": 299865,
            "gross_margin": 38.18,
            "gross_margin_4q_avg": 32.8,
            "net_income": 88827,
            "net_income_4q": null,
            "revenue": 785371,
            "revenue_4q": null,
            "common_shares": 426,
            "book_valuer_per_share": -66.68,
            "book_valuer_per_share_4q_avg": -58.85,
            "equity": -2770864,
            "current_ratio": 139.42,
            "debt_ratio": 447.1,
            "inventory_turnover_ratio": 11.96,
            "account_receivable_turnover_ratio": 4.51,
            "reinvestment_rate": 7.97,
            "research_to_sale_ratio": null,
            "price_fair": 156.89,
            "eps_avg_yearly": 4.48,
            "eps_latest_yearly": 8.04,
            "eps_growth_yearly": 43.99
        },
        "20182": {
            "year_quarter": 20182,
            "year": 2018,
            "quarter": 2,
            "eps": 1.79,
            "eps_growth_year": 35.24,
            "eps_4q": 7.18,
            "eps_4q_growth_year": 42.37,
            "roe": -2.72,
            "roe_4q": -11.81,
            "gross_profit": 293580,
            "gross_margin": 37.67,
            "gross_margin_4q_avg": 34.55,
            "net_income": 77408,
            "net_income_4q": null,
            "revenue": 779396,
            "revenue_4q": null,
            "common_shares": 418,
            "book_valuer_per_share": -71.79,
            "book_valuer_per_share_4q_avg": -67.14,
            "equity": -2929205,
            "current_ratio": 180.95,
            "debt_ratio": 406.86,
            "inventory_turnover_ratio": 11.94,
            "account_receivable_turnover_ratio": 4.36,
            "reinvestment_rate": 8.2,
            "research_to_sale_ratio": null,
            "price_fair": 166.69,
            "eps_avg_yearly": 4.76,
            "eps_latest_yearly": 7.16,
            "eps_growth_yearly": 41.98
        },
        "20183": {
            "year_quarter": 20183,
            "year": 2018,
            "quarter": 3,
            "eps": 1.84,
            "eps_growth_year": 54.1,
            "eps_4q": 7.82,
            "eps_4q_growth_year": 48.35,
            "roe": -2.85,
            "roe_4q": -12.190000000000001,
            "gross_profit": 295279,
            "gross_margin": 37.57,
            "gross_margin_4q_avg": 36.23,
            "net_income": 84095,
            "net_income_4q": null,
            "revenue": 785965,
            "revenue_4q": null,
            "common_shares": 416,
            "book_valuer_per_share": -73.29,
            "book_valuer_per_share_4q_avg": -69.28,
            "equity": -2973758,
            "current_ratio": 160.89,
            "debt_ratio": 426.03,
            "inventory_turnover_ratio": 12.03,
            "account_receivable_turnover_ratio": 4.45,
            "reinvestment_rate": 8.98,
            "research_to_sale_ratio": null,
            "price_fair": 177.28,
            "eps_avg_yearly": 5.07,
            "eps_latest_yearly": 7.36,
            "eps_growth_yearly": 44.17
        },
        "20184": {
            "year_quarter": 20184,
            "year": 2018,
            "quarter": 4,
            "eps": 2.65,
            "eps_growth_year": 21.25,
            "eps_4q": 8.29,
            "eps_4q_growth_year": 39.02,
            "roe": -3.71,
            "roe_4q": -12.510000000000002,
            "gross_profit": 413955,
            "gross_margin": 38.25,
            "gross_margin_4q_avg": 37.92,
            "net_income": 111642,
            "net_income_4q": null,
            "revenue": 1082135,
            "revenue_4q": null,
            "common_shares": 410,
            "book_valuer_per_share": -76.11,
            "book_valuer_per_share_4q_avg": -71.97,
            "equity": -3039921,
            "current_ratio": 149.3,
            "debt_ratio": 435.02,
            "inventory_turnover_ratio": 15.29,
            "account_receivable_turnover_ratio": 6.01,
            "reinvestment_rate": 12.31,
            "research_to_sale_ratio": null,
            "price_fair": 193.03,
            "eps_avg_yearly": 5.52,
            "eps_latest_yearly": 10.6,
            "eps_growth_yearly": 46.45
        },
        "20191": {
            "year_quarter": 20191,
            "year": 2019,
            "quarter": 1,
            "eps": 2.2,
            "eps_growth_year": 9.44,
            "eps_4q": 8.48,
            "eps_4q_growth_year": 26.32,
            "roe": -3.08,
            "roe_4q": -12.360000000000001,
            "gross_profit": 322289,
            "gross_margin": 38.55,
            "gross_margin_4q_avg": 38.01,
            "net_income": 92650,
            "net_income_4q": null,
            "revenue": 835963,
            "revenue_4q": null,
            "common_shares": 411,
            "book_valuer_per_share": -74.39,
            "book_valuer_per_share_4q_avg": -73.9,
            "equity": -2975165,
            "current_ratio": 143.33,
            "debt_ratio": 359.1,
            "inventory_turnover_ratio": 11.21,
            "account_receivable_turnover_ratio": 4.35,
            "reinvestment_rate": 30.42,
            "research_to_sale_ratio": null,
            "price_fair": 205.19,
            "eps_avg_yearly": 5.86,
            "eps_latest_yearly": 8.8,
            "eps_growth_yearly": 43.38
        },
        "20192": {
            "year_quarter": 20192,
            "year": 2019,
            "quarter": 2,
            "eps": 2.24,
            "eps_growth_year": 25.29,
            "eps_4q": 8.93,
            "eps_4q_growth_year": 24.42,
            "roe": -3.14,
            "roe_4q": -12.78,
            "gross_profit": 316671,
            "gross_margin": 39.02,
            "gross_margin_4q_avg": 38.35,
            "net_income": 92359,
            "net_income_4q": null,
            "revenue": 811647,
            "revenue_4q": null,
            "common_shares": 412,
            "book_valuer_per_share": -72.45,
            "book_valuer_per_share_4q_avg": -74.06,
            "equity": -2904286,
            "current_ratio": 155.83,
            "debt_ratio": 346.72,
            "inventory_turnover_ratio": 11.01,
            "account_receivable_turnover_ratio": 4.31,
            "reinvestment_rate": 26.83,
            "research_to_sale_ratio": null,
            "price_fair": 217.7,
            "eps_avg_yearly": 6.22,
            "eps_latest_yearly": 8.96,
            "eps_growth_yearly": 43.83
        },
        "20193": {
            "year_quarter": 20193,
            "year": 2019,
            "quarter": 3,
            "eps": 2.06,
            "eps_growth_year": 11.95,
            "eps_4q": 9.15,
            "eps_4q_growth_year": 16.95,
            "roe": -2.96,
            "roe_4q": -12.89,
            "gross_profit": 316251,
            "gross_margin": 38.53,
            "gross_margin_4q_avg": 38.59,
            "net_income": 86373,
            "net_income_4q": null,
            "revenue": 820812,
            "revenue_4q": null,
            "common_shares": 409,
            "book_valuer_per_share": -72.61,
            "book_valuer_per_share_4q_avg": -73.89,
            "equity": -2935649,
            "current_ratio": 143.7,
            "debt_ratio": 353.01,
            "inventory_turnover_ratio": 10.59,
            "account_receivable_turnover_ratio": 4.46,
            "reinvestment_rate": 25.72,
            "research_to_sale_ratio": null,
            "price_fair": 229.86,
            "eps_avg_yearly": 6.57,
            "eps_latest_yearly": 8.24,
            "eps_growth_yearly": 46.14
        },
        "20194": {
            "year_quarter": 20194,
            "year": 2019,
            "quarter": 4,
            "eps": 3.13,
            "eps_growth_year": 18.02,
            "eps_4q": 9.63,
            "eps_4q_growth_year": 16.16,
            "roe": -4.07,
            "roe_4q": -13.25,
            "gross_profit": 447288,
            "gross_margin": 38.88,
            "gross_margin_4q_avg": 38.75,
            "net_income": 129327,
            "net_income_4q": null,
            "revenue": 1150352,
            "revenue_4q": null,
            "common_shares": 389,
            "book_valuer_per_share": -90,
            "book_valuer_per_share_4q_avg": -77.36,
            "equity": -3415759,
            "current_ratio": 173.55,
            "debt_ratio": 347.14,
            "inventory_turnover_ratio": 13.53,
            "account_receivable_turnover_ratio": 5.81,
            "reinvestment_rate": 28.09,
            "research_to_sale_ratio": null,
            "price_fair": 246.75,
            "eps_avg_yearly": 7.05,
            "eps_latest_yearly": 12.52,
            "eps_growth_yearly": 39.35
        },
        "20201": {
            "year_quarter": 20201,
            "year": 2020,
            "quarter": 1,
            "eps": 3.07,
            "eps_growth_year": 39.79,
            "eps_4q": 10.5,
            "eps_4q_growth_year": 23.89,
            "roe": -3.57,
            "roe_4q": -13.740000000000002,
            "gross_profit": 340157,
            "gross_margin": 38.96,
            "gross_margin_4q_avg": 38.85,
            "net_income": 121602,
            "net_income_4q": null,
            "revenue": 873102,
            "revenue_4q": null,
            "common_shares": 390,
            "book_valuer_per_share": -89.18,
            "book_valuer_per_share_4q_avg": -81.06,
            "equity": -3392190,
            "current_ratio": 175.68,
            "debt_ratio": 344.06,
            "inventory_turnover_ratio": 10.45,
            "account_receivable_turnover_ratio": 3.89,
            "reinvestment_rate": 25.36,
            "research_to_sale_ratio": null,
            "price_fair": 265.83,
            "eps_avg_yearly": 7.6,
            "eps_latest_yearly": 12.28,
            "eps_growth_yearly": 45.33
        },
        "20202": {
            "year_quarter": 20202,
            "year": 2020,
            "quarter": 2,
            "eps": 2.99,
            "eps_growth_year": 33.42,
            "eps_4q": 11.25,
            "eps_4q_growth_year": 26,
            "roe": -3.56,
            "roe_4q": -14.16,
            "gross_profit": 357091,
            "gross_margin": 38.81,
            "gross_margin_4q_avg": 38.8,
            "net_income": 118668,
            "net_income_4q": null,
            "revenue": 920023,
            "revenue_4q": null,
            "common_shares": 393,
            "book_valuer_per_share": -85.78,
            "book_valuer_per_share_4q_avg": -84.39,
            "equity": -3282906,
            "current_ratio": 201.6,
            "debt_ratio": 307.56,
            "inventory_turnover_ratio": 9.72,
            "account_receivable_turnover_ratio": 3.72,
            "reinvestment_rate": 25.12,
            "research_to_sale_ratio": null,
            "price_fair": 283.41,
            "eps_avg_yearly": 8.1,
            "eps_latest_yearly": 11.96,
            "eps_growth_yearly": 42.15
        },
        "20203": {
            "year_quarter": 20203,
            "year": 2020,
            "quarter": 3,
            "eps": 2.51,
            "eps_growth_year": 21.88,
            "eps_4q": 11.7,
            "eps_4q_growth_year": 27.9,
            "roe": -3.05,
            "roe_4q": -14.25,
            "gross_profit": 361981,
            "gross_margin": 37.41,
            "gross_margin_4q_avg": 38.52,
            "net_income": 99129,
            "net_income_4q": null,
            "revenue": 967719,
            "revenue_4q": null,
            "common_shares": 394,
            "book_valuer_per_share": -83.9,
            "book_valuer_per_share_4q_avg": -87.22,
            "equity": -3211531,
            "current_ratio": 195.8,
            "debt_ratio": 298.13,
            "inventory_turnover_ratio": 9.15,
            "account_receivable_turnover_ratio": 3.83,
            "reinvestment_rate": 23.83,
            "research_to_sale_ratio": null,
            "price_fair": 296.98,
            "eps_avg_yearly": 8.49,
            "eps_latest_yearly": 10.04,
            "eps_growth_yearly": 38.65
        },
        "20204": {
            "year_quarter": 20204,
            "year": 2020,
            "quarter": 4,
            "eps": 3.88,
            "eps_growth_year": 24.28,
            "eps_4q": 12.46,
            "eps_4q_growth_year": 29.44,
            "roe": -4.67,
            "roe_4q": -14.85,
            "gross_profit": 535264,
            "gross_margin": 39.46,
            "gross_margin_4q_avg": 38.66,
            "net_income": 151897,
            "net_income_4q": null,
            "revenue": 1356567,
            "revenue_4q": null,
            "common_shares": 389,
            "book_valuer_per_share": -87.39,
            "book_valuer_per_share_4q_avg": -86.56,
            "equity": -3300405,
            "current_ratio": 184.65,
            "debt_ratio": 310.6,
            "inventory_turnover_ratio": 12.43,
            "account_receivable_turnover_ratio": 5.2,
            "reinvestment_rate": 26.18,
            "research_to_sale_ratio": null,
            "price_fair": 317.8,
            "eps_avg_yearly": 9.08,
            "eps_latest_yearly": 15.52,
            "eps_growth_yearly": 38.23
        },
        "20211": {
            "year_quarter": 20211,
            "year": 2021,
            "quarter": 1,
            "eps": 3.01,
            "eps_growth_year": -2.16,
            "eps_4q": 12.39,
            "eps_4q_growth_year": 18.02,
            "roe": -3.6,
            "roe_4q": -14.88,
            "gross_profit": 389151,
            "gross_margin": 39.56,
            "gross_margin_4q_avg": 38.81,
            "net_income": 117761,
            "net_income_4q": null,
            "revenue": 983698,
            "revenue_4q": null,
            "common_shares": 388,
            "book_valuer_per_share": -85.93,
            "book_valuer_per_share_4q_avg": -85.75,
            "equity": -3236080,
            "current_ratio": 184.48,
            "debt_ratio": 294.61,
            "inventory_turnover_ratio": 9.11,
            "account_receivable_turnover_ratio": 3.67,
            "reinvestment_rate": 29.14,
            "research_to_sale_ratio": null,
            "price_fair": 333.11,
            "eps_avg_yearly": 9.52,
            "eps_latest_yearly": 12.04,
            "eps_growth_yearly": 36.63
        },
        "20212": {
            "year_quarter": 20212,
            "year": 2021,
            "quarter": 2,
            "eps": 3.07,
            "eps_growth_year": 2.47,
            "eps_4q": 12.47,
            "eps_4q_growth_year": 10.82,
            "roe": -3.16,
            "roe_4q": -14.48,
            "gross_profit": 407690,
            "gross_margin": 39.49,
            "gross_margin_4q_avg": 38.98,
            "net_income": 116619,
            "net_income_4q": null,
            "revenue": 1032472,
            "revenue_4q": null,
            "common_shares": 369,
            "book_valuer_per_share": -115.17,
            "book_valuer_per_share_4q_avg": -93.1,
            "equity": -4140570,
            "current_ratio": 176.94,
            "debt_ratio": 340.48,
            "inventory_turnover_ratio": 10.16,
            "account_receivable_turnover_ratio": 4,
            "reinvestment_rate": 28.03,
            "research_to_sale_ratio": null,
            "price_fair": 348.43,
            "eps_avg_yearly": 9.96,
            "eps_latest_yearly": 12.28,
            "eps_growth_yearly": 35.93
        },
        "20213": {
            "year_quarter": 20213,
            "year": 2021,
            "quarter": 3,
            "eps": 3.24,
            "eps_growth_year": 29.17,
            "eps_4q": 13.2,
            "eps_4q_growth_year": 12.81,
            "roe": -2.91,
            "roe_4q": -14.34,
            "gross_profit": 385200,
            "gross_margin": 38.6,
            "gross_margin_4q_avg": 39.28,
            "net_income": 120402,
            "net_income_4q": null,
            "revenue": 997990,
            "revenue_4q": null,
            "common_shares": 366,
            "book_valuer_per_share": -115.79,
            "book_valuer_per_share_4q_avg": -101.07,
            "equity": -4127513,
            "current_ratio": 172.04,
            "debt_ratio": 333.94,
            "inventory_turnover_ratio": 9.9,
            "account_receivable_turnover_ratio": 3.92,
            "reinvestment_rate": 24.46,
            "research_to_sale_ratio": null,
            "price_fair": 366.36,
            "eps_avg_yearly": 10.47,
            "eps_latest_yearly": 12.96,
            "eps_growth_yearly": 39.78
        },
        "20214": {
            "year_quarter": 20214,
            "year": 2021,
            "quarter": 4,
            "eps": 4.31,
            "eps_growth_year": 10.99,
            "eps_4q": 13.63,
            "eps_4q_growth_year": 9.37,
            "roe": -3.73,
            "roe_4q": -13.4,
            "gross_profit": 506201,
            "gross_margin": 37.69,
            "gross_margin_4q_avg": 38.84,
            "net_income": 155685,
            "net_income_4q": null,
            "revenue": 1343213,
            "revenue_4q": null,
            "common_shares": 361,
            "book_valuer_per_share": -119.54,
            "book_valuer_per_share_4q_avg": -109.11,
            "equity": -4209536,
            "current_ratio": 145.67,
            "debt_ratio": 351.79,
            "inventory_turnover_ratio": 12.6,
            "account_receivable_turnover_ratio": 5.09,
            "reinvestment_rate": 28.71,
            "research_to_sale_ratio": null,
            "price_fair": 385,
            "eps_avg_yearly": 11,
            "eps_latest_yearly": 17.24,
            "eps_growth_yearly": 27.24
        },
        "20221": {
            "year_quarter": 20221,
            "year": 2022,
            "quarter": 1,
            "eps": 2.5,
            "eps_growth_year": -16.83,
            "eps_4q": 13.12,
            "eps_4q_growth_year": 5.87,
            "roe": -2.16,
            "roe_4q": -11.96,
            "gross_profit": 368624,
            "gross_margin": 36.46,
            "gross_margin_4q_avg": 38.06,
            "net_income": 90964,
            "net_income_4q": null,
            "revenue": 1011149,
            "revenue_4q": null,
            "common_shares": 360,
            "book_valuer_per_share": -119.64,
            "book_valuer_per_share_4q_avg": -117.54,
            "equity": -4198642,
            "current_ratio": 144.79,
            "debt_ratio": 350.81,
            "inventory_turnover_ratio": 8.8,
            "account_receivable_turnover_ratio": 3.8,
            "reinvestment_rate": 27.02,
            "research_to_sale_ratio": null,
            "price_fair": 319.09,
            "eps_avg_yearly": 11.12,
            "eps_latest_yearly": 10,
            "eps_growth_yearly": 18.69
        },
        "20222": {
            "year_quarter": 20222,
            "year": 2022,
            "quarter": 2,
            "eps": 2.83,
            "eps_growth_year": -7.7,
            "eps_4q": 12.88,
            "eps_4q_growth_year": 3.35,
            "roe": -2.45,
            "roe_4q": -11.25,
            "gross_profit": 386265,
            "gross_margin": 36.26,
            "gross_margin_4q_avg": 37.25,
            "net_income": 102493,
            "net_income_4q": null,
            "revenue": 1065182,
            "revenue_4q": null,
            "common_shares": 359,
            "book_valuer_per_share": -119.77,
            "book_valuer_per_share_4q_avg": -118.69,
            "equity": -4180309,
            "current_ratio": 146.99,
            "debt_ratio": 350.22,
            "inventory_turnover_ratio": 9.18,
            "account_receivable_turnover_ratio": 3.87,
            "reinvestment_rate": 25.42,
            "research_to_sale_ratio": null,
            "price_fair": 395.26,
            "eps_avg_yearly": 11.38,
            "eps_latest_yearly": 11.32,
            "eps_growth_yearly": 24.73
        },
        "20223": {
            "year_quarter": 20223,
            "year": 2022,
            "quarter": 3,
            "eps": 2.79,
            "eps_growth_year": -14.06,
            "eps_4q": 12.43,
            "eps_4q_growth_year": -5.84,
            "roe": -2.37,
            "roe_4q": -10.71,
            "gross_profit": 381850,
            "gross_margin": 35.73,
            "gross_margin_4q_avg": 36.54,
            "net_income": 100504,
            "net_income_4q": null,
            "revenue": 1068596,
            "revenue_4q": null,
            "common_shares": 354,
            "book_valuer_per_share": -125.38,
            "book_valuer_per_share_4q_avg": -121.08,
            "equity": -4316545,
            "current_ratio": 142.79,
            "debt_ratio": 362.18,
            "inventory_turnover_ratio": 9.62,
            "account_receivable_turnover_ratio": 3.9,
            "reinvestment_rate": 22.74,
            "research_to_sale_ratio": null,
            "price_fair": 391.29,
            "eps_avg_yearly": 11.62,
            "eps_latest_yearly": 11.16,
            "eps_growth_yearly": 23.67
        },
        "20224": {
            "year_quarter": 20224,
            "year": 2022,
            "quarter": 4,
            "eps": 4.48,
            "eps_growth_year": 3.93,
            "eps_4q": 12.6,
            "eps_4q_growth_year": -7.55,
            "roe": -3.72,
            "roe_4q": -10.7,
            "gross_profit": 511867,
            "gross_margin": 36.77,
            "gross_margin_4q_avg": 36.31,
            "net_income": 158302,
            "net_income_4q": null,
            "revenue": 1392231,
            "revenue_4q": null,
            "common_shares": 354,
            "book_valuer_per_share": -121.66,
            "book_valuer_per_share_4q_avg": -121.61,
            "equity": -4189065,
            "current_ratio": 147.34,
            "debt_ratio": 361.45,
            "inventory_turnover_ratio": 11.42,
            "account_receivable_turnover_ratio": 5.26,
            "reinvestment_rate": 11.37,
            "research_to_sale_ratio": null,
            "price_fair": 422.71,
            "eps_avg_yearly": 12.08,
            "eps_latest_yearly": 17.92,
            "eps_growth_yearly": 27.81
        },
        "20231": {
            "year_quarter": 20231,
            "year": 2023,
            "quarter": 1,
            "eps": 2.94,
            "eps_growth_year": 17.7,
            "eps_4q": 13.04,
            "eps_4q_growth_year": -0.61,
            "roe": -2.51,
            "roe_4q": -11.05,
            "gross_profit": 385547,
            "gross_margin": 37.64,
            "gross_margin_4q_avg": 36.6,
            "net_income": 104770,
            "net_income_4q": null,
            "revenue": 1024398,
            "revenue_4q": null,
            "common_shares": 353,
            "book_valuer_per_share": -121.05,
            "book_valuer_per_share_4q_avg": -121.97,
            "equity": -4151773,
            "current_ratio": 148.78,
            "debt_ratio": 352.94,
            "inventory_turnover_ratio": 8.47,
            "account_receivable_turnover_ratio": 3.77,
            "reinvestment_rate": 11.73,
            "research_to_sale_ratio": null,
            "price_fair": 410.34,
            "eps_avg_yearly": 12.26,
            "eps_latest_yearly": 11.76,
            "eps_growth_yearly": 23.46
        },
        "20232": {
            "year_quarter": 20232,
            "year": 2023,
            "quarter": 2,
            "eps": 3.08,
            "eps_growth_year": 9.03,
            "eps_4q": 13.3,
            "eps_4q_growth_year": 3.19,
            "roe": -2.63,
            "roe_4q": -11.23,
            "gross_profit": 404656,
            "gross_margin": 39.49,
            "gross_margin_4q_avg": 37.41,
            "net_income": 109380,
            "net_income_4q": null,
            "revenue": 1024627,
            "revenue_4q": null,
            "common_shares": 351,
            "book_valuer_per_share": -122.59,
            "book_valuer_per_share_4q_avg": -122.67,
            "equity": -4166566,
            "current_ratio": 146.04,
            "debt_ratio": 361.04,
            "inventory_turnover_ratio": 9.19,
            "account_receivable_turnover_ratio": 3.78,
            "reinvestment_rate": 9.39,
            "research_to_sale_ratio": null,
            "price_fair": 426.55,
            "eps_avg_yearly": 12.47,
            "eps_latest_yearly": 12.32,
            "eps_growth_yearly": 24.2
        },
        "20233": {
            "year_quarter": 20233,
            "year": 2023,
            "quarter": 3,
            "eps": 4.18,
            "eps_growth_year": 49.96,
            "eps_4q": 14.69,
            "eps_4q_growth_year": 18.19,
            "roe": -3.55,
            "roe_4q": -12.41,
            "gross_profit": 398169,
            "gross_margin": 38.76,
            "gross_margin_4q_avg": 38.17,
            "net_income": 147676,
            "net_income_4q": null,
            "revenue": 1027361,
            "revenue_4q": null,
            "common_shares": 349,
            "book_valuer_per_share": -122.67,
            "book_valuer_per_share_4q_avg": -121.99,
            "equity": -4141542,
            "current_ratio": 141.33,
            "debt_ratio": 355.74,
            "inventory_turnover_ratio": 9.3,
            "account_receivable_turnover_ratio": 3.88,
            "reinvestment_rate": 8.01,
            "research_to_sale_ratio": null,
            "price_fair": 455.09,
            "eps_avg_yearly": 13,
            "eps_latest_yearly": 16.72,
            "eps_growth_yearly": 35.14
        }
    },
    "months": {
        "2004-07": {
            "month": "2004-07",
            "price": "13.36",
            "revenue": 0
        },
        "2004-08": {
            "month": "2004-08",
            "price": "13.74",
            "revenue": 0
        },
        "2004-09": {
            "month": "2004-09",
            "price": "14.73",
            "revenue": 0
        },
        "2004-10": {
            "month": "2004-10",
            "price": "15.78",
            "revenue": 0
        },
        "2004-11": {
            "month": "2004-11",
            "price": "17.37",
            "revenue": 0
        },
        "2004-12": {
            "month": "2004-12",
            "price": "17.85",
            "revenue": 0
        },
        "2005-01": {
            "month": "2005-01",
            "price": "17.29",
            "revenue": 0
        },
        "2005-02": {
            "month": "2005-02",
            "price": "17.00",
            "revenue": 0
        },
        "2005-03": {
            "month": "2005-03",
            "price": "17.91",
            "revenue": 0
        },
        "2005-04": {
            "month": "2005-04",
            "price": "18.70",
            "revenue": 0
        },
        "2005-05": {
            "month": "2005-05",
            "price": "20.46",
            "revenue": 0
        },
        "2005-06": {
            "month": "2005-06",
            "price": "22.17",
            "revenue": 0
        },
        "2005-07": {
            "month": "2005-07",
            "price": "23.92",
            "revenue": 0
        },
        "2005-08": {
            "month": "2005-08",
            "price": "23.95",
            "revenue": 0
        },
        "2005-09": {
            "month": "2005-09",
            "price": "22.60",
            "revenue": 0
        },
        "2005-10": {
            "month": "2005-10",
            "price": "22.31",
            "revenue": 0
        },
        "2005-11": {
            "month": "2005-11",
            "price": "24.66",
            "revenue": 0
        },
        "2005-12": {
            "month": "2005-12",
            "price": "24.69",
            "revenue": 0
        },
        "2006-01": {
            "month": "2006-01",
            "price": "24.70",
            "revenue": 0
        },
        "2006-02": {
            "month": "2006-02",
            "price": "25.86",
            "revenue": 0
        },
        "2006-03": {
            "month": "2006-03",
            "price": "27.47",
            "revenue": 0
        },
        "2006-04": {
            "month": "2006-04",
            "price": "27.44",
            "revenue": 0
        },
        "2006-05": {
            "month": "2006-05",
            "price": "25.08",
            "revenue": 0
        },
        "2006-06": {
            "month": "2006-06",
            "price": "23.76",
            "revenue": 0
        },
        "2006-07": {
            "month": "2006-07",
            "price": "23.34",
            "revenue": 0
        },
        "2006-08": {
            "month": "2006-08",
            "price": "23.76",
            "revenue": 0
        },
        "2006-09": {
            "month": "2006-09",
            "price": "25.12",
            "revenue": 0
        },
        "2006-10": {
            "month": "2006-10",
            "price": "26.63",
            "revenue": 0
        },
        "2006-11": {
            "month": "2006-11",
            "price": "27.28",
            "revenue": 0
        },
        "2006-12": {
            "month": "2006-12",
            "price": "27.61",
            "revenue": 0
        },
        "2007-01": {
            "month": "2007-01",
            "price": "28.56",
            "revenue": 0
        },
        "2007-02": {
            "month": "2007-02",
            "price": "31.18",
            "revenue": 0
        },
        "2007-03": {
            "month": "2007-03",
            "price": "31.50",
            "revenue": 0
        },
        "2007-04": {
            "month": "2007-04",
            "price": "33.18",
            "revenue": 0
        },
        "2007-05": {
            "month": "2007-05",
            "price": "22.03",
            "revenue": 0
        },
        "2007-06": {
            "month": "2007-06",
            "price": "18.89",
            "revenue": 0
        },
        "2007-07": {
            "month": "2007-07",
            "price": "18.97",
            "revenue": 0
        },
        "2007-08": {
            "month": "2007-08",
            "price": "17.55",
            "revenue": 0
        },
        "2007-09": {
            "month": "2007-09",
            "price": "17.04",
            "revenue": 0
        },
        "2007-10": {
            "month": "2007-10",
            "price": "15.86",
            "revenue": 0
        },
        "2007-11": {
            "month": "2007-11",
            "price": "13.94",
            "revenue": 0
        },
        "2007-12": {
            "month": "2007-12",
            "price": "13.30",
            "revenue": 0
        },
        "2008-01": {
            "month": "2008-01",
            "price": "12.48",
            "revenue": 0
        },
        "2008-02": {
            "month": "2008-02",
            "price": "13.63",
            "revenue": 0
        },
        "2008-03": {
            "month": "2008-03",
            "price": "13.52",
            "revenue": 0
        },
        "2008-04": {
            "month": "2008-04",
            "price": "13.21",
            "revenue": 0
        },
        "2008-05": {
            "month": "2008-05",
            "price": "13.25",
            "revenue": 0
        },
        "2008-06": {
            "month": "2008-06",
            "price": "12.60",
            "revenue": 0
        },
        "2008-07": {
            "month": "2008-07",
            "price": "11.56",
            "revenue": 0
        },
        "2008-08": {
            "month": "2008-08",
            "price": "13.42",
            "revenue": 0
        },
        "2008-09": {
            "month": "2008-09",
            "price": "12.88",
            "revenue": 0
        },
        "2008-10": {
            "month": "2008-10",
            "price": "7.62",
            "revenue": 0
        },
        "2008-11": {
            "month": "2008-11",
            "price": "4.17",
            "revenue": 0
        },
        "2008-12": {
            "month": "2008-12",
            "price": "4.15",
            "revenue": 0
        },
        "2009-01": {
            "month": "2009-01",
            "price": "6.20",
            "revenue": 0
        },
        "2009-02": {
            "month": "2009-02",
            "price": "6.58",
            "revenue": 0
        },
        "2009-03": {
            "month": "2009-03",
            "price": "6.43",
            "revenue": 0
        },
        "2009-04": {
            "month": "2009-04",
            "price": "7.48",
            "revenue": 0
        },
        "2009-05": {
            "month": "2009-05",
            "price": "8.74",
            "revenue": 0
        },
        "2009-06": {
            "month": "2009-06",
            "price": "8.07",
            "revenue": 0
        },
        "2009-07": {
            "month": "2009-07",
            "price": "8.01",
            "revenue": 0
        },
        "2009-08": {
            "month": "2009-08",
            "price": "7.93",
            "revenue": 0
        },
        "2009-09": {
            "month": "2009-09",
            "price": "8.52",
            "revenue": 0
        },
        "2009-10": {
            "month": "2009-10",
            "price": "8.26",
            "revenue": 0
        },
        "2009-11": {
            "month": "2009-11",
            "price": "7.71",
            "revenue": 0
        },
        "2009-12": {
            "month": "2009-12",
            "price": "7.99",
            "revenue": 0
        },
        "2010-01": {
            "month": "2010-01",
            "price": "10.42",
            "revenue": 0
        },
        "2010-02": {
            "month": "2010-02",
            "price": "11.65",
            "revenue": 0
        },
        "2010-03": {
            "month": "2010-03",
            "price": "13.77",
            "revenue": 0
        },
        "2010-04": {
            "month": "2010-04",
            "price": "14.96",
            "revenue": 0
        },
        "2010-05": {
            "month": "2010-05",
            "price": "13.55",
            "revenue": 0
        },
        "2010-06": {
            "month": "2010-06",
            "price": "12.35",
            "revenue": 0
        },
        "2010-07": {
            "month": "2010-07",
            "price": "12.38",
            "revenue": 0
        },
        "2010-08": {
            "month": "2010-08",
            "price": "12.98",
            "revenue": 0
        },
        "2010-09": {
            "month": "2010-09",
            "price": "13.65",
            "revenue": 0
        },
        "2010-10": {
            "month": "2010-10",
            "price": "14.52",
            "revenue": 0
        },
        "2010-11": {
            "month": "2010-11",
            "price": "14.82",
            "revenue": 0
        },
        "2010-12": {
            "month": "2010-12",
            "price": "15.56",
            "revenue": 0
        },
        "2011-01": {
            "month": "2011-01",
            "price": "16.65",
            "revenue": 0
        },
        "2011-02": {
            "month": "2011-02",
            "price": "16.81",
            "revenue": 0
        },
        "2011-03": {
            "month": "2011-03",
            "price": "17.64",
            "revenue": 0
        },
        "2011-04": {
            "month": "2011-04",
            "price": "18.29",
            "revenue": 0
        },
        "2011-05": {
            "month": "2011-05",
            "price": "22.96",
            "revenue": 0
        },
        "2011-06": {
            "month": "2011-06",
            "price": "24.24",
            "revenue": 0
        },
        "2011-07": {
            "month": "2011-07",
            "price": "26.05",
            "revenue": 0
        },
        "2011-08": {
            "month": "2011-08",
            "price": "26.02",
            "revenue": 0
        },
        "2011-09": {
            "month": "2011-09",
            "price": "27.62",
            "revenue": 0
        },
        "2011-10": {
            "month": "2011-10",
            "price": "29.39",
            "revenue": 0
        },
        "2011-11": {
            "month": "2011-11",
            "price": "31.97",
            "revenue": 0
        },
        "2011-12": {
            "month": "2011-12",
            "price": "33.77",
            "revenue": 0
        },
        "2012-01": {
            "month": "2012-01",
            "price": "32.91",
            "revenue": 0
        },
        "2012-02": {
            "month": "2012-02",
            "price": "33.66",
            "revenue": 0
        },
        "2012-03": {
            "month": "2012-03",
            "price": "38.51",
            "revenue": 0
        },
        "2012-04": {
            "month": "2012-04",
            "price": "35.77",
            "revenue": 0
        },
        "2012-05": {
            "month": "2012-05",
            "price": "31.93",
            "revenue": 0
        },
        "2012-06": {
            "month": "2012-06",
            "price": "29.54",
            "revenue": 0
        },
        "2012-07": {
            "month": "2012-07",
            "price": "32.09",
            "revenue": 0
        },
        "2012-08": {
            "month": "2012-08",
            "price": "34.97",
            "revenue": 0
        },
        "2012-09": {
            "month": "2012-09",
            "price": "35.48",
            "revenue": 0
        },
        "2012-10": {
            "month": "2012-10",
            "price": "39.18",
            "revenue": 0
        },
        "2012-11": {
            "month": "2012-11",
            "price": "40.80",
            "revenue": 0
        },
        "2012-12": {
            "month": "2012-12",
            "price": "42.33",
            "revenue": 0
        },
        "2013-01": {
            "month": "2013-01",
            "price": "45.76",
            "revenue": 0
        },
        "2013-02": {
            "month": "2013-02",
            "price": "46.15",
            "revenue": 0
        },
        "2013-03": {
            "month": "2013-03",
            "price": "50.15",
            "revenue": 0
        },
        "2013-04": {
            "month": "2013-04",
            "price": "51.23",
            "revenue": 0
        },
        "2013-05": {
            "month": "2013-05",
            "price": "57.73",
            "revenue": 0
        },
        "2013-06": {
            "month": "2013-06",
            "price": "59.09",
            "revenue": 0
        },
        "2013-07": {
            "month": "2013-07",
            "price": "62.05",
            "revenue": 0
        },
        "2013-08": {
            "month": "2013-08",
            "price": "62.25",
            "revenue": 0
        },
        "2013-09": {
            "month": "2013-09",
            "price": "65.52",
            "revenue": 0
        },
        "2013-10": {
            "month": "2013-10",
            "price": "67.59",
            "revenue": 0
        },
        "2013-11": {
            "month": "2013-11",
            "price": "68.38",
            "revenue": 0
        },
        "2013-12": {
            "month": "2013-12",
            "price": "69.47",
            "revenue": 0
        },
        "2014-01": {
            "month": "2014-01",
            "price": "70.58",
            "revenue": 0
        },
        "2014-02": {
            "month": "2014-02",
            "price": "72.06",
            "revenue": 0
        },
        "2014-03": {
            "month": "2014-03",
            "price": "78.33",
            "revenue": 0
        },
        "2014-04": {
            "month": "2014-04",
            "price": "74.94",
            "revenue": 0
        },
        "2014-05": {
            "month": "2014-05",
            "price": "72.06",
            "revenue": 0
        },
        "2014-06": {
            "month": "2014-06",
            "price": "72.59",
            "revenue": 0
        },
        "2014-07": {
            "month": "2014-07",
            "price": "73.77",
            "revenue": 0
        },
        "2014-08": {
            "month": "2014-08",
            "price": "73.69",
            "revenue": 0
        },
        "2014-09": {
            "month": "2014-09",
            "price": "76.32",
            "revenue": 0
        },
        "2014-10": {
            "month": "2014-10",
            "price": "82.95",
            "revenue": 0
        },
        "2014-11": {
            "month": "2014-11",
            "price": "91.75",
            "revenue": 0
        },
        "2014-12": {
            "month": "2014-12",
            "price": "94.82",
            "revenue": 0
        },
        "2015-01": {
            "month": "2015-01",
            "price": "98.54",
            "revenue": 0
        },
        "2015-02": {
            "month": "2015-02",
            "price": "101.14",
            "revenue": 0
        },
        "2015-03": {
            "month": "2015-03",
            "price": "101.91",
            "revenue": 0
        },
        "2015-04": {
            "month": "2015-04",
            "price": "102.84",
            "revenue": 0
        },
        "2015-05": {
            "month": "2015-05",
            "price": "108.96",
            "revenue": 0
        },
        "2015-06": {
            "month": "2015-06",
            "price": "111.50",
            "revenue": 0
        },
        "2015-07": {
            "month": "2015-07",
            "price": "113.72",
            "revenue": 0
        },
        "2015-08": {
            "month": "2015-08",
            "price": "110.56",
            "revenue": 0
        },
        "2015-09": {
            "month": "2015-09",
            "price": "109.12",
            "revenue": 0
        },
        "2015-10": {
            "month": "2015-10",
            "price": "106.09",
            "revenue": 0
        },
        "2015-11": {
            "month": "2015-11",
            "price": "105.31",
            "revenue": 0
        },
        "2015-12": {
            "month": "2015-12",
            "price": "109.64",
            "revenue": 0
        },
        "2016-01": {
            "month": "2016-01",
            "price": "108.98",
            "revenue": 0
        },
        "2016-02": {
            "month": "2016-02",
            "price": "115.15",
            "revenue": 0
        },
        "2016-03": {
            "month": "2016-03",
            "price": "131.84",
            "revenue": 0
        },
        "2016-04": {
            "month": "2016-04",
            "price": "134.49",
            "revenue": 0
        },
        "2016-05": {
            "month": "2016-05",
            "price": "121.20",
            "revenue": 0
        },
        "2016-06": {
            "month": "2016-06",
            "price": "125.69",
            "revenue": 0
        },
        "2016-07": {
            "month": "2016-07",
            "price": "139.30",
            "revenue": 0
        },
        "2016-08": {
            "month": "2016-08",
            "price": "147.16",
            "revenue": 0
        },
        "2016-09": {
            "month": "2016-09",
            "price": "151.23",
            "revenue": 0
        },
        "2016-10": {
            "month": "2016-10",
            "price": "158.23",
            "revenue": 0
        },
        "2016-11": {
            "month": "2016-11",
            "price": "166.12",
            "revenue": 0
        },
        "2016-12": {
            "month": "2016-12",
            "price": "163.15",
            "revenue": 0
        },
        "2017-01": {
            "month": "2017-01",
            "price": "167.30",
            "revenue": 0
        },
        "2017-02": {
            "month": "2017-02",
            "price": "183.60",
            "revenue": 0
        },
        "2017-03": {
            "month": "2017-03",
            "price": "185.66",
            "revenue": 0
        },
        "2017-04": {
            "month": "2017-04",
            "price": "179.47",
            "revenue": 0
        },
        "2017-05": {
            "month": "2017-05",
            "price": "196.60",
            "revenue": 0
        },
        "2017-06": {
            "month": "2017-06",
            "price": "213.81",
            "revenue": 0
        },
        "2017-07": {
            "month": "2017-07",
            "price": "204.94",
            "revenue": 0
        },
        "2017-08": {
            "month": "2017-08",
            "price": "188.43",
            "revenue": 0
        },
        "2017-09": {
            "month": "2017-09",
            "price": "191.70",
            "revenue": 0
        },
        "2017-10": {
            "month": "2017-10",
            "price": "193.96",
            "revenue": 0
        },
        "2017-11": {
            "month": "2017-11",
            "price": "175.87",
            "revenue": 0
        },
        "2017-12": {
            "month": "2017-12",
            "price": "185.49",
            "revenue": 0
        },
        "2018-01": {
            "month": "2018-01",
            "price": "208.95",
            "revenue": 0
        },
        "2018-02": {
            "month": "2018-02",
            "price": "216.76",
            "revenue": 0
        },
        "2018-03": {
            "month": "2018-03",
            "price": "227.20",
            "revenue": 0
        },
        "2018-04": {
            "month": "2018-04",
            "price": "235.83",
            "revenue": 0
        },
        "2018-05": {
            "month": "2018-05",
            "price": "248.46",
            "revenue": 0
        },
        "2018-06": {
            "month": "2018-06",
            "price": "276.13",
            "revenue": 0
        },
        "2018-07": {
            "month": "2018-07",
            "price": "273.54",
            "revenue": 0
        },
        "2018-08": {
            "month": "2018-08",
            "price": "288.48",
            "revenue": 0
        },
        "2018-09": {
            "month": "2018-09",
            "price": "287.56",
            "revenue": 0
        },
        "2018-10": {
            "month": "2018-10",
            "price": "271.48",
            "revenue": 0
        },
        "2018-11": {
            "month": "2018-11",
            "price": "266.38",
            "revenue": 0
        },
        "2018-12": {
            "month": "2018-12",
            "price": "250.21",
            "revenue": 0
        },
        "2019-01": {
            "month": "2019-01",
            "price": "258.83",
            "revenue": 0
        },
        "2019-02": {
            "month": "2019-02",
            "price": "275.74",
            "revenue": 0
        },
        "2019-03": {
            "month": "2019-03",
            "price": "247.03",
            "revenue": 0
        },
        "2019-04": {
            "month": "2019-04",
            "price": "260.23",
            "revenue": 0
        },
        "2019-05": {
            "month": "2019-05",
            "price": "279.48",
            "revenue": 0
        },
        "2019-06": {
            "month": "2019-06",
            "price": "280.87",
            "revenue": 0
        },
        "2019-07": {
            "month": "2019-07",
            "price": "264.37",
            "revenue": 0
        },
        "2019-08": {
            "month": "2019-08",
            "price": "235.45",
            "revenue": 0
        },
        "2019-09": {
            "month": "2019-09",
            "price": "242.75",
            "revenue": 0
        },
        "2019-10": {
            "month": "2019-10",
            "price": "256.02",
            "revenue": 0
        },
        "2019-11": {
            "month": "2019-11",
            "price": "282.71",
            "revenue": 0
        },
        "2019-12": {
            "month": "2019-12",
            "price": "290.26",
            "revenue": 0
        },
        "2020-01": {
            "month": "2020-01",
            "price": "287.37",
            "revenue": 0
        },
        "2020-02": {
            "month": "2020-02",
            "price": "311.05",
            "revenue": 0
        },
        "2020-03": {
            "month": "2020-03",
            "price": "326.38",
            "revenue": 0
        },
        "2020-04": {
            "month": "2020-04",
            "price": "354.53",
            "revenue": 0
        },
        "2020-05": {
            "month": "2020-05",
            "price": "371.67",
            "revenue": 0
        },
        "2020-06": {
            "month": "2020-06",
            "price": "378.74",
            "revenue": 0
        },
        "2020-07": {
            "month": "2020-07",
            "price": "389.40",
            "revenue": 0
        },
        "2020-08": {
            "month": "2020-08",
            "price": "404.29",
            "revenue": 0
        },
        "2020-09": {
            "month": "2020-09",
            "price": "401.22",
            "revenue": 0
        },
        "2020-10": {
            "month": "2020-10",
            "price": "402.13",
            "revenue": 0
        },
        "2020-11": {
            "month": "2020-11",
            "price": "387.20",
            "revenue": 0
        },
        "2020-12": {
            "month": "2020-12",
            "price": "389.22",
            "revenue": 0
        },
        "2021-01": {
            "month": "2021-01",
            "price": "379.71",
            "revenue": 0
        },
        "2021-02": {
            "month": "2021-02",
            "price": "372.25",
            "revenue": 0
        },
        "2021-03": {
            "month": "2021-03",
            "price": "357.55",
            "revenue": 0
        },
        "2021-04": {
            "month": "2021-04",
            "price": "394.15",
            "revenue": 0
        },
        "2021-05": {
            "month": "2021-05",
            "price": "427.91",
            "revenue": 0
        },
        "2021-06": {
            "month": "2021-06",
            "price": "448.96",
            "revenue": 0
        },
        "2021-07": {
            "month": "2021-07",
            "price": "495.35",
            "revenue": 0
        },
        "2021-08": {
            "month": "2021-08",
            "price": "520.36",
            "revenue": 0
        },
        "2021-09": {
            "month": "2021-09",
            "price": "502.54",
            "revenue": 0
        },
        "2021-10": {
            "month": "2021-10",
            "price": "472.92",
            "revenue": 0
        },
        "2021-11": {
            "month": "2021-11",
            "price": "514.72",
            "revenue": 0
        },
        "2021-12": {
            "month": "2021-12",
            "price": "536.24",
            "revenue": 0
        },
        "2022-01": {
            "month": "2022-01",
            "price": "476.84",
            "revenue": 0
        },
        "2022-02": {
            "month": "2022-02",
            "price": "434.00",
            "revenue": 0
        },
        "2022-03": {
            "month": "2022-03",
            "price": "402.24",
            "revenue": 0
        },
        "2022-04": {
            "month": "2022-04",
            "price": "384.19",
            "revenue": 0
        },
        "2022-05": {
            "month": "2022-05",
            "price": "342.68",
            "revenue": 0
        },
        "2022-06": {
            "month": "2022-06",
            "price": "383.53",
            "revenue": 0
        },
        "2022-07": {
            "month": "2022-07",
            "price": "399.16",
            "revenue": 0
        },
        "2022-08": {
            "month": "2022-08",
            "price": "397.20",
            "revenue": 0
        },
        "2022-09": {
            "month": "2022-09",
            "price": "341.66",
            "revenue": 0
        },
        "2022-10": {
            "month": "2022-10",
            "price": "322.55",
            "revenue": 0
        },
        "2022-11": {
            "month": "2022-11",
            "price": "364.63",
            "revenue": 0
        },
        "2022-12": {
            "month": "2022-12",
            "price": "362.07",
            "revenue": 0
        },
        "2023-01": {
            "month": "2023-01",
            "price": "344.87",
            "revenue": 0
        },
        "2023-02": {
            "month": "2023-02",
            "price": "343.49",
            "revenue": 0
        },
        "2023-03": {
            "month": "2023-03",
            "price": "313.60",
            "revenue": 0
        },
        "2023-04": {
            "month": "2023-04",
            "price": "328.49",
            "revenue": 0
        },
        "2023-05": {
            "month": "2023-05",
            "price": "306.52",
            "revenue": 0
        },
        "2023-06": {
            "month": "2023-06",
            "price": "313.39",
            "revenue": 0
        },
        "2023-07": {
            "month": "2023-07",
            "price": "376.83",
            "revenue": 0
        },
        "2023-08": {
            "month": "2023-08",
            "price": "390.42",
            "revenue": 0
        },
        "2023-09": {
            "month": "2023-09",
            "price": "386.49",
            "revenue": 0
        },
        "2023-10": {
            "month": "2023-10",
            "price": "351.48",
            "revenue": 0
        },
        "2023-11": {
            "month": "2023-11",
            "price": "373.08",
            "revenue": 0
        },
        "2023-12": {
            "month": "2023-12",
            "price": "403.03",
            "revenue": 0
        }
    }
}
