{
    "summary": {
        "stock_name": "eBay Inc",
        "stock_id": "EBAY",
        "category": "Retail/Wholesale",
        "main_business": "eBay Inc.初建於1995年9月，於1996年5月在加利福尼亞註冊成立。該公司是一個全球商務平臺和網上支付的領導者。eBay公司主要提供網上商品和服務的銷售，同時也對各領域的個人和商家提供網上商務，或電子商務、平臺、網上支付和網上通訊服務。",
        "website_url": "https://www.ebayinc.com/",
        "ceo": "Jamie Iannone",
        "pe_ratio": 13,
        "report_year_from": 1998,
        "report_year_to": 2023,
        "age": 25,
        "eps_negative_percentage": 9,
        "eps_growth_avg": {
            "last_all": 10.67,
            "last_2y": -28.68,
            "last_4y": -16.81,
            "last_8y": -19.26,
            "last_12y": -6.68,
            "last_16y": -1.77,
            "last_20y": 10.67,
            "at_2006_last_3y": 41.97,
            "at_2007_last_3y": 27.91,
            "at_2008_last_3y": 26.52,
            "at_2009_last_3y": 12.99,
            "at_2010_last_3y": 17.67,
            "at_2011_last_3y": 14.59,
            "at_2012_last_3y": 11.8,
            "at_2013_last_3y": 18.48,
            "at_2014_last_3y": -11.52,
            "at_2015_last_3y": -16.33,
            "at_2016_last_3y": 3.15,
            "at_2017_last_3y": -23.35,
            "at_2018_last_3y": 12.56,
            "at_2019_last_3y": 7.98,
            "at_2020_last_3y": 7.22,
            "at_2021_last_3y": 3.99,
            "at_2022_last_3y": -22.94,
            "at_2023_last_3y": -22.94,
            "at_2006_last_all": 48.58,
            "at_2007_last_all": 43.01,
            "at_2008_last_all": 44.4,
            "at_2009_last_all": 36.69,
            "at_2010_last_all": 34.84,
            "at_2011_last_all": 31.65,
            "at_2012_last_all": 32.55,
            "at_2013_last_all": 30.62,
            "at_2014_last_all": 20.57,
            "at_2015_last_all": 20.57,
            "at_2016_last_all": 26.25,
            "at_2017_last_all": 19.83,
            "at_2018_last_all": 19.07,
            "at_2019_last_all": 17.61,
            "at_2020_last_all": 22.02,
            "at_2021_last_all": 16.49,
            "at_2022_last_all": 10.67,
            "at_2023_last_all": 10.67
        },
        "latest_eps": 2.97,
        "latest_price": 37.99,
        "latest_roe": 25.98,
        "latest_gross_margin": 71.73,
        "latest_equity": 5268000,
        "latest_revenue": 2540000,
        "latest_gross_profit": 1822000,
        "latest_net_income": 172000,
        "latest_debt_ratio": 73.6,
        "latest_current_ratio": 245.2,
        "latest_account_receivable_turnover_ratio": 2.68,
        "latest_inventory_turnover_ratio": null,
        "latest_reinvestment_rate": -14,
        "latest_research_to_sale_ratio": 15.43
    },
    "eps_dividends": {
        "2001": {
            "cash": 0,
            "stock": 0,
            "eps": 0.12
        },
        "2002": {
            "cash": 0,
            "stock": 0,
            "eps": 0.21
        },
        "2003": {
            "cash": 0,
            "stock": 0,
            "eps": 0.36
        },
        "2004": {
            "cash": 0,
            "stock": 0,
            "eps": 0.57
        },
        "2005": {
            "cash": 0,
            "stock": 0,
            "eps": 0.78
        },
        "2006": {
            "cash": 0,
            "stock": 0,
            "eps": 0.79
        },
        "2007": {
            "cash": 0,
            "stock": 0,
            "eps": 0.91
        },
        "2008": {
            "cash": 0,
            "stock": 0,
            "eps": 1.39
        },
        "2009": {
            "cash": 0,
            "stock": 0,
            "eps": 1.15
        },
        "2010": {
            "cash": 0,
            "stock": 0,
            "eps": 1.38
        },
        "2011": {
            "cash": 0,
            "stock": 0,
            "eps": 1.42
        },
        "2012": {
            "cash": 0,
            "stock": 0,
            "eps": 2.01
        },
        "2013": {
            "cash": 0,
            "stock": 0,
            "eps": 2.2
        },
        "2014": {
            "cash": 0,
            "stock": 0,
            "eps": -0.25
        },
        "2015": {
            "cash": 0,
            "stock": 0,
            "eps": 1.61
        },
        "2016": {
            "cash": 0,
            "stock": 0,
            "eps": 6.48
        },
        "2017": {
            "cash": 0,
            "stock": 0,
            "eps": 1.94
        },
        "2018": {
            "cash": 0,
            "stock": 0,
            "eps": 2.09
        },
        "2019": {
            "cash": 0.56,
            "stock": 0,
            "eps": 1.97
        },
        "2020": {
            "cash": 0.64,
            "stock": 0,
            "eps": 3.88
        },
        "2021": {
            "cash": 0.72,
            "stock": 0,
            "eps": 0.66
        },
        "2022": {
            "cash": 0.88,
            "stock": 0,
            "eps": -1.72
        },
        "2023": {
            "cash": 0.5,
            "stock": 0,
            "eps": 1.65
        }
    },
    "dividends": {
        "2019-03-20": {
            "cash": 0.14,
            "stock": 0
        },
        "2019-06-20": {
            "cash": 0.14,
            "stock": 0
        },
        "2019-09-20": {
            "cash": 0.14,
            "stock": 0
        },
        "2019-12-20": {
            "cash": 0.14,
            "stock": 0
        },
        "2020-03-20": {
            "cash": 0.16,
            "stock": 0
        },
        "2020-06-19": {
            "cash": 0.16,
            "stock": 0
        },
        "2020-09-18": {
            "cash": 0.16,
            "stock": 0
        },
        "2020-12-18": {
            "cash": 0.16,
            "stock": 0
        },
        "2021-03-19": {
            "cash": 0.18,
            "stock": 0
        },
        "2021-06-18": {
            "cash": 0.18,
            "stock": 0
        },
        "2021-09-17": {
            "cash": 0.18,
            "stock": 0
        },
        "2021-12-17": {
            "cash": 0.18,
            "stock": 0
        },
        "2022-03-18": {
            "cash": 0.22,
            "stock": 0
        },
        "2022-06-17": {
            "cash": 0.22,
            "stock": 0
        },
        "2022-09-17": {
            "cash": 0.22,
            "stock": 0
        },
        "2022-12-16": {
            "cash": 0.22,
            "stock": 0
        },
        "2023-06-16": {
            "cash": 0.25,
            "stock": 0
        },
        "2023-09-15": {
            "cash": 0.25,
            "stock": 0
        }
    },
    "prices": {
        "200101": "10.89",
        "200102": "11.51",
        "200103": "9.09",
        "200104": "10.48",
        "200105": "14.37",
        "200106": "16.41",
        "200107": "16.18",
        "200108": "14.87",
        "200109": "12.28",
        "200110": "13.77",
        "200111": "14.95",
        "200112": "16.82",
        "200201": "15.68",
        "200202": "13.85",
        "200203": "14.48",
        "200204": "13.35",
        "200205": "13.71",
        "200206": "14.75",
        "200207": "14.53",
        "200208": "14.40",
        "200209": "14.21",
        "200210": "14.44",
        "200211": "16.54",
        "200212": "17.15",
        "200301": "18.35",
        "200302": "18.83",
        "200303": "21.07",
        "200304": "22.52",
        "200305": "24.32",
        "200306": "25.20",
        "200307": "27.87",
        "200308": "26.60",
        "200309": "26.91",
        "200310": "28.48",
        "200311": "27.43",
        "200312": "29.59",
        "200401": "33.01",
        "200402": "33.89",
        "200403": "34.12",
        "200404": "38.59",
        "200405": "40.82",
        "200406": "44.22",
        "200407": "40.90",
        "200408": "39.89",
        "200409": "45.28",
        "200410": "47.51",
        "200411": "53.39",
        "200412": "57.69",
        "200501": "48.64",
        "200502": "40.87",
        "200503": "38.14",
        "200504": "33.69",
        "200505": "35.19",
        "200506": "36.49",
        "200507": "37.00",
        "200508": "41.17",
        "200509": "38.75",
        "200510": "39.74",
        "200511": "43.64",
        "200512": "44.54",
        "200601": "44.89",
        "200602": "40.78",
        "200603": "38.63",
        "200604": "37.33",
        "200605": "31.98",
        "200606": "30.55",
        "200607": "25.99",
        "200608": "25.62",
        "200609": "27.52",
        "200610": "30.22",
        "200611": "32.82",
        "200612": "31.59",
        "200701": "30.46",
        "200702": "33.09",
        "200703": "31.76",
        "200704": "33.96",
        "200705": "33.45",
        "200706": "31.62",
        "200707": "33.26",
        "200708": "34.36",
        "200709": "37.40",
        "200710": "38.00",
        "200711": "33.04",
        "200712": "33.40",
        "200801": "28.81",
        "200802": "27.75",
        "200803": "27.56",
        "200804": "31.49",
        "200805": "30.64",
        "200806": "28.58",
        "200807": "26.24",
        "200808": "25.39",
        "200809": "22.66",
        "200810": "16.36",
        "200811": "13.18",
        "200812": "13.92",
        "200901": "13.31",
        "200902": "12.54",
        "200903": "11.79",
        "200904": "14.85",
        "200905": "17.16",
        "200906": "17.43",
        "200907": "18.66",
        "200908": "21.98",
        "200909": "23.32",
        "200910": "24.02",
        "200911": "23.36",
        "200912": "23.21",
        "201001": "23.40",
        "201002": "22.75",
        "201003": "26.06",
        "201004": "25.88",
        "201005": "22.09",
        "201006": "21.54",
        "201007": "20.48",
        "201008": "22.25",
        "201009": "24.35",
        "201010": "26.15",
        "201011": "30.34",
        "201012": "29.41",
        "201101": "29.44",
        "201102": "33.28",
        "201103": "31.16",
        "201104": "31.93",
        "201105": "32.48",
        "201106": "29.76",
        "201107": "33.09",
        "201108": "29.80",
        "201109": "31.01",
        "201110": "31.99",
        "201111": "30.62",
        "201112": "30.52",
        "201201": "31.26",
        "201202": "34.14",
        "201203": "36.87",
        "201204": "37.76",
        "201205": "40.03",
        "201206": "41.26",
        "201207": "41.87",
        "201208": "45.77",
        "201209": "48.90",
        "201210": "48.51",
        "201211": "49.00",
        "201212": "51.33",
        "201301": "53.97",
        "201302": "55.79",
        "201303": "52.69",
        "201304": "54.74",
        "201305": "54.95",
        "201306": "51.78",
        "201307": "53.67",
        "201308": "52.31",
        "201309": "53.98",
        "201310": "53.30",
        "201311": "51.51",
        "201312": "52.86",
        "201401": "53.20",
        "201402": "55.09",
        "201403": "57.26",
        "201404": "54.41",
        "201405": "51.36",
        "201406": "49.51",
        "201407": "51.61",
        "201408": "54.10",
        "201409": "52.90",
        "201410": "51.63",
        "201411": "54.19",
        "201412": "56.09",
        "201501": "54.87",
        "201502": "56.14",
        "201503": "58.74",
        "201504": "57.44",
        "201505": "59.15",
        "201506": "61.13",
        "201507": "47.15",
        "201508": "27.46",
        "201509": "25.87",
        "201510": "25.82",
        "201511": "28.92",
        "201512": "28.22",
        "201601": "25.74",
        "201602": "23.31",
        "201603": "24.02",
        "201604": "24.58",
        "201605": "23.87",
        "201606": "23.94",
        "201607": "27.18",
        "201608": "31.09",
        "201609": "32.08",
        "201610": "30.78",
        "201611": "28.43",
        "201612": "29.39",
        "201701": "30.67",
        "201702": "33.32",
        "201703": "33.45",
        "201704": "33.57",
        "201705": "34.03",
        "201706": "34.97",
        "201707": "35.99",
        "201708": "35.33",
        "201709": "37.91",
        "201710": "37.87",
        "201711": "36.06",
        "201712": "37.40",
        "201801": "39.20",
        "201802": "42.99",
        "201803": "42.15",
        "201804": "40.10",
        "201805": "38.00",
        "201806": "38.69",
        "201807": "35.87",
        "201808": "34.16",
        "201809": "33.92",
        "201810": "30.54",
        "201811": "29.01",
        "201812": "28.48",
        "201901": "31.27",
        "201902": "36.28",
        "201903": "36.68",
        "201904": "37.36",
        "201905": "36.90",
        "201906": "38.59",
        "201907": "40.32",
        "201908": "40.00",
        "201909": "40.00",
        "201910": "37.76",
        "201911": "35.25",
        "201912": "35.48",
        "202001": "35.43",
        "202002": "36.81",
        "202003": "32.55",
        "202004": "35.56",
        "202005": "42.23",
        "202006": "48.73",
        "202007": "56.80",
        "202008": "56.44",
        "202009": "51.95",
        "202010": "53.14",
        "202011": "48.97",
        "202012": "50.86",
        "202101": "55.49",
        "202102": "60.91",
        "202103": "57.63",
        "202104": "61.94",
        "202105": "59.99",
        "202106": "65.92",
        "202107": "70.13",
        "202108": "71.58",
        "202109": "73.31",
        "202110": "74.78",
        "202111": "73.71",
        "202112": "65.88",
        "202201": "62.28",
        "202202": "57.53",
        "202203": "55.33",
        "202204": "54.49",
        "202205": "47.58",
        "202206": "44.45",
        "202207": "44.82",
        "202208": "47.30",
        "202209": "41.28",
        "202210": "38.36",
        "202211": "43.52",
        "202212": "42.38",
        "202301": "46.31",
        "202302": "48.45",
        "202303": "43.22",
        "202304": "43.90",
        "202305": "44.50",
        "202306": "44.73",
        "202307": "46.53",
        "202308": "43.65",
        "202309": "43.80",
        "202310": "41.73"
    },
    "quarters": {
        "20011": {
            "year_quarter": 20011,
            "year": 2001,
            "quarter": 1,
            "eps": 0.03,
            "eps_growth_year": 1831.49,
            "eps_4q": 0.08,
            "eps_4q_growth_year": 676,
            "roe": 1.91,
            "roe_4q": 1.91,
            "gross_profit": 127088,
            "gross_margin": 82.48,
            "gross_margin_4q_avg": 82.48,
            "net_income": 19623,
            "net_income_4q": null,
            "revenue": 154090,
            "revenue_4q": null,
            "common_shares": 269,
            "book_valuer_per_share": 0.86,
            "book_valuer_per_share_4q_avg": 0.86,
            "equity": 1044272,
            "current_ratio": 512.07,
            "debt_ratio": 16.93,
            "inventory_turnover_ratio": null,
            "account_receivable_turnover_ratio": 2.16,
            "reinvestment_rate": null,
            "research_to_sale_ratio": 10.21,
            "price_fair": 0,
            "eps_avg_yearly": 0,
            "eps_latest_yearly": 0,
            "eps_growth_yearly": 0
        },
        "20012": {
            "year_quarter": 20012,
            "year": 2001,
            "quarter": 2,
            "eps": 0.04,
            "eps_growth_year": 436.83,
            "eps_4q": 0.11,
            "eps_4q_growth_year": 690.87,
            "roe": 2.06,
            "roe_4q": 3.9699999999999998,
            "gross_profit": 148033,
            "gross_margin": 81.83,
            "gross_margin_4q_avg": 82.16,
            "net_income": 23366,
            "net_income_4q": null,
            "revenue": 180905,
            "revenue_4q": null,
            "common_shares": 273,
            "book_valuer_per_share": 0.93,
            "book_valuer_per_share_4q_avg": 0.9,
            "equity": 1228484,
            "current_ratio": 480.12,
            "debt_ratio": 16.75,
            "inventory_turnover_ratio": null,
            "account_receivable_turnover_ratio": 2.02,
            "reinvestment_rate": null,
            "research_to_sale_ratio": 9.76,
            "price_fair": 0,
            "eps_avg_yearly": 0,
            "eps_latest_yearly": 0,
            "eps_growth_yearly": 0
        },
        "20013": {
            "year_quarter": 20013,
            "year": 2001,
            "quarter": 3,
            "eps": 0.03,
            "eps_growth_year": 111.47,
            "eps_4q": 0.12,
            "eps_4q_growth_year": 369.02,
            "roe": 1.25,
            "roe_4q": 5.22,
            "gross_profit": 159472,
            "gross_margin": 82.02,
            "gross_margin_4q_avg": 82.11,
            "net_income": 15901,
            "net_income_4q": null,
            "revenue": 194425,
            "revenue_4q": null,
            "common_shares": 275,
            "book_valuer_per_share": 1,
            "book_valuer_per_share_4q_avg": 0.93,
            "equity": 1310777,
            "current_ratio": 482.13,
            "debt_ratio": 15.36,
            "inventory_turnover_ratio": null,
            "account_receivable_turnover_ratio": 1.93,
            "reinvestment_rate": null,
            "research_to_sale_ratio": 10.38,
            "price_fair": 0,
            "eps_avg_yearly": 0,
            "eps_latest_yearly": 0,
            "eps_growth_yearly": 0
        },
        "20014": {
            "year_quarter": 20014,
            "year": 2001,
            "quarter": 4,
            "eps": 0.02,
            "eps_growth_year": -0.09,
            "eps_4q": 0.12,
            "eps_4q_growth_year": 177.01,
            "roe": 1.76,
            "roe_4q": 6.98,
            "gross_profit": 179412,
            "gross_margin": 81.77,
            "gross_margin_4q_avg": 82.03,
            "net_income": 24044,
            "net_income_4q": null,
            "revenue": 219401,
            "revenue_4q": null,
            "common_shares": 277,
            "book_valuer_per_share": 1.11,
            "book_valuer_per_share_4q_avg": 0.98,
            "equity": 1429138,
            "current_ratio": 490.62,
            "debt_ratio": 14.86,
            "inventory_turnover_ratio": null,
            "account_receivable_turnover_ratio": 2.2,
            "reinvestment_rate": null,
            "research_to_sale_ratio": 9.9,
            "price_fair": 0,
            "eps_avg_yearly": 0,
            "eps_latest_yearly": 0,
            "eps_growth_yearly": 0
        },
        "20021": {
            "year_quarter": 20021,
            "year": 2002,
            "quarter": 1,
            "eps": 0.04,
            "eps_growth_year": 21.25,
            "eps_4q": 0.13,
            "eps_4q_growth_year": 68.68,
            "roe": 3.17,
            "roe_4q": 8.24,
            "gross_profit": 203829,
            "gross_margin": 83.16,
            "gross_margin_4q_avg": 82.2,
            "net_income": 46826,
            "net_income_4q": null,
            "revenue": 245106,
            "revenue_4q": null,
            "common_shares": 280,
            "book_valuer_per_share": 1.16,
            "book_valuer_per_share_4q_avg": 1.05,
            "equity": 1527605,
            "current_ratio": 450.16,
            "debt_ratio": 14.61,
            "inventory_turnover_ratio": null,
            "account_receivable_turnover_ratio": 2.2,
            "reinvestment_rate": 259.15,
            "research_to_sale_ratio": 9.92,
            "price_fair": 5.6,
            "eps_avg_yearly": 0.16,
            "eps_latest_yearly": 0.16,
            "eps_growth_yearly": 400
        },
        "20022": {
            "year_quarter": 20022,
            "year": 2002,
            "quarter": 2,
            "eps": 0.05,
            "eps_growth_year": 27.5,
            "eps_4q": 0.14,
            "eps_4q_growth_year": 30.86,
            "roe": 3.38,
            "roe_4q": 9.56,
            "gross_profit": 221726,
            "gross_margin": 83.27,
            "gross_margin_4q_avg": 82.56,
            "net_income": 54458,
            "net_income_4q": null,
            "revenue": 266287,
            "revenue_4q": null,
            "common_shares": 282,
            "book_valuer_per_share": 1.27,
            "book_valuer_per_share_4q_avg": 1.14,
            "equity": 1696103,
            "current_ratio": 439.72,
            "debt_ratio": 13.9,
            "inventory_turnover_ratio": null,
            "account_receivable_turnover_ratio": 2.13,
            "reinvestment_rate": 249.62,
            "research_to_sale_ratio": 9.14,
            "price_fair": 6.3,
            "eps_avg_yearly": 0.18,
            "eps_latest_yearly": 0.2,
            "eps_growth_yearly": 250
        },
        "20023": {
            "year_quarter": 20023,
            "year": 2002,
            "quarter": 3,
            "eps": 0.05,
            "eps_growth_year": 83.09,
            "eps_4q": 0.17,
            "eps_4q_growth_year": 34.26,
            "roe": 3.52,
            "roe_4q": 11.83,
            "gross_profit": 243405,
            "gross_margin": 84.29,
            "gross_margin_4q_avg": 83.12,
            "net_income": 61882,
            "net_income_4q": null,
            "revenue": 288779,
            "revenue_4q": null,
            "common_shares": 283,
            "book_valuer_per_share": 1.38,
            "book_valuer_per_share_4q_avg": 1.23,
            "equity": 1823350,
            "current_ratio": 533.98,
            "debt_ratio": 12.36,
            "inventory_turnover_ratio": null,
            "account_receivable_turnover_ratio": 2.16,
            "reinvestment_rate": 186.71,
            "research_to_sale_ratio": 8.37,
            "price_fair": 6.53,
            "eps_avg_yearly": 0.19,
            "eps_latest_yearly": 0.2,
            "eps_growth_yearly": 166.67
        },
        "20024": {
            "year_quarter": 20024,
            "year": 2002,
            "quarter": 4,
            "eps": 0.07,
            "eps_growth_year": 216.47,
            "eps_4q": 0.21,
            "eps_4q_growth_year": 72.44,
            "roe": 3.31,
            "roe_4q": 13.38,
            "gross_profit": 331264,
            "gross_margin": 80.03,
            "gross_margin_4q_avg": 82.69,
            "net_income": 89021,
            "net_income_4q": null,
            "revenue": 413928,
            "revenue_4q": null,
            "common_shares": 623,
            "book_valuer_per_share": 1.46,
            "book_valuer_per_share_4q_avg": 1.32,
            "equity": 3556473,
            "current_ratio": 380.21,
            "debt_ratio": 11.97,
            "inventory_turnover_ratio": null,
            "account_receivable_turnover_ratio": 2.66,
            "reinvestment_rate": 173.15,
            "research_to_sale_ratio": 7.69,
            "price_fair": 7.35,
            "eps_avg_yearly": 0.21,
            "eps_latest_yearly": 0.28,
            "eps_growth_yearly": 165
        },
        "20031": {
            "year_quarter": 20031,
            "year": 2003,
            "quarter": 1,
            "eps": 0.08,
            "eps_growth_year": 91.55,
            "eps_4q": 0.25,
            "eps_4q_growth_year": 92.22,
            "roe": 2.85,
            "roe_4q": 13.059999999999999,
            "gross_profit": 384394,
            "gross_margin": 80.67,
            "gross_margin_4q_avg": 82.07,
            "net_income": 106569,
            "net_income_4q": null,
            "revenue": 476492,
            "revenue_4q": null,
            "common_shares": 316,
            "book_valuer_per_share": 1.73,
            "book_valuer_per_share_4q_avg": 1.46,
            "equity": 3925191,
            "current_ratio": 433.18,
            "debt_ratio": 14.17,
            "inventory_turnover_ratio": null,
            "account_receivable_turnover_ratio": 2.3,
            "reinvestment_rate": 35.03,
            "research_to_sale_ratio": 7.21,
            "price_fair": 8.12,
            "eps_avg_yearly": 0.23,
            "eps_latest_yearly": 0.32,
            "eps_growth_yearly": 143.43
        },
        "20032": {
            "year_quarter": 20032,
            "year": 2003,
            "quarter": 2,
            "eps": 0.09,
            "eps_growth_year": 80.89,
            "eps_4q": 0.29,
            "eps_4q_growth_year": 105.46,
            "roe": 2.26,
            "roe_4q": 11.94,
            "gross_profit": 410119,
            "gross_margin": 80.53,
            "gross_margin_4q_avg": 81.38,
            "net_income": 93412,
            "net_income_4q": null,
            "revenue": 509269,
            "revenue_4q": null,
            "common_shares": 641,
            "book_valuer_per_share": 2.02,
            "book_valuer_per_share_4q_avg": 1.65,
            "equity": 4332798,
            "current_ratio": 376.25,
            "debt_ratio": 14.08,
            "inventory_turnover_ratio": null,
            "account_receivable_turnover_ratio": 2.08,
            "reinvestment_rate": 106.2,
            "research_to_sale_ratio": 7.62,
            "price_fair": 8.87,
            "eps_avg_yearly": 0.25,
            "eps_latest_yearly": 0.36,
            "eps_growth_yearly": 127.86
        },
        "20033": {
            "year_quarter": 20033,
            "year": 2003,
            "quarter": 3,
            "eps": 0.08,
            "eps_growth_year": 50.06,
            "eps_4q": 0.32,
            "eps_4q_growth_year": 91.28,
            "roe": 2.47,
            "roe_4q": 10.89,
            "gross_profit": 421589,
            "gross_margin": 79.4,
            "gross_margin_4q_avg": 80.16,
            "net_income": 110274,
            "net_income_4q": null,
            "revenue": 530942,
            "revenue_4q": null,
            "common_shares": 645,
            "book_valuer_per_share": 2.08,
            "book_valuer_per_share_4q_avg": 1.82,
            "equity": 4592357,
            "current_ratio": 347.3,
            "debt_ratio": 16.51,
            "inventory_turnover_ratio": null,
            "account_receivable_turnover_ratio": 2.12,
            "reinvestment_rate": 111.56,
            "research_to_sale_ratio": 7.48,
            "price_fair": 9.2,
            "eps_avg_yearly": 0.26,
            "eps_latest_yearly": 0.32,
            "eps_growth_yearly": 103.24
        },
        "20034": {
            "year_quarter": 20034,
            "year": 2003,
            "quarter": 4,
            "eps": 0.11,
            "eps_growth_year": 55.31,
            "eps_4q": 0.36,
            "eps_4q_growth_year": 66.84,
            "roe": 3.05,
            "roe_4q": 10.629999999999999,
            "gross_profit": 532936,
            "gross_margin": 82.19,
            "gross_margin_4q_avg": 80.7,
            "net_income": 144507,
            "net_income_4q": null,
            "revenue": 648393,
            "revenue_4q": null,
            "common_shares": 1299,
            "book_valuer_per_share": 2.24,
            "book_valuer_per_share_4q_avg": 2.02,
            "equity": 4896242,
            "current_ratio": 331.53,
            "debt_ratio": 15.87,
            "inventory_turnover_ratio": null,
            "account_receivable_turnover_ratio": 2.32,
            "reinvestment_rate": 126.38,
            "research_to_sale_ratio": 7.16,
            "price_fair": 9.98,
            "eps_avg_yearly": 0.29,
            "eps_latest_yearly": 0.44,
            "eps_growth_yearly": 109.09
        },
        "20041": {
            "year_quarter": 20041,
            "year": 2004,
            "quarter": 1,
            "eps": 0.15,
            "eps_growth_year": 82.87,
            "eps_4q": 0.42,
            "eps_4q_growth_year": 67.85,
            "roe": 3.94,
            "roe_4q": 11.72,
            "gross_profit": 621881,
            "gross_margin": 82.23,
            "gross_margin_4q_avg": 81.09,
            "net_income": 202160,
            "net_income_4q": null,
            "revenue": 756239,
            "revenue_4q": null,
            "common_shares": 655,
            "book_valuer_per_share": 2.57,
            "book_valuer_per_share_4q_avg": 2.23,
            "equity": 5354641,
            "current_ratio": 277.73,
            "debt_ratio": 17.09,
            "inventory_turnover_ratio": null,
            "account_receivable_turnover_ratio": 2.25,
            "reinvestment_rate": 118.9,
            "research_to_sale_ratio": 6.97,
            "price_fair": 11.2,
            "eps_avg_yearly": 0.32,
            "eps_latest_yearly": 0.6,
            "eps_growth_yearly": 113.13
        },
        "20042": {
            "year_quarter": 20042,
            "year": 2004,
            "quarter": 2,
            "eps": 0.14,
            "eps_growth_year": 62.12,
            "eps_4q": 0.48,
            "eps_4q_growth_year": 64.02,
            "roe": 3.46,
            "roe_4q": 12.92,
            "gross_profit": 626881,
            "gross_margin": 81.05,
            "gross_margin_4q_avg": 81.22,
            "net_income": 192656,
            "net_income_4q": null,
            "revenue": 773412,
            "revenue_4q": null,
            "common_shares": 661,
            "book_valuer_per_share": 2.79,
            "book_valuer_per_share_4q_avg": 2.42,
            "equity": 5796085,
            "current_ratio": 321.95,
            "debt_ratio": 15.17,
            "inventory_turnover_ratio": null,
            "account_receivable_turnover_ratio": 2.05,
            "reinvestment_rate": 111.49,
            "research_to_sale_ratio": 7.75,
            "price_fair": 12.04,
            "eps_avg_yearly": 0.34,
            "eps_latest_yearly": 0.56,
            "eps_growth_yearly": 99.15
        },
        "20043": {
            "year_quarter": 20043,
            "year": 2004,
            "quarter": 3,
            "eps": 0.13,
            "eps_growth_year": 62.25,
            "eps_4q": 0.53,
            "eps_4q_growth_year": 65.96,
            "roe": 3.1,
            "roe_4q": 13.55,
            "gross_profit": 648755,
            "gross_margin": 80.5,
            "gross_margin_4q_avg": 81.49,
            "net_income": 184091,
            "net_income_4q": null,
            "revenue": 805876,
            "revenue_4q": null,
            "common_shares": 663,
            "book_valuer_per_share": 2.62,
            "book_valuer_per_share_4q_avg": 2.56,
            "equity": 6090304,
            "current_ratio": 299.98,
            "debt_ratio": 15.9,
            "inventory_turnover_ratio": null,
            "account_receivable_turnover_ratio": 1.9,
            "reinvestment_rate": 93.98,
            "research_to_sale_ratio": 7.87,
            "price_fair": 12.6,
            "eps_avg_yearly": 0.36,
            "eps_latest_yearly": 0.52,
            "eps_growth_yearly": 87.54
        },
        "20044": {
            "year_quarter": 20044,
            "year": 2004,
            "quarter": 4,
            "eps": 0.15,
            "eps_growth_year": 37.95,
            "eps_4q": 0.57,
            "eps_4q_growth_year": 59.59,
            "roe": 3.21,
            "roe_4q": 13.709999999999999,
            "gross_profit": 759377,
            "gross_margin": 81.15,
            "gross_margin_4q_avg": 81.23,
            "net_income": 205438,
            "net_income_4q": null,
            "revenue": 935782,
            "revenue_4q": null,
            "common_shares": 1339,
            "book_valuer_per_share": 2.73,
            "book_valuer_per_share_4q_avg": 2.68,
            "equity": 6728341,
            "current_ratio": 268.34,
            "debt_ratio": 15.8,
            "inventory_turnover_ratio": null,
            "account_receivable_turnover_ratio": 2.26,
            "reinvestment_rate": 107.87,
            "research_to_sale_ratio": 6.9,
            "price_fair": 13.3,
            "eps_avg_yearly": 0.38,
            "eps_latest_yearly": 0.6,
            "eps_growth_yearly": 85.37
        },
        "20051": {
            "year_quarter": 20051,
            "year": 2005,
            "quarter": 1,
            "eps": 0.19,
            "eps_growth_year": 24.88,
            "eps_4q": 0.61,
            "eps_4q_growth_year": 42.98,
            "roe": 3.67,
            "roe_4q": 13.440000000000001,
            "gross_profit": 845355,
            "gross_margin": 81.94,
            "gross_margin_4q_avg": 81.16,
            "net_income": 256309,
            "net_income_4q": null,
            "revenue": 1031724,
            "revenue_4q": null,
            "common_shares": 1349,
            "book_valuer_per_share": 2.78,
            "book_valuer_per_share_4q_avg": 2.73,
            "equity": 7234806,
            "current_ratio": 256.55,
            "debt_ratio": 15.77,
            "inventory_turnover_ratio": null,
            "account_receivable_turnover_ratio": 2.44,
            "reinvestment_rate": 102.24,
            "research_to_sale_ratio": 7.15,
            "price_fair": 14.32,
            "eps_avg_yearly": 0.41,
            "eps_latest_yearly": 0.76,
            "eps_growth_yearly": 87.01
        },
        "20052": {
            "year_quarter": 20052,
            "year": 2005,
            "quarter": 2,
            "eps": 0.21,
            "eps_growth_year": 51.56,
            "eps_4q": 0.68,
            "eps_4q_growth_year": 42.03,
            "roe": 3.94,
            "roe_4q": 13.92,
            "gross_profit": 894463,
            "gross_margin": 82.34,
            "gross_margin_4q_avg": 81.48,
            "net_income": 291588,
            "net_income_4q": null,
            "revenue": 1086303,
            "revenue_4q": null,
            "common_shares": 1354,
            "book_valuer_per_share": 3,
            "book_valuer_per_share_4q_avg": 2.78,
            "equity": 7569121,
            "current_ratio": 310.9,
            "debt_ratio": 16.21,
            "inventory_turnover_ratio": null,
            "account_receivable_turnover_ratio": 2.29,
            "reinvestment_rate": 68.92,
            "research_to_sale_ratio": 6.59,
            "price_fair": 15.4,
            "eps_avg_yearly": 0.44,
            "eps_latest_yearly": 0.84,
            "eps_growth_yearly": 83.8
        },
        "20053": {
            "year_quarter": 20053,
            "year": 2005,
            "quarter": 3,
            "eps": 0.18,
            "eps_growth_year": 38.1,
            "eps_4q": 0.73,
            "eps_4q_growth_year": 37.9,
            "roe": 3.27,
            "roe_4q": 14.09,
            "gross_profit": 905140,
            "gross_margin": 81.87,
            "gross_margin_4q_avg": 81.83,
            "net_income": 254973,
            "net_income_4q": null,
            "revenue": 1105515,
            "revenue_4q": null,
            "common_shares": 1360,
            "book_valuer_per_share": 2.95,
            "book_valuer_per_share_4q_avg": 2.87,
            "equity": 8027364,
            "current_ratio": 315.05,
            "debt_ratio": 16.61,
            "inventory_turnover_ratio": null,
            "account_receivable_turnover_ratio": 2.32,
            "reinvestment_rate": 49.75,
            "research_to_sale_ratio": 7.14,
            "price_fair": 16.05,
            "eps_avg_yearly": 0.46,
            "eps_latest_yearly": 0.72,
            "eps_growth_yearly": 74.41
        },
        "20054": {
            "year_quarter": 20054,
            "year": 2005,
            "quarter": 4,
            "eps": 0.2,
            "eps_growth_year": 32.07,
            "eps_4q": 0.78,
            "eps_4q_growth_year": 36.38,
            "roe": 3.09,
            "roe_4q": 13.969999999999999,
            "gross_profit": 1089339,
            "gross_margin": 81.98,
            "gross_margin_4q_avg": 82.03,
            "net_income": 279222,
            "net_income_4q": null,
            "revenue": 1328859,
            "revenue_4q": null,
            "common_shares": 1412,
            "book_valuer_per_share": 2.21,
            "book_valuer_per_share_4q_avg": 2.74,
            "equity": 10047981,
            "current_ratio": 214.37,
            "debt_ratio": 14.77,
            "inventory_turnover_ratio": null,
            "account_receivable_turnover_ratio": 2.5,
            "reinvestment_rate": 44.07,
            "research_to_sale_ratio": 7.82,
            "price_fair": 16.8,
            "eps_avg_yearly": 0.48,
            "eps_latest_yearly": 0.8,
            "eps_growth_yearly": 72.53
        },
        "20061": {
            "year_quarter": 20061,
            "year": 2006,
            "quarter": 1,
            "eps": 0.17,
            "eps_growth_year": -6.86,
            "eps_4q": 0.76,
            "eps_4q_growth_year": 25.97,
            "roe": 2.4,
            "roe_4q": 12.7,
            "gross_profit": 1106822,
            "gross_margin": 79.6,
            "gross_margin_4q_avg": 81.45,
            "net_income": 248282,
            "net_income_4q": null,
            "revenue": 1390419,
            "revenue_4q": null,
            "common_shares": 1409,
            "book_valuer_per_share": 2.58,
            "book_valuer_per_share_4q_avg": 2.69,
            "equity": 10626800,
            "current_ratio": 231.95,
            "debt_ratio": 15.45,
            "inventory_turnover_ratio": null,
            "account_receivable_turnover_ratio": 2.48,
            "reinvestment_rate": 37.75,
            "research_to_sale_ratio": 8.56,
            "price_fair": 17.94,
            "eps_avg_yearly": 0.51,
            "eps_latest_yearly": 0.68,
            "eps_growth_yearly": 43.78
        },
        "20062": {
            "year_quarter": 20062,
            "year": 2006,
            "quarter": 2,
            "eps": 0.17,
            "eps_growth_year": -17.64,
            "eps_4q": 0.73,
            "eps_4q_growth_year": 7.11,
            "roe": 2.28,
            "roe_4q": 11.04,
            "gross_profit": 1113901,
            "gross_margin": 78.96,
            "gross_margin_4q_avg": 80.6,
            "net_income": 249994,
            "net_income_4q": null,
            "revenue": 1410784,
            "revenue_4q": null,
            "common_shares": 1415,
            "book_valuer_per_share": 2.95,
            "book_valuer_per_share_4q_avg": 2.67,
            "equity": 11283472,
            "current_ratio": 264.41,
            "debt_ratio": 14.84,
            "inventory_turnover_ratio": null,
            "account_receivable_turnover_ratio": 2.63,
            "reinvestment_rate": 32.15,
            "research_to_sale_ratio": 8.79,
            "price_fair": 18.99,
            "eps_avg_yearly": 0.54,
            "eps_latest_yearly": 0.68,
            "eps_growth_yearly": 37.53
        },
        "20063": {
            "year_quarter": 20063,
            "year": 2006,
            "quarter": 3,
            "eps": 0.2,
            "eps_growth_year": 7.15,
            "eps_4q": 0.74,
            "eps_4q_growth_year": 1.46,
            "roe": 2.51,
            "roe_4q": 10.28,
            "gross_profit": 1128642,
            "gross_margin": 77.91,
            "gross_margin_4q_avg": 79.61,
            "net_income": 280896,
            "net_income_4q": null,
            "revenue": 1448637,
            "revenue_4q": null,
            "common_shares": 1426,
            "book_valuer_per_share": 2.85,
            "book_valuer_per_share_4q_avg": 2.65,
            "equity": 11102867,
            "current_ratio": 215.01,
            "debt_ratio": 17.53,
            "inventory_turnover_ratio": null,
            "account_receivable_turnover_ratio": 2.41,
            "reinvestment_rate": 26.51,
            "research_to_sale_ratio": 8.31,
            "price_fair": 20.3,
            "eps_avg_yearly": 0.58,
            "eps_latest_yearly": 0.8,
            "eps_growth_yearly": 41.94
        },
        "20064": {
            "year_quarter": 20064,
            "year": 2006,
            "quarter": 4,
            "eps": 0.25,
            "eps_growth_year": 26.21,
            "eps_4q": 0.79,
            "eps_4q_growth_year": 1.86,
            "roe": 3.15,
            "roe_4q": 10.34,
            "gross_profit": 1363584,
            "gross_margin": 79.28,
            "gross_margin_4q_avg": 78.94,
            "net_income": 346467,
            "net_income_4q": null,
            "revenue": 1719901,
            "revenue_4q": null,
            "common_shares": 1431,
            "book_valuer_per_share": 2.69,
            "book_valuer_per_share_4q_avg": 2.77,
            "equity": 10904632,
            "current_ratio": 197.37,
            "debt_ratio": 19.19,
            "inventory_turnover_ratio": null,
            "account_receivable_turnover_ratio": 2.35,
            "reinvestment_rate": 19.43,
            "research_to_sale_ratio": 7.63,
            "price_fair": 21.88,
            "eps_avg_yearly": 0.63,
            "eps_latest_yearly": 1,
            "eps_growth_yearly": 38.19
        },
        "20071": {
            "year_quarter": 20071,
            "year": 2007,
            "quarter": 1,
            "eps": 0.27,
            "eps_growth_year": 57.76,
            "eps_4q": 0.89,
            "eps_4q_growth_year": 16.62,
            "roe": 3.41,
            "roe_4q": 11.35,
            "gross_profit": 1374385,
            "gross_margin": 77.73,
            "gross_margin_4q_avg": 78.47,
            "net_income": 377176,
            "net_income_4q": null,
            "revenue": 1768074,
            "revenue_4q": null,
            "common_shares": 1436,
            "book_valuer_per_share": 2.71,
            "book_valuer_per_share_4q_avg": 2.8,
            "equity": 11216187,
            "current_ratio": 226.59,
            "debt_ratio": 19.42,
            "inventory_turnover_ratio": null,
            "account_receivable_turnover_ratio": 2.21,
            "reinvestment_rate": 4.9,
            "research_to_sale_ratio": 7.78,
            "price_fair": 23.54,
            "eps_avg_yearly": 0.67,
            "eps_latest_yearly": 1.08,
            "eps_growth_yearly": 36.62
        },
        "20072": {
            "year_quarter": 20072,
            "year": 2007,
            "quarter": 2,
            "eps": 0.27,
            "eps_growth_year": 56.55,
            "eps_4q": 0.99,
            "eps_4q_growth_year": 36.16,
            "roe": 3.3,
            "roe_4q": 12.37,
            "gross_profit": 1417640,
            "gross_margin": 77.28,
            "gross_margin_4q_avg": 78.05,
            "net_income": 375824,
            "net_income_4q": null,
            "revenue": 1834429,
            "revenue_4q": null,
            "common_shares": 1441,
            "book_valuer_per_share": 2.9,
            "book_valuer_per_share_4q_avg": 2.79,
            "equity": 11539529,
            "current_ratio": 235.35,
            "debt_ratio": 19.65,
            "inventory_turnover_ratio": null,
            "account_receivable_turnover_ratio": 2.17,
            "reinvestment_rate": -1.4,
            "research_to_sale_ratio": 8.06,
            "price_fair": 25.11,
            "eps_avg_yearly": 0.72,
            "eps_latest_yearly": 1.08,
            "eps_growth_yearly": 33.5
        },
        "20073": {
            "year_quarter": 20073,
            "year": 2007,
            "quarter": 3,
            "eps": -0.02,
            "eps_growth_year": -111.81,
            "eps_4q": 0.77,
            "eps_4q_growth_year": 3.96,
            "roe": -8.35,
            "roe_4q": 1.5100000000000002,
            "gross_profit": 1442699,
            "gross_margin": 76.36,
            "gross_margin_4q_avg": 77.66,
            "net_income": -935635,
            "net_income_4q": null,
            "revenue": 1889220,
            "revenue_4q": null,
            "common_shares": 1451,
            "book_valuer_per_share": 2.99,
            "book_valuer_per_share_4q_avg": 2.82,
            "equity": 10872692,
            "current_ratio": 194.38,
            "debt_ratio": 26.47,
            "inventory_turnover_ratio": null,
            "account_receivable_turnover_ratio": 2.03,
            "reinvestment_rate": -0.71,
            "research_to_sale_ratio": 8.73,
            "price_fair": 26.04,
            "eps_avg_yearly": 0.74,
            "eps_latest_yearly": 1.08,
            "eps_growth_yearly": 38.69
        },
        "20074": {
            "year_quarter": 20074,
            "year": 2007,
            "quarter": 4,
            "eps": 0.39,
            "eps_growth_year": 57.08,
            "eps_4q": 0.91,
            "eps_4q_growth_year": 15.05,
            "roe": 4.7,
            "roe_4q": 3.0600000000000005,
            "gross_profit": 1674633,
            "gross_margin": 76.8,
            "gross_margin_4q_avg": 77.04,
            "net_income": 530886,
            "net_income_4q": null,
            "revenue": 2180606,
            "revenue_4q": null,
            "common_shares": 1458,
            "book_valuer_per_share": 3.59,
            "book_valuer_per_share_4q_avg": 3.05,
            "equity": 11704602,
            "current_ratio": 229.79,
            "debt_ratio": 23.83,
            "inventory_turnover_ratio": null,
            "account_receivable_turnover_ratio": 1.47,
            "reinvestment_rate": -16.02,
            "research_to_sale_ratio": 7.76,
            "price_fair": 26.8,
            "eps_avg_yearly": 0.77,
            "eps_latest_yearly": 1.08,
            "eps_growth_yearly": 30.74
        },
        "20081": {
            "year_quarter": 20081,
            "year": 2008,
            "quarter": 1,
            "eps": 0.34,
            "eps_growth_year": 25.54,
            "eps_4q": 0.98,
            "eps_4q_growth_year": 9.97,
            "roe": 3.99,
            "roe_4q": 3.6400000000000015,
            "gross_profit": 1666811,
            "gross_margin": 76.03,
            "gross_margin_4q_avg": 76.62,
            "net_income": 459718,
            "net_income_4q": null,
            "revenue": 2192223,
            "revenue_4q": null,
            "common_shares": 1460,
            "book_valuer_per_share": 3.19,
            "book_valuer_per_share_4q_avg": 3.17,
            "equity": 11361202,
            "current_ratio": 209.65,
            "debt_ratio": 24.49,
            "inventory_turnover_ratio": null,
            "account_receivable_turnover_ratio": 1.04,
            "reinvestment_rate": -15.5,
            "research_to_sale_ratio": 8.06,
            "price_fair": 21.89,
            "eps_avg_yearly": 0.82,
            "eps_latest_yearly": 1.36,
            "eps_growth_yearly": 16.69
        },
        "20082": {
            "year_quarter": 20082,
            "year": 2008,
            "quarter": 2,
            "eps": 0.35,
            "eps_growth_year": 27.44,
            "eps_4q": 1.05,
            "eps_4q_growth_year": 6.59,
            "roe": 4.05,
            "roe_4q": 4.389999999999999,
            "gross_profit": 1633558,
            "gross_margin": 74.4,
            "gross_margin_4q_avg": 75.9,
            "net_income": 460345,
            "net_income_4q": null,
            "revenue": 2195661,
            "revenue_4q": null,
            "common_shares": 1464,
            "book_valuer_per_share": 3.3,
            "book_valuer_per_share_4q_avg": 3.27,
            "equity": 11372046,
            "current_ratio": 216.9,
            "debt_ratio": 24.3,
            "inventory_turnover_ratio": null,
            "account_receivable_turnover_ratio": 1,
            "reinvestment_rate": -10.56,
            "research_to_sale_ratio": 8.51,
            "price_fair": 25.9,
            "eps_avg_yearly": 0.88,
            "eps_latest_yearly": 1.4,
            "eps_growth_yearly": 19.44
        },
        "20083": {
            "year_quarter": 20083,
            "year": 2008,
            "quarter": 3,
            "eps": 0.38,
            "eps_growth_year": null,
            "eps_4q": 1.46,
            "eps_4q_growth_year": 89.49,
            "roe": 4.46,
            "roe_4q": 17.2,
            "gross_profit": 1556568,
            "gross_margin": 73.51,
            "gross_margin_4q_avg": 75.19,
            "net_income": 492219,
            "net_income_4q": null,
            "revenue": 2117531,
            "revenue_4q": null,
            "common_shares": 1465,
            "book_valuer_per_share": 3.17,
            "book_valuer_per_share_4q_avg": 3.31,
            "equity": 10693695,
            "current_ratio": 210.47,
            "debt_ratio": 24.9,
            "inventory_turnover_ratio": null,
            "account_receivable_turnover_ratio": 1.02,
            "reinvestment_rate": -15.02,
            "research_to_sale_ratio": 9.01,
            "price_fair": 32.28,
            "eps_avg_yearly": 0.95,
            "eps_latest_yearly": 1.52,
            "eps_growth_yearly": 23.93
        },
        "20084": {
            "year_quarter": 20084,
            "year": 2008,
            "quarter": 4,
            "eps": 0.32,
            "eps_growth_year": -18.67,
            "eps_4q": 1.38,
            "eps_4q_growth_year": 52.16,
            "roe": 3.37,
            "roe_4q": 15.87,
            "gross_profit": 1456255,
            "gross_margin": 71.53,
            "gross_margin_4q_avg": 73.87,
            "net_income": 367192,
            "net_income_4q": null,
            "revenue": 2035846,
            "revenue_4q": null,
            "common_shares": 1470,
            "book_valuer_per_share": 2.59,
            "book_valuer_per_share_4q_avg": 3.06,
            "equity": 11083858,
            "current_ratio": 169.67,
            "debt_ratio": 28.92,
            "inventory_turnover_ratio": null,
            "account_receivable_turnover_ratio": 0.91,
            "reinvestment_rate": -18.59,
            "research_to_sale_ratio": 8.41,
            "price_fair": 25.02,
            "eps_avg_yearly": 1,
            "eps_latest_yearly": 1.28,
            "eps_growth_yearly": 15.02
        },
        "20091": {
            "year_quarter": 20091,
            "year": 2009,
            "quarter": 1,
            "eps": 0.28,
            "eps_growth_year": -17.71,
            "eps_4q": 1.32,
            "eps_4q_growth_year": 35.16,
            "roe": 3.22,
            "roe_4q": 15.100000000000001,
            "gross_profit": 1447200,
            "gross_margin": 71.62,
            "gross_margin_4q_avg": 72.77,
            "net_income": 357113,
            "net_income_4q": null,
            "revenue": 2020586,
            "revenue_4q": null,
            "common_shares": 1475,
            "book_valuer_per_share": 2.86,
            "book_valuer_per_share_4q_avg": 2.98,
            "equity": 11115707,
            "current_ratio": 194.97,
            "debt_ratio": 26.52,
            "inventory_turnover_ratio": null,
            "account_receivable_turnover_ratio": 0.82,
            "reinvestment_rate": -11.78,
            "research_to_sale_ratio": 9.97,
            "price_fair": 14.18,
            "eps_avg_yearly": 1.03,
            "eps_latest_yearly": 1.12,
            "eps_growth_yearly": 3.83
        },
        "20092": {
            "year_quarter": 20092,
            "year": 2009,
            "quarter": 2,
            "eps": 0.26,
            "eps_growth_year": -24.4,
            "eps_4q": 1.24,
            "eps_4q_growth_year": 17.53,
            "roe": 2.84,
            "roe_4q": 13.89,
            "gross_profit": 1506219,
            "gross_margin": 71.79,
            "gross_margin_4q_avg": 72.11,
            "net_income": 327342,
            "net_income_4q": null,
            "revenue": 2097992,
            "revenue_4q": null,
            "common_shares": 1478,
            "book_valuer_per_share": 2.46,
            "book_valuer_per_share_4q_avg": 2.77,
            "equity": 11921572,
            "current_ratio": 167.54,
            "debt_ratio": 28.04,
            "inventory_turnover_ratio": null,
            "account_receivable_turnover_ratio": 0.79,
            "reinvestment_rate": -4.81,
            "research_to_sale_ratio": 9.46,
            "price_fair": 3.12,
            "eps_avg_yearly": 1.04,
            "eps_latest_yearly": 1.04,
            "eps_growth_yearly": -1.22
        },
        "20093": {
            "year_quarter": 20093,
            "year": 2009,
            "quarter": 3,
            "eps": 0.27,
            "eps_growth_year": -29.27,
            "eps_4q": 1.13,
            "eps_4q_growth_year": -22.57,
            "roe": 2.83,
            "roe_4q": 12.260000000000002,
            "gross_profit": 1593944,
            "gross_margin": 71.23,
            "gross_margin_4q_avg": 71.54,
            "net_income": 349736,
            "net_income_4q": null,
            "revenue": 2237852,
            "revenue_4q": null,
            "common_shares": 1481,
            "book_valuer_per_share": 2.96,
            "book_valuer_per_share_4q_avg": 2.72,
            "equity": 12751167,
            "current_ratio": 177.52,
            "debt_ratio": 26.53,
            "inventory_turnover_ratio": null,
            "account_receivable_turnover_ratio": 0.78,
            "reinvestment_rate": 3.19,
            "research_to_sale_ratio": 9.17,
            "price_fair": 14.88,
            "eps_avg_yearly": 1.07,
            "eps_latest_yearly": 1.08,
            "eps_growth_yearly": 3.96
        },
        "20094": {
            "year_quarter": 20094,
            "year": 2009,
            "quarter": 4,
            "eps": 0.34,
            "eps_growth_year": 7.96,
            "eps_4q": 1.15,
            "eps_4q_growth_year": -16.7,
            "roe": 10.21,
            "roe_4q": 19.1,
            "gross_profit": 1700237,
            "gross_margin": 71.71,
            "gross_margin_4q_avg": 71.59,
            "net_income": 1354906,
            "net_income_4q": null,
            "revenue": 2370932,
            "revenue_4q": null,
            "common_shares": 1486,
            "book_valuer_per_share": 5.3,
            "book_valuer_per_share_4q_avg": 3.4,
            "equity": 13787648,
            "current_ratio": 232.3,
            "debt_ratio": 25.1,
            "inventory_turnover_ratio": null,
            "account_receivable_turnover_ratio": 0.78,
            "reinvestment_rate": 18.47,
            "research_to_sale_ratio": 8.35,
            "price_fair": 20.12,
            "eps_avg_yearly": 1.11,
            "eps_latest_yearly": 1.36,
            "eps_growth_yearly": 8.19
        },
        "20101": {
            "year_quarter": 20101,
            "year": 2010,
            "quarter": 1,
            "eps": 0.31,
            "eps_growth_year": 8.39,
            "eps_4q": 1.18,
            "eps_4q_growth_year": -11.11,
            "roe": 2.85,
            "roe_4q": 18.73,
            "gross_profit": 1589502,
            "gross_margin": 72.38,
            "gross_margin_4q_avg": 71.78,
            "net_income": 397653,
            "net_income_4q": null,
            "revenue": 2196057,
            "revenue_4q": null,
            "common_shares": 1495,
            "book_valuer_per_share": 5.58,
            "book_valuer_per_share_4q_avg": 4.08,
            "equity": 14125109,
            "current_ratio": 230.76,
            "debt_ratio": 24.42,
            "inventory_turnover_ratio": null,
            "account_receivable_turnover_ratio": 0.68,
            "reinvestment_rate": 30.37,
            "research_to_sale_ratio": 9.57,
            "price_fair": 22.87,
            "eps_avg_yearly": 1.15,
            "eps_latest_yearly": 1.24,
            "eps_growth_yearly": 9.96
        },
        "20102": {
            "year_quarter": 20102,
            "year": 2010,
            "quarter": 2,
            "eps": 0.32,
            "eps_growth_year": 20.13,
            "eps_4q": 1.23,
            "eps_4q_growth_year": -0.76,
            "roe": 2.91,
            "roe_4q": 18.8,
            "gross_profit": 1600008,
            "gross_margin": 72.22,
            "gross_margin_4q_avg": 71.89,
            "net_income": 412192,
            "net_income_4q": null,
            "revenue": 2215379,
            "revenue_4q": null,
            "common_shares": 1500,
            "book_valuer_per_share": 5.82,
            "book_valuer_per_share_4q_avg": 4.92,
            "equity": 14169291,
            "current_ratio": 243.4,
            "debt_ratio": 24.42,
            "inventory_turnover_ratio": null,
            "account_receivable_turnover_ratio": 0.67,
            "reinvestment_rate": 28.87,
            "research_to_sale_ratio": 10.17,
            "price_fair": 24.82,
            "eps_avg_yearly": 1.19,
            "eps_latest_yearly": 1.28,
            "eps_growth_yearly": 10.88
        },
        "20103": {
            "year_quarter": 20103,
            "year": 2010,
            "quarter": 3,
            "eps": 0.33,
            "eps_growth_year": 21.88,
            "eps_4q": 1.29,
            "eps_4q_growth_year": 14.21,
            "roe": 2.96,
            "roe_4q": 18.93,
            "gross_profit": 1609220,
            "gross_margin": 71.54,
            "gross_margin_4q_avg": 71.96,
            "net_income": 431929,
            "net_income_4q": null,
            "revenue": 2249488,
            "revenue_4q": null,
            "common_shares": 1505,
            "book_valuer_per_share": 6.39,
            "book_valuer_per_share_4q_avg": 5.77,
            "equity": 15033952,
            "current_ratio": 248.22,
            "debt_ratio": 24.63,
            "inventory_turnover_ratio": null,
            "account_receivable_turnover_ratio": 0.65,
            "reinvestment_rate": 37.53,
            "research_to_sale_ratio": 10.08,
            "price_fair": 20.51,
            "eps_avg_yearly": 1.23,
            "eps_latest_yearly": 1.32,
            "eps_growth_yearly": 6.73
        },
        "20104": {
            "year_quarter": 20104,
            "year": 2010,
            "quarter": 4,
            "eps": 0.42,
            "eps_growth_year": 24.02,
            "eps_4q": 1.37,
            "eps_4q_growth_year": 18.82,
            "roe": 3.69,
            "roe_4q": 12.41,
            "gross_profit": 1792877,
            "gross_margin": 71.85,
            "gross_margin_4q_avg": 72,
            "net_income": 559187,
            "net_income_4q": null,
            "revenue": 2495350,
            "revenue_4q": null,
            "common_shares": 1513,
            "book_valuer_per_share": 6.6,
            "book_valuer_per_share_4q_avg": 6.1,
            "equity": 15302179,
            "current_ratio": 245,
            "debt_ratio": 30.46,
            "inventory_turnover_ratio": null,
            "account_receivable_turnover_ratio": 0.66,
            "reinvestment_rate": 43.67,
            "research_to_sale_ratio": 9.87,
            "price_fair": 22.15,
            "eps_avg_yearly": 1.27,
            "eps_latest_yearly": 1.68,
            "eps_growth_yearly": 7.38
        },
        "20111": {
            "year_quarter": 20111,
            "year": 2011,
            "quarter": 1,
            "eps": 0.36,
            "eps_growth_year": 18.12,
            "eps_4q": 1.43,
            "eps_4q_growth_year": 21.13,
            "roe": 3.05,
            "roe_4q": 12.61,
            "gross_profit": 1816631,
            "gross_margin": 71.36,
            "gross_margin_4q_avg": 71.74,
            "net_income": 475865,
            "net_income_4q": null,
            "revenue": 2545609,
            "revenue_4q": null,
            "common_shares": 1524,
            "book_valuer_per_share": 6.87,
            "book_valuer_per_share_4q_avg": 6.42,
            "equity": 15944413,
            "current_ratio": 241.73,
            "debt_ratio": 30.69,
            "inventory_turnover_ratio": null,
            "account_receivable_turnover_ratio": 0.63,
            "reinvestment_rate": 47.6,
            "research_to_sale_ratio": 10.79,
            "price_fair": 14.32,
            "eps_avg_yearly": 1.3,
            "eps_latest_yearly": 1.44,
            "eps_growth_yearly": 1.01
        },
        "20112": {
            "year_quarter": 20112,
            "year": 2011,
            "quarter": 2,
            "eps": 0.24,
            "eps_growth_year": -22.41,
            "eps_4q": 1.35,
            "eps_4q_growth_year": 10.17,
            "roe": 1.76,
            "roe_4q": 11.46,
            "gross_profit": 1987000,
            "gross_margin": 71.99,
            "gross_margin_4q_avg": 71.69,
            "net_income": 283000,
            "net_income_4q": null,
            "revenue": 2760000,
            "revenue_4q": null,
            "common_shares": 1528,
            "book_valuer_per_share": 5.05,
            "book_valuer_per_share_4q_avg": 6.23,
            "equity": 16209882,
            "current_ratio": 160.52,
            "debt_ratio": 34.73,
            "inventory_turnover_ratio": null,
            "account_receivable_turnover_ratio": 0.61,
            "reinvestment_rate": 52.04,
            "research_to_sale_ratio": 10.76,
            "price_fair": 3.87,
            "eps_avg_yearly": 1.29,
            "eps_latest_yearly": 0.96,
            "eps_growth_yearly": -8.51
        },
        "20113": {
            "year_quarter": 20113,
            "year": 2011,
            "quarter": 3,
            "eps": 0.34,
            "eps_growth_year": 4.09,
            "eps_4q": 1.37,
            "eps_4q_growth_year": 6.19,
            "roe": 3.03,
            "roe_4q": 11.53,
            "gross_profit": 2046064,
            "gross_margin": 68.99,
            "gross_margin_4q_avg": 71.05,
            "net_income": 490503,
            "net_income_4q": null,
            "revenue": 2965761,
            "revenue_4q": null,
            "common_shares": 1531,
            "book_valuer_per_share": 4.94,
            "book_valuer_per_share_4q_avg": 5.87,
            "equity": 16165326,
            "current_ratio": 158.86,
            "debt_ratio": 35.08,
            "inventory_turnover_ratio": null,
            "account_receivable_turnover_ratio": 0.59,
            "reinvestment_rate": 46.7,
            "research_to_sale_ratio": 10.75,
            "price_fair": 17.07,
            "eps_avg_yearly": 1.3,
            "eps_latest_yearly": 1.36,
            "eps_growth_yearly": 3.17
        },
        "20114": {
            "year_quarter": 20114,
            "year": 2011,
            "quarter": 4,
            "eps": 0.48,
            "eps_growth_year": 13.5,
            "eps_4q": 1.43,
            "eps_4q_growth_year": 4.01,
            "roe": 11.61,
            "roe_4q": 19.45,
            "gross_profit": 2345578,
            "gross_margin": 69.4,
            "gross_margin_4q_avg": 70.44,
            "net_income": 1979612,
            "net_income_4q": null,
            "revenue": 3380010,
            "revenue_4q": null,
            "common_shares": 1535,
            "book_valuer_per_share": 6.34,
            "book_valuer_per_share_4q_avg": 5.8,
            "equity": 17929879,
            "current_ratio": 188.02,
            "debt_ratio": 34.37,
            "inventory_turnover_ratio": null,
            "account_receivable_turnover_ratio": 0.6,
            "reinvestment_rate": 34.6,
            "research_to_sale_ratio": 10.18,
            "price_fair": 31.06,
            "eps_avg_yearly": 1.34,
            "eps_latest_yearly": 1.92,
            "eps_growth_yearly": 13.26
        },
        "20121": {
            "year_quarter": 20121,
            "year": 2012,
            "quarter": 1,
            "eps": 0.44,
            "eps_growth_year": 21.46,
            "eps_4q": 1.5,
            "eps_4q_growth_year": 5.4,
            "roe": 3.11,
            "roe_4q": 19.51,
            "gross_profit": 2294000,
            "gross_margin": 70,
            "gross_margin_4q_avg": 70.1,
            "net_income": 570000,
            "net_income_4q": null,
            "revenue": 3277000,
            "revenue_4q": null,
            "common_shares": 2000,
            "book_valuer_per_share": 6.93,
            "book_valuer_per_share_4q_avg": 5.82,
            "equity": 18709000,
            "current_ratio": 187.93,
            "debt_ratio": 33.67,
            "inventory_turnover_ratio": null,
            "account_receivable_turnover_ratio": 0.52,
            "reinvestment_rate": 39.91,
            "research_to_sale_ratio": 11.41,
            "price_fair": 33.16,
            "eps_avg_yearly": 1.36,
            "eps_latest_yearly": 1.76,
            "eps_growth_yearly": 14.39
        },
        "20122": {
            "year_quarter": 20122,
            "year": 2012,
            "quarter": 2,
            "eps": 0.53,
            "eps_growth_year": 115.96,
            "eps_4q": 1.79,
            "eps_4q_growth_year": 31.86,
            "roe": 3.68,
            "roe_4q": 21.43,
            "gross_profit": 2411000,
            "gross_margin": 70.95,
            "gross_margin_4q_avg": 69.84,
            "net_income": 692000,
            "net_income_4q": null,
            "revenue": 3398000,
            "revenue_4q": null,
            "common_shares": 2000,
            "book_valuer_per_share": 7.16,
            "book_valuer_per_share_4q_avg": 6.34,
            "equity": 18912000,
            "current_ratio": 195.26,
            "debt_ratio": 33.07,
            "inventory_turnover_ratio": null,
            "account_receivable_turnover_ratio": 0.52,
            "reinvestment_rate": 36.88,
            "research_to_sale_ratio": 11.6,
            "price_fair": 40.41,
            "eps_avg_yearly": 1.41,
            "eps_latest_yearly": 2.12,
            "eps_growth_yearly": 18.76
        },
        "20123": {
            "year_quarter": 20123,
            "year": 2012,
            "quarter": 3,
            "eps": 0.45,
            "eps_growth_year": 33.47,
            "eps_4q": 1.9,
            "eps_4q_growth_year": 38.9,
            "roe": 3.08,
            "roe_4q": 21.479999999999997,
            "gross_profit": 2382000,
            "gross_margin": 69.98,
            "gross_margin_4q_avg": 70.08,
            "net_income": 597000,
            "net_income_4q": null,
            "revenue": 3404000,
            "revenue_4q": null,
            "common_shares": 2000,
            "book_valuer_per_share": 7.87,
            "book_valuer_per_share_4q_avg": 7.08,
            "equity": 19913000,
            "current_ratio": 246.57,
            "debt_ratio": 38.73,
            "inventory_turnover_ratio": null,
            "account_receivable_turnover_ratio": 0.49,
            "reinvestment_rate": 37.2,
            "research_to_sale_ratio": 11.43,
            "price_fair": 32.5,
            "eps_avg_yearly": 1.42,
            "eps_latest_yearly": 1.8,
            "eps_growth_yearly": 12.85
        },
        "20124": {
            "year_quarter": 20124,
            "year": 2012,
            "quarter": 4,
            "eps": 0.59,
            "eps_growth_year": 22.72,
            "eps_4q": 2.01,
            "eps_4q_growth_year": 40.98,
            "roe": 3.68,
            "roe_4q": 13.549999999999999,
            "gross_profit": 2769000,
            "gross_margin": 69.36,
            "gross_margin_4q_avg": 70.07,
            "net_income": 750000,
            "net_income_4q": null,
            "revenue": 3992000,
            "revenue_4q": null,
            "common_shares": 2000,
            "book_valuer_per_share": 8.66,
            "book_valuer_per_share_4q_avg": 7.66,
            "equity": 20865000,
            "current_ratio": 195.88,
            "debt_ratio": 43.72,
            "inventory_turnover_ratio": null,
            "account_receivable_turnover_ratio": 0.43,
            "reinvestment_rate": 42.36,
            "research_to_sale_ratio": 10.42,
            "price_fair": 51.51,
            "eps_avg_yearly": 1.49,
            "eps_latest_yearly": 2.36,
            "eps_growth_yearly": 24.57
        },
        "20131": {
            "year_quarter": 20131,
            "year": 2013,
            "quarter": 1,
            "eps": 0.53,
            "eps_growth_year": 21.04,
            "eps_4q": 2.1,
            "eps_4q_growth_year": 39.86,
            "roe": 3.23,
            "roe_4q": 13.67,
            "gross_profit": 2596000,
            "gross_margin": 69.26,
            "gross_margin_4q_avg": 69.89,
            "net_income": 677000,
            "net_income_4q": null,
            "revenue": 3748000,
            "revenue_4q": null,
            "common_shares": 2000,
            "book_valuer_per_share": 8.98,
            "book_valuer_per_share_4q_avg": 8.17,
            "equity": 21112000,
            "current_ratio": 190.58,
            "debt_ratio": 44.44,
            "inventory_turnover_ratio": null,
            "account_receivable_turnover_ratio": 0.33,
            "reinvestment_rate": 42.26,
            "research_to_sale_ratio": 11.58,
            "price_fair": 54.34,
            "eps_avg_yearly": 1.55,
            "eps_latest_yearly": 2.12,
            "eps_growth_yearly": 25.16
        },
        "20132": {
            "year_quarter": 20132,
            "year": 2013,
            "quarter": 2,
            "eps": 0.49,
            "eps_growth_year": -7.8,
            "eps_4q": 2.06,
            "eps_4q_growth_year": 15.32,
            "roe": 2.99,
            "roe_4q": 12.98,
            "gross_profit": 2666000,
            "gross_margin": 68.76,
            "gross_margin_4q_avg": 69.34,
            "net_income": 640000,
            "net_income_4q": null,
            "revenue": 3877000,
            "revenue_4q": null,
            "common_shares": 2000,
            "book_valuer_per_share": 9.53,
            "book_valuer_per_share_4q_avg": 8.76,
            "equity": 21651000,
            "current_ratio": 200.91,
            "debt_ratio": 43.84,
            "inventory_turnover_ratio": null,
            "account_receivable_turnover_ratio": 0.33,
            "reinvestment_rate": 32.17,
            "research_to_sale_ratio": 11.63,
            "price_fair": 56.35,
            "eps_avg_yearly": 1.61,
            "eps_latest_yearly": 1.96,
            "eps_growth_yearly": 25.05
        },
        "20133": {
            "year_quarter": 20133,
            "year": 2013,
            "quarter": 3,
            "eps": 0.53,
            "eps_growth_year": 15.76,
            "eps_4q": 2.13,
            "eps_4q_growth_year": 12.18,
            "roe": 3.1,
            "roe_4q": 13,
            "gross_profit": 2668000,
            "gross_margin": 68.55,
            "gross_margin_4q_avg": 68.98,
            "net_income": 689000,
            "net_income_4q": null,
            "revenue": 3892000,
            "revenue_4q": null,
            "common_shares": 2000,
            "book_valuer_per_share": 10.31,
            "book_valuer_per_share_4q_avg": 9.37,
            "equity": 22767000,
            "current_ratio": 195.18,
            "debt_ratio": 43.18,
            "inventory_turnover_ratio": null,
            "account_receivable_turnover_ratio": 0.32,
            "reinvestment_rate": 38.23,
            "research_to_sale_ratio": 11.13,
            "price_fair": 58.63,
            "eps_avg_yearly": 1.68,
            "eps_latest_yearly": 2.12,
            "eps_growth_yearly": 26.13
        },
        "20134": {
            "year_quarter": 20134,
            "year": 2013,
            "quarter": 4,
            "eps": 0.65,
            "eps_growth_year": 10.25,
            "eps_4q": 2.19,
            "eps_4q_growth_year": 9.1,
            "roe": 3.66,
            "roe_4q": 12.98,
            "gross_profit": 3081000,
            "gross_margin": 68.01,
            "gross_margin_4q_avg": 68.65,
            "net_income": 850000,
            "net_income_4q": null,
            "revenue": 4530000,
            "revenue_4q": null,
            "common_shares": 2000,
            "book_valuer_per_share": 10.39,
            "book_valuer_per_share_4q_avg": 9.8,
            "equity": 23647000,
            "current_ratio": 184.22,
            "debt_ratio": 43,
            "inventory_turnover_ratio": null,
            "account_receivable_turnover_ratio": 0.36,
            "reinvestment_rate": 41.99,
            "research_to_sale_ratio": 9.93,
            "price_fair": 61.34,
            "eps_avg_yearly": 1.75,
            "eps_latest_yearly": 2.6,
            "eps_growth_yearly": 25.31
        },
        "20141": {
            "year_quarter": 20141,
            "year": 2014,
            "quarter": 1,
            "eps": -1.82,
            "eps_growth_year": -443.14,
            "eps_4q": -0.16,
            "eps_4q_growth_year": -107.4,
            "roe": -10.61,
            "roe_4q": -0.859999999999999,
            "gross_profit": 2848000,
            "gross_margin": 71.25,
            "gross_margin_4q_avg": 69.14,
            "net_income": -2295000,
            "net_income_4q": null,
            "revenue": 3997000,
            "revenue_4q": null,
            "common_shares": 2000,
            "book_valuer_per_share": 7.54,
            "book_valuer_per_share_4q_avg": 9.44,
            "equity": 19609000,
            "current_ratio": 142.04,
            "debt_ratio": 51.64,
            "inventory_turnover_ratio": null,
            "account_receivable_turnover_ratio": 0.31,
            "reinvestment_rate": 59.47,
            "research_to_sale_ratio": 11.18,
            "price_fair": 62.53,
            "eps_avg_yearly": 1.79,
            "eps_latest_yearly": 2.6,
            "eps_growth_yearly": 29.35
        },
        "20142": {
            "year_quarter": 20142,
            "year": 2014,
            "quarter": 2,
            "eps": 0.57,
            "eps_growth_year": 16.58,
            "eps_4q": -0.07,
            "eps_4q_growth_year": -103.63,
            "roe": 3.73,
            "roe_4q": -0.11999999999999877,
            "gross_profit": 2922000,
            "gross_margin": 71.22,
            "gross_margin_4q_avg": 69.76,
            "net_income": 720000,
            "net_income_4q": null,
            "revenue": 4103000,
            "revenue_4q": null,
            "common_shares": 2000,
            "book_valuer_per_share": 7.16,
            "book_valuer_per_share_4q_avg": 8.85,
            "equity": 18970000,
            "current_ratio": 127.6,
            "debt_ratio": 54.44,
            "inventory_turnover_ratio": null,
            "account_receivable_turnover_ratio": 0.3,
            "reinvestment_rate": 65.78,
            "research_to_sale_ratio": 11.41,
            "price_fair": 63.8,
            "eps_avg_yearly": 1.82,
            "eps_latest_yearly": 2.6,
            "eps_growth_yearly": 30.53
        },
        "20143": {
            "year_quarter": 20143,
            "year": 2014,
            "quarter": 3,
            "eps": 0.41,
            "eps_growth_year": -22.64,
            "eps_4q": -0.19,
            "eps_4q_growth_year": -109.09,
            "roe": 2.63,
            "roe_4q": -0.5899999999999999,
            "gross_profit": 1737000,
            "gross_margin": 80.79,
            "gross_margin_4q_avg": 72.82,
            "net_income": 509000,
            "net_income_4q": null,
            "revenue": 2150000,
            "revenue_4q": null,
            "common_shares": 2000,
            "book_valuer_per_share": 8.01,
            "book_valuer_per_share_4q_avg": 8.28,
            "equity": 19810000,
            "current_ratio": 155.56,
            "debt_ratio": 55.46,
            "inventory_turnover_ratio": null,
            "account_receivable_turnover_ratio": 0.16,
            "reinvestment_rate": 57.22,
            "research_to_sale_ratio": 11.44,
            "price_fair": 58.35,
            "eps_avg_yearly": 1.85,
            "eps_latest_yearly": 1.64,
            "eps_growth_yearly": 21.62
        },
        "20144": {
            "year_quarter": 20144,
            "year": 2014,
            "quarter": 4,
            "eps": 0.59,
            "eps_growth_year": -8.66,
            "eps_4q": -0.25,
            "eps_4q_growth_year": -111.41,
            "roe": 3.67,
            "roe_4q": -0.5800000000000001,
            "gross_profit": 1881000,
            "gross_margin": 80.97,
            "gross_margin_4q_avg": 76.06,
            "net_income": 729000,
            "net_income_4q": null,
            "revenue": 2323000,
            "revenue_4q": null,
            "common_shares": 2000,
            "book_valuer_per_share": 12.34,
            "book_valuer_per_share_4q_avg": 8.76,
            "equity": 19906000,
            "current_ratio": 151.34,
            "debt_ratio": 55.89,
            "inventory_turnover_ratio": null,
            "account_receivable_turnover_ratio": 0.32,
            "reinvestment_rate": 35.4,
            "research_to_sale_ratio": 10.16,
            "price_fair": 66.3,
            "eps_avg_yearly": 1.89,
            "eps_latest_yearly": 2.36,
            "eps_growth_yearly": 26.37
        },
        "20151": {
            "year_quarter": 20151,
            "year": 2015,
            "quarter": 1,
            "eps": 0.41,
            "eps_growth_year": null,
            "eps_4q": 1.97,
            "eps_4q_growth_year": null,
            "roe": 2.28,
            "roe_4q": 12.309999999999999,
            "gross_profit": 1650000,
            "gross_margin": 80.06,
            "gross_margin_4q_avg": 78.26,
            "net_income": 449000,
            "net_income_4q": null,
            "revenue": 2061000,
            "revenue_4q": null,
            "common_shares": 2000,
            "book_valuer_per_share": 8.34,
            "book_valuer_per_share_4q_avg": 8.96,
            "equity": 19538000,
            "current_ratio": 150.55,
            "debt_ratio": 56.43,
            "inventory_turnover_ratio": null,
            "account_receivable_turnover_ratio": 0.26,
            "reinvestment_rate": 45.48,
            "research_to_sale_ratio": 10.72,
            "price_fair": 60.56,
            "eps_avg_yearly": 1.91,
            "eps_latest_yearly": 1.64,
            "eps_growth_yearly": 21.73
        },
        "20152": {
            "year_quarter": 20152,
            "year": 2015,
            "quarter": 2,
            "eps": 0.35,
            "eps_growth_year": -38.01,
            "eps_4q": 1.76,
            "eps_4q_growth_year": null,
            "roe": 2.19,
            "roe_4q": 10.77,
            "gross_profit": 1676000,
            "gross_margin": 79.43,
            "gross_margin_4q_avg": 80.31,
            "net_income": 430000,
            "net_income_4q": null,
            "revenue": 2110000,
            "revenue_4q": null,
            "common_shares": 2000,
            "book_valuer_per_share": 9.54,
            "book_valuer_per_share_4q_avg": 9.56,
            "equity": 19805000,
            "current_ratio": 167.34,
            "debt_ratio": 56.62,
            "inventory_turnover_ratio": null,
            "account_receivable_turnover_ratio": 0.14,
            "reinvestment_rate": 44.64,
            "research_to_sale_ratio": 11,
            "price_fair": 67.9,
            "eps_avg_yearly": 1.94,
            "eps_latest_yearly": 1.4,
            "eps_growth_yearly": 27.07
        },
        "20153": {
            "year_quarter": 20153,
            "year": 2015,
            "quarter": 3,
            "eps": 0.41,
            "eps_growth_year": 1.29,
            "eps_4q": 1.76,
            "eps_4q_growth_year": null,
            "roe": 4.14,
            "roe_4q": 12.28,
            "gross_profit": 1666000,
            "gross_margin": 79.37,
            "gross_margin_4q_avg": 79.96,
            "net_income": 545000,
            "net_income_4q": null,
            "revenue": 2099000,
            "revenue_4q": null,
            "common_shares": 2000,
            "book_valuer_per_share": 1.63,
            "book_valuer_per_share_4q_avg": 7.96,
            "equity": 6492000,
            "current_ratio": 186.65,
            "debt_ratio": 64.6,
            "inventory_turnover_ratio": null,
            "account_receivable_turnover_ratio": 0.27,
            "reinvestment_rate": 7.83,
            "research_to_sale_ratio": 11.48,
            "price_fair": 58.93,
            "eps_avg_yearly": 1.96,
            "eps_latest_yearly": 1.64,
            "eps_growth_yearly": 20.07
        },
        "20154": {
            "year_quarter": 20154,
            "year": 2015,
            "quarter": 4,
            "eps": 0.44,
            "eps_growth_year": -26.59,
            "eps_4q": 1.61,
            "eps_4q_growth_year": null,
            "roe": 8,
            "roe_4q": 16.61,
            "gross_profit": 1829000,
            "gross_margin": 78.77,
            "gross_margin_4q_avg": 79.41,
            "net_income": 523000,
            "net_income_4q": null,
            "revenue": 2322000,
            "revenue_4q": null,
            "common_shares": 2000,
            "book_valuer_per_share": 1.72,
            "book_valuer_per_share_4q_avg": 5.31,
            "equity": 6576000,
            "current_ratio": 349.27,
            "debt_ratio": 62.96,
            "inventory_turnover_ratio": null,
            "account_receivable_turnover_ratio": 3.83,
            "reinvestment_rate": -0.35,
            "research_to_sale_ratio": 9.86,
            "price_fair": 39.74,
            "eps_avg_yearly": 1.95,
            "eps_latest_yearly": 1.76,
            "eps_growth_yearly": 10.39
        },
        "20161": {
            "year_quarter": 20161,
            "year": 2016,
            "quarter": 1,
            "eps": 0.41,
            "eps_growth_year": 1.31,
            "eps_4q": 1.61,
            "eps_4q_growth_year": -18.38,
            "roe": 7.48,
            "roe_4q": 21.810000000000002,
            "gross_profit": 1660000,
            "gross_margin": 77.68,
            "gross_margin_4q_avg": 78.81,
            "net_income": 482000,
            "net_income_4q": null,
            "revenue": 2137000,
            "revenue_4q": null,
            "common_shares": 2000,
            "book_valuer_per_share": 1.5,
            "book_valuer_per_share_4q_avg": 3.6,
            "equity": 6317000,
            "current_ratio": 460.51,
            "debt_ratio": 67.78,
            "inventory_turnover_ratio": null,
            "account_receivable_turnover_ratio": 3.51,
            "reinvestment_rate": -0.01,
            "research_to_sale_ratio": 11.18,
            "price_fair": 40.4,
            "eps_avg_yearly": 1.94,
            "eps_latest_yearly": 1.64,
            "eps_growth_yearly": 10.83
        },
        "20162": {
            "year_quarter": 20162,
            "year": 2016,
            "quarter": 2,
            "eps": 0.38,
            "eps_growth_year": 7.96,
            "eps_4q": 1.64,
            "eps_4q_growth_year": -6.76,
            "roe": 6.84,
            "roe_4q": 26.46,
            "gross_profit": 1737000,
            "gross_margin": 77.89,
            "gross_margin_4q_avg": 78.43,
            "net_income": 437000,
            "net_income_4q": null,
            "revenue": 2230000,
            "revenue_4q": null,
            "common_shares": 2000,
            "book_valuer_per_share": 1.67,
            "book_valuer_per_share_4q_avg": 1.63,
            "equity": 6453000,
            "current_ratio": 449.41,
            "debt_ratio": 67.72,
            "inventory_turnover_ratio": null,
            "account_receivable_turnover_ratio": 3.63,
            "reinvestment_rate": 2.23,
            "research_to_sale_ratio": 13.23,
            "price_fair": 24.46,
            "eps_avg_yearly": 1.9,
            "eps_latest_yearly": 1.52,
            "eps_growth_yearly": 2.89
        },
        "20163": {
            "year_quarter": 20163,
            "year": 2016,
            "quarter": 3,
            "eps": 0.37,
            "eps_growth_year": -10.95,
            "eps_4q": 1.59,
            "eps_4q_growth_year": -9.6,
            "roe": 6.3,
            "roe_4q": 28.62,
            "gross_profit": 1719000,
            "gross_margin": 77.54,
            "gross_margin_4q_avg": 77.97,
            "net_income": 418000,
            "net_income_4q": null,
            "revenue": 2217000,
            "revenue_4q": null,
            "common_shares": 2000,
            "book_valuer_per_share": 1.77,
            "book_valuer_per_share_4q_avg": 1.67,
            "equity": 6819000,
            "current_ratio": 259.98,
            "debt_ratio": 66.74,
            "inventory_turnover_ratio": null,
            "account_receivable_turnover_ratio": 3.54,
            "reinvestment_rate": -1.34,
            "research_to_sale_ratio": 12.99,
            "price_fair": 30.84,
            "eps_avg_yearly": 1.87,
            "eps_latest_yearly": 1.48,
            "eps_growth_yearly": 6.45
        },
        "20164": {
            "year_quarter": 20164,
            "year": 2016,
            "quarter": 4,
            "eps": 5.32,
            "eps_growth_year": 1123.82,
            "eps_4q": 6.48,
            "eps_4q_growth_year": 303.71,
            "roe": 68.53,
            "roe_4q": 89.15,
            "gross_profit": 2178000,
            "gross_margin": 80.25,
            "gross_margin_4q_avg": 78.34,
            "net_income": 5948000,
            "net_income_4q": null,
            "revenue": 2714000,
            "revenue_4q": null,
            "common_shares": 2000,
            "book_valuer_per_share": 5.46,
            "book_valuer_per_share_4q_avg": 2.6,
            "equity": 10539000,
            "current_ratio": 230.7,
            "debt_ratio": 55.81,
            "inventory_turnover_ratio": null,
            "account_receivable_turnover_ratio": 3,
            "reinvestment_rate": -2.23,
            "research_to_sale_ratio": 10.76,
            "price_fair": 112.9,
            "eps_avg_yearly": 3.23,
            "eps_latest_yearly": 21.28,
            "eps_growth_yearly": 379.8
        },
        "20171": {
            "year_quarter": 20171,
            "year": 2017,
            "quarter": 1,
            "eps": 0.94,
            "eps_growth_year": 127.98,
            "eps_4q": 7.01,
            "eps_4q_growth_year": 335.09,
            "roe": 9.35,
            "roe_4q": 91.02,
            "gross_profit": 1789000,
            "gross_margin": 77.68,
            "gross_margin_4q_avg": 78.34,
            "net_income": 1035000,
            "net_income_4q": null,
            "revenue": 2303000,
            "revenue_4q": null,
            "common_shares": 2000,
            "book_valuer_per_share": 6.36,
            "book_valuer_per_share_4q_avg": 3.82,
            "equity": 11595000,
            "current_ratio": 191.59,
            "debt_ratio": 53.26,
            "inventory_turnover_ratio": null,
            "account_receivable_turnover_ratio": 2.6,
            "reinvestment_rate": 6.88,
            "research_to_sale_ratio": 12.07,
            "price_fair": 117,
            "eps_avg_yearly": 3.34,
            "eps_latest_yearly": 3.76,
            "eps_growth_yearly": 359.18
        },
        "20172": {
            "year_quarter": 20172,
            "year": 2017,
            "quarter": 2,
            "eps": 0.03,
            "eps_growth_year": -93.01,
            "eps_4q": 6.66,
            "eps_4q_growth_year": 306.08,
            "roe": 0.25,
            "roe_4q": 84.42999999999999,
            "gross_profit": 1859000,
            "gross_margin": 76.85,
            "gross_margin_4q_avg": 78.08,
            "net_income": 29000,
            "net_income_4q": null,
            "revenue": 2419000,
            "revenue_4q": null,
            "common_shares": 2000,
            "book_valuer_per_share": 6.27,
            "book_valuer_per_share_4q_avg": 4.97,
            "equity": 11474000,
            "current_ratio": 237.29,
            "debt_ratio": 58.25,
            "inventory_turnover_ratio": null,
            "account_receivable_turnover_ratio": 4,
            "reinvestment_rate": -5.3,
            "research_to_sale_ratio": 12.94,
            "price_fair": 112.4,
            "eps_avg_yearly": 3.21,
            "eps_latest_yearly": 0.12,
            "eps_growth_yearly": 333.68
        },
        "20173": {
            "year_quarter": 20173,
            "year": 2017,
            "quarter": 3,
            "eps": 0.48,
            "eps_growth_year": 31.44,
            "eps_4q": 6.77,
            "eps_4q_growth_year": 324.81,
            "roe": 4.57,
            "roe_4q": 82.7,
            "gross_profit": 1941000,
            "gross_margin": 77.7,
            "gross_margin_4q_avg": 78.12,
            "net_income": 520000,
            "net_income_4q": null,
            "revenue": 2498000,
            "revenue_4q": null,
            "common_shares": 2000,
            "book_valuer_per_share": 6.23,
            "book_valuer_per_share_4q_avg": 6.08,
            "equity": 11283000,
            "current_ratio": 246.33,
            "debt_ratio": 56.51,
            "inventory_turnover_ratio": null,
            "account_receivable_turnover_ratio": 4.01,
            "reinvestment_rate": 1.03,
            "research_to_sale_ratio": 12.65,
            "price_fair": 111.9,
            "eps_avg_yearly": 3.2,
            "eps_latest_yearly": 1.92,
            "eps_growth_yearly": 759.92
        },
        "20174": {
            "year_quarter": 20174,
            "year": 2017,
            "quarter": 4,
            "eps": 0.49,
            "eps_growth_year": -90.86,
            "eps_4q": 1.93,
            "eps_4q_growth_year": -70.16,
            "roe": 5.2,
            "roe_4q": 19.369999999999997,
            "gross_profit": 2117000,
            "gross_margin": 78.2,
            "gross_margin_4q_avg": 77.61,
            "net_income": 503000,
            "net_income_4q": null,
            "revenue": 2707000,
            "revenue_4q": null,
            "common_shares": 2000,
            "book_valuer_per_share": 3.12,
            "book_valuer_per_share_4q_avg": 5.5,
            "equity": 8049000,
            "current_ratio": 217.59,
            "debt_ratio": 69.03,
            "inventory_turnover_ratio": null,
            "account_receivable_turnover_ratio": 4.1,
            "reinvestment_rate": 0.28,
            "research_to_sale_ratio": 11.71,
            "price_fair": 110.3,
            "eps_avg_yearly": 3.15,
            "eps_latest_yearly": 1.96,
            "eps_growth_yearly": 754.05
        },
        "20181": {
            "year_quarter": 20181,
            "year": 2018,
            "quarter": 1,
            "eps": 0.4,
            "eps_growth_year": -57.89,
            "eps_4q": 1.39,
            "eps_4q_growth_year": -80.16,
            "roe": 5.2,
            "roe_4q": 15.22,
            "gross_profit": 2021000,
            "gross_margin": 78.33,
            "gross_margin_4q_avg": 77.77,
            "net_income": 407000,
            "net_income_4q": null,
            "revenue": 2580000,
            "revenue_4q": null,
            "common_shares": 2000,
            "book_valuer_per_share": 2.71,
            "book_valuer_per_share_4q_avg": 4.58,
            "equity": 7596000,
            "current_ratio": 263.36,
            "debt_ratio": 69.07,
            "inventory_turnover_ratio": null,
            "account_receivable_turnover_ratio": 3.74,
            "reinvestment_rate": -10.49,
            "research_to_sale_ratio": 12.95,
            "price_fair": 106.68,
            "eps_avg_yearly": 3.05,
            "eps_latest_yearly": 1.6,
            "eps_growth_yearly": 698.88
        },
        "20182": {
            "year_quarter": 20182,
            "year": 2018,
            "quarter": 2,
            "eps": 0.64,
            "eps_growth_year": 2290.74,
            "eps_4q": 2,
            "eps_4q_growth_year": -69.96,
            "roe": 8.66,
            "roe_4q": 23.63,
            "gross_profit": 2043000,
            "gross_margin": 77.39,
            "gross_margin_4q_avg": 77.91,
            "net_income": 638000,
            "net_income_4q": null,
            "revenue": 2640000,
            "revenue_4q": null,
            "common_shares": 2000,
            "book_valuer_per_share": 1.84,
            "book_valuer_per_share_4q_avg": 3.48,
            "equity": 7146000,
            "current_ratio": 237.12,
            "debt_ratio": 70.21,
            "inventory_turnover_ratio": null,
            "account_receivable_turnover_ratio": 3.7,
            "reinvestment_rate": -12.54,
            "research_to_sale_ratio": 13.33,
            "price_fair": 105.61,
            "eps_avg_yearly": 3.02,
            "eps_latest_yearly": 2.56,
            "eps_growth_yearly": 670.2
        },
        "20183": {
            "year_quarter": 20183,
            "year": 2018,
            "quarter": 3,
            "eps": 0.73,
            "eps_growth_year": 51.84,
            "eps_4q": 2.25,
            "eps_4q_growth_year": -66.78,
            "roe": 10.23,
            "roe_4q": 29.29,
            "gross_profit": 2041000,
            "gross_margin": 77.05,
            "gross_margin_4q_avg": 77.74,
            "net_income": 720000,
            "net_income_4q": null,
            "revenue": 2649000,
            "revenue_4q": null,
            "common_shares": 2000,
            "book_valuer_per_share": 1.72,
            "book_valuer_per_share_4q_avg": 2.35,
            "equity": 6929000,
            "current_ratio": 173.81,
            "debt_ratio": 70.7,
            "inventory_turnover_ratio": null,
            "account_receivable_turnover_ratio": 3.52,
            "reinvestment_rate": -9.89,
            "research_to_sale_ratio": 11.59,
            "price_fair": 108.41,
            "eps_avg_yearly": 3.1,
            "eps_latest_yearly": 2.92,
            "eps_growth_yearly": 680.73
        },
        "20184": {
            "year_quarter": 20184,
            "year": 2018,
            "quarter": 4,
            "eps": 0.32,
            "eps_growth_year": -35.02,
            "eps_4q": 2.08,
            "eps_4q_growth_year": 7.49,
            "roe": 4.54,
            "roe_4q": 28.63,
            "gross_profit": 2259000,
            "gross_margin": 78.52,
            "gross_margin_4q_avg": 77.82,
            "net_income": 300000,
            "net_income_4q": null,
            "revenue": 2877000,
            "revenue_4q": null,
            "common_shares": 2000,
            "book_valuer_per_share": 1.12,
            "book_valuer_per_share_4q_avg": 1.85,
            "equity": 6281000,
            "current_ratio": 159.99,
            "debt_ratio": 72.47,
            "inventory_turnover_ratio": null,
            "account_receivable_turnover_ratio": 3.91,
            "reinvestment_rate": -24.05,
            "research_to_sale_ratio": 10.15,
            "price_fair": 106.05,
            "eps_avg_yearly": 3.03,
            "eps_latest_yearly": 1.28,
            "eps_growth_yearly": 655.72
        },
        "20191": {
            "year_quarter": 20191,
            "year": 2019,
            "quarter": 1,
            "eps": 0.68,
            "eps_growth_year": 72.32,
            "eps_4q": 2.37,
            "eps_4q_growth_year": 70.07,
            "roe": 8.99,
            "roe_4q": 32.42,
            "gross_profit": 1874000,
            "gross_margin": 77.66,
            "gross_margin_4q_avg": 77.66,
            "net_income": 516000,
            "net_income_4q": null,
            "revenue": 2413000,
            "revenue_4q": null,
            "common_shares": 2000,
            "book_valuer_per_share": -0.13,
            "book_valuer_per_share_4q_avg": 1.14,
            "equity": 5203000,
            "current_ratio": 148.11,
            "debt_ratio": 76.7,
            "inventory_turnover_ratio": null,
            "account_receivable_turnover_ratio": 3.38,
            "reinvestment_rate": -25.39,
            "research_to_sale_ratio": 11.27,
            "price_fair": 108.41,
            "eps_avg_yearly": 3.1,
            "eps_latest_yearly": 2.72,
            "eps_growth_yearly": 691.47
        },
        "20192": {
            "year_quarter": 20192,
            "year": 2019,
            "quarter": 2,
            "eps": 0.46,
            "eps_growth_year": -26.97,
            "eps_4q": 2.19,
            "eps_4q_growth_year": 9.72,
            "roe": 8.59,
            "roe_4q": 32.349999999999994,
            "gross_profit": 1870000,
            "gross_margin": 77.18,
            "gross_margin_4q_avg": 77.6,
            "net_income": 400000,
            "net_income_4q": null,
            "revenue": 2423000,
            "revenue_4q": null,
            "common_shares": 2000,
            "book_valuer_per_share": -1.39,
            "book_valuer_per_share_4q_avg": 0.33,
            "equity": 4106000,
            "current_ratio": 131.39,
            "debt_ratio": 80.6,
            "inventory_turnover_ratio": null,
            "account_receivable_turnover_ratio": 3.2,
            "reinvestment_rate": -6.91,
            "research_to_sale_ratio": 12.17,
            "price_fair": 109.38,
            "eps_avg_yearly": 3.13,
            "eps_latest_yearly": 1.84,
            "eps_growth_yearly": 687.04
        },
        "20193": {
            "year_quarter": 20193,
            "year": 2019,
            "quarter": 3,
            "eps": 0.25,
            "eps_growth_year": -66,
            "eps_4q": 1.71,
            "eps_4q_growth_year": -23.96,
            "roe": 5.69,
            "roe_4q": 27.810000000000002,
            "gross_profit": 1553000,
            "gross_margin": 74.56,
            "gross_margin_4q_avg": 76.98,
            "net_income": 210000,
            "net_income_4q": null,
            "revenue": 2083000,
            "revenue_4q": null,
            "common_shares": 2000,
            "book_valuer_per_share": -2.33,
            "book_valuer_per_share_4q_avg": -0.68,
            "equity": 3270000,
            "current_ratio": 141.36,
            "debt_ratio": 82.53,
            "inventory_turnover_ratio": null,
            "account_receivable_turnover_ratio": 2.76,
            "reinvestment_rate": -10.31,
            "research_to_sale_ratio": 11.67,
            "price_fair": 107.98,
            "eps_avg_yearly": 3.09,
            "eps_latest_yearly": 1,
            "eps_growth_yearly": 671.34
        },
        "20194": {
            "year_quarter": 20194,
            "year": 2019,
            "quarter": 4,
            "eps": 0.58,
            "eps_growth_year": 82.26,
            "eps_4q": 1.97,
            "eps_4q_growth_year": -5.23,
            "roe": 15.28,
            "roe_4q": 38.55,
            "gross_profit": 1680000,
            "gross_margin": 75.13,
            "gross_margin_4q_avg": 76.13,
            "net_income": 469000,
            "net_income_4q": null,
            "revenue": 2236000,
            "revenue_4q": null,
            "common_shares": 2000,
            "book_valuer_per_share": -2.95,
            "book_valuer_per_share_4q_avg": -1.7,
            "equity": 2870000,
            "current_ratio": 115.74,
            "debt_ratio": 84.21,
            "inventory_turnover_ratio": null,
            "account_receivable_turnover_ratio": 3.16,
            "reinvestment_rate": -10.84,
            "research_to_sale_ratio": 10.78,
            "price_fair": 109.2,
            "eps_avg_yearly": 3.12,
            "eps_latest_yearly": 2.32,
            "eps_growth_yearly": 702.51
        },
        "20201": {
            "year_quarter": 20201,
            "year": 2020,
            "quarter": 1,
            "eps": 0.69,
            "eps_growth_year": 1.03,
            "eps_4q": 1.98,
            "eps_4q_growth_year": -16.39,
            "roe": 16.89,
            "roe_4q": 46.45,
            "gross_profit": 1467000,
            "gross_margin": 80.56,
            "gross_margin_4q_avg": 76.86,
            "net_income": 421000,
            "net_income_4q": null,
            "revenue": 1821000,
            "revenue_4q": null,
            "common_shares": 2000,
            "book_valuer_per_share": -3.97,
            "book_valuer_per_share_4q_avg": -2.66,
            "equity": 2115000,
            "current_ratio": 133.7,
            "debt_ratio": 88.83,
            "inventory_turnover_ratio": null,
            "account_receivable_turnover_ratio": 2.73,
            "reinvestment_rate": -15.1,
            "research_to_sale_ratio": 11.97,
            "price_fair": 111.65,
            "eps_avg_yearly": 3.19,
            "eps_latest_yearly": 2.76,
            "eps_growth_yearly": 708.96
        },
        "20202": {
            "year_quarter": 20202,
            "year": 2020,
            "quarter": 2,
            "eps": 1.06,
            "eps_growth_year": 129.36,
            "eps_4q": 2.58,
            "eps_4q_growth_year": 17.5,
            "roe": 27.47,
            "roe_4q": 65.33,
            "gross_profit": 1920000,
            "gross_margin": 82.16,
            "gross_margin_4q_avg": 78.1,
            "net_income": 689000,
            "net_income_4q": null,
            "revenue": 2337000,
            "revenue_4q": null,
            "common_shares": 2000,
            "book_valuer_per_share": -2.93,
            "book_valuer_per_share_4q_avg": -3.05,
            "equity": 2902000,
            "current_ratio": 157.59,
            "debt_ratio": 85.5,
            "inventory_turnover_ratio": null,
            "account_receivable_turnover_ratio": 3.16,
            "reinvestment_rate": -20.53,
            "research_to_sale_ratio": 10.95,
            "price_fair": 117.6,
            "eps_avg_yearly": 3.36,
            "eps_latest_yearly": 4.24,
            "eps_growth_yearly": 724.19
        },
        "20203": {
            "year_quarter": 20203,
            "year": 2020,
            "quarter": 3,
            "eps": 0.93,
            "eps_growth_year": 271.76,
            "eps_4q": 3.25,
            "eps_4q_growth_year": 90.26,
            "roe": 20.78,
            "roe_4q": 80.42,
            "gross_profit": 1780000,
            "gross_margin": 78.83,
            "gross_margin_4q_avg": 79.17,
            "net_income": 605000,
            "net_income_4q": null,
            "revenue": 2258000,
            "revenue_4q": null,
            "common_shares": 2000,
            "book_valuer_per_share": -2.37,
            "book_valuer_per_share_4q_avg": -3.06,
            "equity": 2920000,
            "current_ratio": 175.49,
            "debt_ratio": 84.15,
            "inventory_turnover_ratio": null,
            "account_receivable_turnover_ratio": 3.42,
            "reinvestment_rate": -22.54,
            "research_to_sale_ratio": 12,
            "price_fair": 122.5,
            "eps_avg_yearly": 3.5,
            "eps_latest_yearly": 3.72,
            "eps_growth_yearly": 721.78
        },
        "20204": {
            "year_quarter": 20204,
            "year": 2020,
            "quarter": 4,
            "eps": 1.2,
            "eps_growth_year": 107.7,
            "eps_4q": 3.88,
            "eps_4q_growth_year": 96.64,
            "roe": 23.82,
            "roe_4q": 88.96,
            "gross_profit": 1930000,
            "gross_margin": 77.89,
            "gross_margin_4q_avg": 79.86,
            "net_income": 772000,
            "net_income_4q": null,
            "revenue": 2478000,
            "revenue_4q": null,
            "common_shares": 2000,
            "book_valuer_per_share": -1.65,
            "book_valuer_per_share_4q_avg": -2.73,
            "equity": 3561000,
            "current_ratio": 179.66,
            "debt_ratio": 81.56,
            "inventory_turnover_ratio": null,
            "account_receivable_turnover_ratio": 5.57,
            "reinvestment_rate": -40.51,
            "research_to_sale_ratio": 11.42,
            "price_fair": 86.45,
            "eps_avg_yearly": 2.47,
            "eps_latest_yearly": 4.8,
            "eps_growth_yearly": 394.58
        },
        "20211": {
            "year_quarter": 20211,
            "year": 2021,
            "quarter": 1,
            "eps": 0.92,
            "eps_growth_year": 33.49,
            "eps_4q": 4.11,
            "eps_4q_growth_year": 107.6,
            "roe": 15.5,
            "roe_4q": 87.57,
            "gross_profit": 2032000,
            "gross_margin": 77.03,
            "gross_margin_4q_avg": 78.98,
            "net_income": 568000,
            "net_income_4q": null,
            "revenue": 2638000,
            "revenue_4q": null,
            "common_shares": 2000,
            "book_valuer_per_share": -1.21,
            "book_valuer_per_share_4q_avg": -2.04,
            "equity": 3770000,
            "current_ratio": 130.43,
            "debt_ratio": 79.87,
            "inventory_turnover_ratio": null,
            "account_receivable_turnover_ratio": 2.97,
            "reinvestment_rate": -44.23,
            "research_to_sale_ratio": 11.52,
            "price_fair": 86.28,
            "eps_avg_yearly": 2.47,
            "eps_latest_yearly": 3.68,
            "eps_growth_yearly": 409.33
        },
        "20212": {
            "year_quarter": 20212,
            "year": 2021,
            "quarter": 2,
            "eps": 0.54,
            "eps_growth_year": -49.02,
            "eps_4q": 3.58,
            "eps_4q_growth_year": 39.02,
            "roe": 3.5,
            "roe_4q": 63.6,
            "gross_profit": 1996000,
            "gross_margin": 74.81,
            "gross_margin_4q_avg": 77.14,
            "net_income": 294000,
            "net_income_4q": null,
            "revenue": 2668000,
            "revenue_4q": null,
            "common_shares": 2000,
            "book_valuer_per_share": 13.31,
            "book_valuer_per_share_4q_avg": 2.02,
            "equity": 13016000,
            "current_ratio": 396.23,
            "debt_ratio": 59.1,
            "inventory_turnover_ratio": null,
            "account_receivable_turnover_ratio": 2.69,
            "reinvestment_rate": -60.99,
            "research_to_sale_ratio": 13.12,
            "price_fair": 90.74,
            "eps_avg_yearly": 2.59,
            "eps_latest_yearly": 2.16,
            "eps_growth_yearly": 423.21
        },
        "20213": {
            "year_quarter": 20213,
            "year": 2021,
            "quarter": 3,
            "eps": 0.54,
            "eps_growth_year": -41.23,
            "eps_4q": 3.2,
            "eps_4q_growth_year": -1.61,
            "roe": 2.36,
            "roe_4q": 45.18,
            "gross_profit": 1823000,
            "gross_margin": 72.89,
            "gross_margin_4q_avg": 75.66,
            "net_income": 283000,
            "net_income_4q": null,
            "revenue": 2501000,
            "revenue_4q": null,
            "common_shares": 2000,
            "book_valuer_per_share": 10.75,
            "book_valuer_per_share_4q_avg": 5.3,
            "equity": 10945000,
            "current_ratio": 335.27,
            "debt_ratio": 62.59,
            "inventory_turnover_ratio": null,
            "account_receivable_turnover_ratio": 3.9,
            "reinvestment_rate": -69.69,
            "research_to_sale_ratio": 13.35,
            "price_fair": 91.26,
            "eps_avg_yearly": 2.61,
            "eps_latest_yearly": 2.16,
            "eps_growth_yearly": 48.21
        },
        "20214": {
            "year_quarter": 20214,
            "year": 2021,
            "quarter": 4,
            "eps": -1.34,
            "eps_growth_year": -212.02,
            "eps_4q": 0.67,
            "eps_4q_growth_year": -82.83,
            "roe": -8.62,
            "roe_4q": 12.74,
            "gross_profit": 1919000,
            "gross_margin": 73.44,
            "gross_margin_4q_avg": 74.54,
            "net_income": -893000,
            "net_income_4q": null,
            "revenue": 2613000,
            "revenue_4q": null,
            "common_shares": 2000,
            "book_valuer_per_share": 9.41,
            "book_valuer_per_share_4q_avg": 8.07,
            "equity": 9778000,
            "current_ratio": 197.12,
            "debt_ratio": 63.28,
            "inventory_turnover_ratio": null,
            "account_receivable_turnover_ratio": 3.63,
            "reinvestment_rate": 31.63,
            "research_to_sale_ratio": 12.9,
            "price_fair": 92.77,
            "eps_avg_yearly": 2.65,
            "eps_latest_yearly": 2.16,
            "eps_growth_yearly": 50.87
        },
        "20221": {
            "year_quarter": 20221,
            "year": 2022,
            "quarter": 1,
            "eps": -2.17,
            "eps_growth_year": -336.58,
            "eps_4q": -2.43,
            "eps_4q_growth_year": -159.15,
            "roe": -15.91,
            "roe_4q": -18.67,
            "gross_profit": 1794000,
            "gross_margin": 72.25,
            "gross_margin_4q_avg": 73.35,
            "net_income": -1339000,
            "net_income_4q": null,
            "revenue": 2483000,
            "revenue_4q": null,
            "common_shares": 2000,
            "book_valuer_per_share": 5.1,
            "book_valuer_per_share_4q_avg": 9.64,
            "equity": 7054000,
            "current_ratio": 147.51,
            "debt_ratio": 69.3,
            "inventory_turnover_ratio": null,
            "account_receivable_turnover_ratio": 3.33,
            "reinvestment_rate": 15.67,
            "research_to_sale_ratio": 12.12,
            "price_fair": 95.4,
            "eps_avg_yearly": 2.73,
            "eps_latest_yearly": 2.16,
            "eps_growth_yearly": 59.75
        },
        "20222": {
            "year_quarter": 20222,
            "year": 2022,
            "quarter": 2,
            "eps": -0.86,
            "eps_growth_year": -259.12,
            "eps_4q": -3.83,
            "eps_4q_growth_year": -206.99,
            "roe": -8.72,
            "roe_4q": -30.89,
            "gross_profit": 1759000,
            "gross_margin": 72.63,
            "gross_margin_4q_avg": 72.8,
            "net_income": -536000,
            "net_income_4q": null,
            "revenue": 2422000,
            "revenue_4q": null,
            "common_shares": 2000,
            "book_valuer_per_share": 2.06,
            "book_valuer_per_share_4q_avg": 6.83,
            "equity": 5243000,
            "current_ratio": 127.57,
            "debt_ratio": 73.32,
            "inventory_turnover_ratio": null,
            "account_receivable_turnover_ratio": 3.15,
            "reinvestment_rate": 26.42,
            "research_to_sale_ratio": 14.2,
            "price_fair": 95.85,
            "eps_avg_yearly": 2.74,
            "eps_latest_yearly": 2.16,
            "eps_growth_yearly": 45.88
        },
        "20223": {
            "year_quarter": 20223,
            "year": 2022,
            "quarter": 3,
            "eps": -0.05,
            "eps_growth_year": -108.43,
            "eps_4q": -4.42,
            "eps_4q_growth_year": -238.16,
            "roe": -1.39,
            "roe_4q": -34.64,
            "gross_profit": 1733000,
            "gross_margin": 72.82,
            "gross_margin_4q_avg": 72.79,
            "net_income": -70000,
            "net_income_4q": null,
            "revenue": 2380000,
            "revenue_4q": null,
            "common_shares": 2000,
            "book_valuer_per_share": 1.46,
            "book_valuer_per_share_4q_avg": 4.51,
            "equity": 4853000,
            "current_ratio": 133.09,
            "debt_ratio": 74.59,
            "inventory_turnover_ratio": null,
            "account_receivable_turnover_ratio": 2.85,
            "reinvestment_rate": 27.22,
            "research_to_sale_ratio": 14.5,
            "price_fair": 95.32,
            "eps_avg_yearly": 2.72,
            "eps_latest_yearly": 2.16,
            "eps_growth_yearly": 45.02
        },
        "20224": {
            "year_quarter": 20224,
            "year": 2022,
            "quarter": 4,
            "eps": 1.36,
            "eps_growth_year": null,
            "eps_4q": -1.73,
            "eps_4q_growth_year": -359.64,
            "roe": 13.41,
            "roe_4q": -12.610000000000001,
            "gross_profit": 1829000,
            "gross_margin": 72.87,
            "gross_margin_4q_avg": 72.64,
            "net_income": 671000,
            "net_income_4q": null,
            "revenue": 2510000,
            "revenue_4q": null,
            "common_shares": 2000,
            "book_valuer_per_share": 1.65,
            "book_valuer_per_share_4q_avg": 2.57,
            "equity": 5153000,
            "current_ratio": 217.51,
            "debt_ratio": 75.29,
            "inventory_turnover_ratio": null,
            "account_receivable_turnover_ratio": 2.76,
            "reinvestment_rate": -55.95,
            "research_to_sale_ratio": 13.55,
            "price_fair": 99.91,
            "eps_avg_yearly": 2.85,
            "eps_latest_yearly": 2.16,
            "eps_growth_yearly": 69.53
        },
        "20231": {
            "year_quarter": 20231,
            "year": 2023,
            "quarter": 1,
            "eps": 1.23,
            "eps_growth_year": null,
            "eps_4q": 1.68,
            "eps_4q_growth_year": null,
            "roe": 10.8,
            "roe_4q": 14.1,
            "gross_profit": 1810000,
            "gross_margin": 72.11,
            "gross_margin_4q_avg": 72.61,
            "net_income": 569000,
            "net_income_4q": null,
            "revenue": 2510000,
            "revenue_4q": null,
            "common_shares": 2000,
            "book_valuer_per_share": 2.05,
            "book_valuer_per_share_4q_avg": 1.81,
            "equity": 5387000,
            "current_ratio": 268.18,
            "debt_ratio": 73.07,
            "inventory_turnover_ratio": null,
            "account_receivable_turnover_ratio": 2.67,
            "reinvestment_rate": -25.89,
            "research_to_sale_ratio": 14.02,
            "price_fair": 106.91,
            "eps_avg_yearly": 3.05,
            "eps_latest_yearly": 4.92,
            "eps_growth_yearly": 25.15
        },
        "20232": {
            "year_quarter": 20232,
            "year": 2023,
            "quarter": 2,
            "eps": 0.42,
            "eps_growth_year": null,
            "eps_4q": 2.97,
            "eps_4q_growth_year": null,
            "roe": 3.23,
            "roe_4q": 26.05,
            "gross_profit": 1822000,
            "gross_margin": 71.73,
            "gross_margin_4q_avg": 72.38,
            "net_income": 172000,
            "net_income_4q": null,
            "revenue": 2540000,
            "revenue_4q": null,
            "common_shares": 2000,
            "book_valuer_per_share": 1.68,
            "book_valuer_per_share_4q_avg": 1.71,
            "equity": 5268000,
            "current_ratio": 245.2,
            "debt_ratio": 73.6,
            "inventory_turnover_ratio": null,
            "account_receivable_turnover_ratio": 2.68,
            "reinvestment_rate": -14,
            "research_to_sale_ratio": 15.43,
            "price_fair": 69.81,
            "eps_avg_yearly": 3.04,
            "eps_latest_yearly": 1.68,
            "eps_growth_yearly": 12.97
        }
    },
    "months": {
        "2001-01": {
            "month": "2001-01",
            "price": "10.89",
            "revenue": 0
        },
        "2001-02": {
            "month": "2001-02",
            "price": "11.51",
            "revenue": 0
        },
        "2001-03": {
            "month": "2001-03",
            "price": "9.09",
            "revenue": 0
        },
        "2001-04": {
            "month": "2001-04",
            "price": "10.48",
            "revenue": 0
        },
        "2001-05": {
            "month": "2001-05",
            "price": "14.37",
            "revenue": 0
        },
        "2001-06": {
            "month": "2001-06",
            "price": "16.41",
            "revenue": 0
        },
        "2001-07": {
            "month": "2001-07",
            "price": "16.18",
            "revenue": 0
        },
        "2001-08": {
            "month": "2001-08",
            "price": "14.87",
            "revenue": 0
        },
        "2001-09": {
            "month": "2001-09",
            "price": "12.28",
            "revenue": 0
        },
        "2001-10": {
            "month": "2001-10",
            "price": "13.77",
            "revenue": 0
        },
        "2001-11": {
            "month": "2001-11",
            "price": "14.95",
            "revenue": 0
        },
        "2001-12": {
            "month": "2001-12",
            "price": "16.82",
            "revenue": 0
        },
        "2002-01": {
            "month": "2002-01",
            "price": "15.68",
            "revenue": 0
        },
        "2002-02": {
            "month": "2002-02",
            "price": "13.85",
            "revenue": 0
        },
        "2002-03": {
            "month": "2002-03",
            "price": "14.48",
            "revenue": 0
        },
        "2002-04": {
            "month": "2002-04",
            "price": "13.35",
            "revenue": 0
        },
        "2002-05": {
            "month": "2002-05",
            "price": "13.71",
            "revenue": 0
        },
        "2002-06": {
            "month": "2002-06",
            "price": "14.75",
            "revenue": 0
        },
        "2002-07": {
            "month": "2002-07",
            "price": "14.53",
            "revenue": 0
        },
        "2002-08": {
            "month": "2002-08",
            "price": "14.40",
            "revenue": 0
        },
        "2002-09": {
            "month": "2002-09",
            "price": "14.21",
            "revenue": 0
        },
        "2002-10": {
            "month": "2002-10",
            "price": "14.44",
            "revenue": 0
        },
        "2002-11": {
            "month": "2002-11",
            "price": "16.54",
            "revenue": 0
        },
        "2002-12": {
            "month": "2002-12",
            "price": "17.15",
            "revenue": 0
        },
        "2003-01": {
            "month": "2003-01",
            "price": "18.35",
            "revenue": 0
        },
        "2003-02": {
            "month": "2003-02",
            "price": "18.83",
            "revenue": 0
        },
        "2003-03": {
            "month": "2003-03",
            "price": "21.07",
            "revenue": 0
        },
        "2003-04": {
            "month": "2003-04",
            "price": "22.52",
            "revenue": 0
        },
        "2003-05": {
            "month": "2003-05",
            "price": "24.32",
            "revenue": 0
        },
        "2003-06": {
            "month": "2003-06",
            "price": "25.20",
            "revenue": 0
        },
        "2003-07": {
            "month": "2003-07",
            "price": "27.87",
            "revenue": 0
        },
        "2003-08": {
            "month": "2003-08",
            "price": "26.60",
            "revenue": 0
        },
        "2003-09": {
            "month": "2003-09",
            "price": "26.91",
            "revenue": 0
        },
        "2003-10": {
            "month": "2003-10",
            "price": "28.48",
            "revenue": 0
        },
        "2003-11": {
            "month": "2003-11",
            "price": "27.43",
            "revenue": 0
        },
        "2003-12": {
            "month": "2003-12",
            "price": "29.59",
            "revenue": 0
        },
        "2004-01": {
            "month": "2004-01",
            "price": "33.01",
            "revenue": 0
        },
        "2004-02": {
            "month": "2004-02",
            "price": "33.89",
            "revenue": 0
        },
        "2004-03": {
            "month": "2004-03",
            "price": "34.12",
            "revenue": 0
        },
        "2004-04": {
            "month": "2004-04",
            "price": "38.59",
            "revenue": 0
        },
        "2004-05": {
            "month": "2004-05",
            "price": "40.82",
            "revenue": 0
        },
        "2004-06": {
            "month": "2004-06",
            "price": "44.22",
            "revenue": 0
        },
        "2004-07": {
            "month": "2004-07",
            "price": "40.90",
            "revenue": 0
        },
        "2004-08": {
            "month": "2004-08",
            "price": "39.89",
            "revenue": 0
        },
        "2004-09": {
            "month": "2004-09",
            "price": "45.28",
            "revenue": 0
        },
        "2004-10": {
            "month": "2004-10",
            "price": "47.51",
            "revenue": 0
        },
        "2004-11": {
            "month": "2004-11",
            "price": "53.39",
            "revenue": 0
        },
        "2004-12": {
            "month": "2004-12",
            "price": "57.69",
            "revenue": 0
        },
        "2005-01": {
            "month": "2005-01",
            "price": "48.64",
            "revenue": 0
        },
        "2005-02": {
            "month": "2005-02",
            "price": "40.87",
            "revenue": 0
        },
        "2005-03": {
            "month": "2005-03",
            "price": "38.14",
            "revenue": 0
        },
        "2005-04": {
            "month": "2005-04",
            "price": "33.69",
            "revenue": 0
        },
        "2005-05": {
            "month": "2005-05",
            "price": "35.19",
            "revenue": 0
        },
        "2005-06": {
            "month": "2005-06",
            "price": "36.49",
            "revenue": 0
        },
        "2005-07": {
            "month": "2005-07",
            "price": "37.00",
            "revenue": 0
        },
        "2005-08": {
            "month": "2005-08",
            "price": "41.17",
            "revenue": 0
        },
        "2005-09": {
            "month": "2005-09",
            "price": "38.75",
            "revenue": 0
        },
        "2005-10": {
            "month": "2005-10",
            "price": "39.74",
            "revenue": 0
        },
        "2005-11": {
            "month": "2005-11",
            "price": "43.64",
            "revenue": 0
        },
        "2005-12": {
            "month": "2005-12",
            "price": "44.54",
            "revenue": 0
        },
        "2006-01": {
            "month": "2006-01",
            "price": "44.89",
            "revenue": 0
        },
        "2006-02": {
            "month": "2006-02",
            "price": "40.78",
            "revenue": 0
        },
        "2006-03": {
            "month": "2006-03",
            "price": "38.63",
            "revenue": 0
        },
        "2006-04": {
            "month": "2006-04",
            "price": "37.33",
            "revenue": 0
        },
        "2006-05": {
            "month": "2006-05",
            "price": "31.98",
            "revenue": 0
        },
        "2006-06": {
            "month": "2006-06",
            "price": "30.55",
            "revenue": 0
        },
        "2006-07": {
            "month": "2006-07",
            "price": "25.99",
            "revenue": 0
        },
        "2006-08": {
            "month": "2006-08",
            "price": "25.62",
            "revenue": 0
        },
        "2006-09": {
            "month": "2006-09",
            "price": "27.52",
            "revenue": 0
        },
        "2006-10": {
            "month": "2006-10",
            "price": "30.22",
            "revenue": 0
        },
        "2006-11": {
            "month": "2006-11",
            "price": "32.82",
            "revenue": 0
        },
        "2006-12": {
            "month": "2006-12",
            "price": "31.59",
            "revenue": 0
        },
        "2007-01": {
            "month": "2007-01",
            "price": "30.46",
            "revenue": 0
        },
        "2007-02": {
            "month": "2007-02",
            "price": "33.09",
            "revenue": 0
        },
        "2007-03": {
            "month": "2007-03",
            "price": "31.76",
            "revenue": 0
        },
        "2007-04": {
            "month": "2007-04",
            "price": "33.96",
            "revenue": 0
        },
        "2007-05": {
            "month": "2007-05",
            "price": "33.45",
            "revenue": 0
        },
        "2007-06": {
            "month": "2007-06",
            "price": "31.62",
            "revenue": 0
        },
        "2007-07": {
            "month": "2007-07",
            "price": "33.26",
            "revenue": 0
        },
        "2007-08": {
            "month": "2007-08",
            "price": "34.36",
            "revenue": 0
        },
        "2007-09": {
            "month": "2007-09",
            "price": "37.40",
            "revenue": 0
        },
        "2007-10": {
            "month": "2007-10",
            "price": "38.00",
            "revenue": 0
        },
        "2007-11": {
            "month": "2007-11",
            "price": "33.04",
            "revenue": 0
        },
        "2007-12": {
            "month": "2007-12",
            "price": "33.40",
            "revenue": 0
        },
        "2008-01": {
            "month": "2008-01",
            "price": "28.81",
            "revenue": 0
        },
        "2008-02": {
            "month": "2008-02",
            "price": "27.75",
            "revenue": 0
        },
        "2008-03": {
            "month": "2008-03",
            "price": "27.56",
            "revenue": 0
        },
        "2008-04": {
            "month": "2008-04",
            "price": "31.49",
            "revenue": 0
        },
        "2008-05": {
            "month": "2008-05",
            "price": "30.64",
            "revenue": 0
        },
        "2008-06": {
            "month": "2008-06",
            "price": "28.58",
            "revenue": 0
        },
        "2008-07": {
            "month": "2008-07",
            "price": "26.24",
            "revenue": 0
        },
        "2008-08": {
            "month": "2008-08",
            "price": "25.39",
            "revenue": 0
        },
        "2008-09": {
            "month": "2008-09",
            "price": "22.66",
            "revenue": 0
        },
        "2008-10": {
            "month": "2008-10",
            "price": "16.36",
            "revenue": 0
        },
        "2008-11": {
            "month": "2008-11",
            "price": "13.18",
            "revenue": 0
        },
        "2008-12": {
            "month": "2008-12",
            "price": "13.92",
            "revenue": 0
        },
        "2009-01": {
            "month": "2009-01",
            "price": "13.31",
            "revenue": 0
        },
        "2009-02": {
            "month": "2009-02",
            "price": "12.54",
            "revenue": 0
        },
        "2009-03": {
            "month": "2009-03",
            "price": "11.79",
            "revenue": 0
        },
        "2009-04": {
            "month": "2009-04",
            "price": "14.85",
            "revenue": 0
        },
        "2009-05": {
            "month": "2009-05",
            "price": "17.16",
            "revenue": 0
        },
        "2009-06": {
            "month": "2009-06",
            "price": "17.43",
            "revenue": 0
        },
        "2009-07": {
            "month": "2009-07",
            "price": "18.66",
            "revenue": 0
        },
        "2009-08": {
            "month": "2009-08",
            "price": "21.98",
            "revenue": 0
        },
        "2009-09": {
            "month": "2009-09",
            "price": "23.32",
            "revenue": 0
        },
        "2009-10": {
            "month": "2009-10",
            "price": "24.02",
            "revenue": 0
        },
        "2009-11": {
            "month": "2009-11",
            "price": "23.36",
            "revenue": 0
        },
        "2009-12": {
            "month": "2009-12",
            "price": "23.21",
            "revenue": 0
        },
        "2010-01": {
            "month": "2010-01",
            "price": "23.40",
            "revenue": 0
        },
        "2010-02": {
            "month": "2010-02",
            "price": "22.75",
            "revenue": 0
        },
        "2010-03": {
            "month": "2010-03",
            "price": "26.06",
            "revenue": 0
        },
        "2010-04": {
            "month": "2010-04",
            "price": "25.88",
            "revenue": 0
        },
        "2010-05": {
            "month": "2010-05",
            "price": "22.09",
            "revenue": 0
        },
        "2010-06": {
            "month": "2010-06",
            "price": "21.54",
            "revenue": 0
        },
        "2010-07": {
            "month": "2010-07",
            "price": "20.48",
            "revenue": 0
        },
        "2010-08": {
            "month": "2010-08",
            "price": "22.25",
            "revenue": 0
        },
        "2010-09": {
            "month": "2010-09",
            "price": "24.35",
            "revenue": 0
        },
        "2010-10": {
            "month": "2010-10",
            "price": "26.15",
            "revenue": 0
        },
        "2010-11": {
            "month": "2010-11",
            "price": "30.34",
            "revenue": 0
        },
        "2010-12": {
            "month": "2010-12",
            "price": "29.41",
            "revenue": 0
        },
        "2011-01": {
            "month": "2011-01",
            "price": "29.44",
            "revenue": 0
        },
        "2011-02": {
            "month": "2011-02",
            "price": "33.28",
            "revenue": 0
        },
        "2011-03": {
            "month": "2011-03",
            "price": "31.16",
            "revenue": 0
        },
        "2011-04": {
            "month": "2011-04",
            "price": "31.93",
            "revenue": 0
        },
        "2011-05": {
            "month": "2011-05",
            "price": "32.48",
            "revenue": 0
        },
        "2011-06": {
            "month": "2011-06",
            "price": "29.76",
            "revenue": 0
        },
        "2011-07": {
            "month": "2011-07",
            "price": "33.09",
            "revenue": 0
        },
        "2011-08": {
            "month": "2011-08",
            "price": "29.80",
            "revenue": 0
        },
        "2011-09": {
            "month": "2011-09",
            "price": "31.01",
            "revenue": 0
        },
        "2011-10": {
            "month": "2011-10",
            "price": "31.99",
            "revenue": 0
        },
        "2011-11": {
            "month": "2011-11",
            "price": "30.62",
            "revenue": 0
        },
        "2011-12": {
            "month": "2011-12",
            "price": "30.52",
            "revenue": 0
        },
        "2012-01": {
            "month": "2012-01",
            "price": "31.26",
            "revenue": 0
        },
        "2012-02": {
            "month": "2012-02",
            "price": "34.14",
            "revenue": 0
        },
        "2012-03": {
            "month": "2012-03",
            "price": "36.87",
            "revenue": 0
        },
        "2012-04": {
            "month": "2012-04",
            "price": "37.76",
            "revenue": 0
        },
        "2012-05": {
            "month": "2012-05",
            "price": "40.03",
            "revenue": 0
        },
        "2012-06": {
            "month": "2012-06",
            "price": "41.26",
            "revenue": 0
        },
        "2012-07": {
            "month": "2012-07",
            "price": "41.87",
            "revenue": 0
        },
        "2012-08": {
            "month": "2012-08",
            "price": "45.77",
            "revenue": 0
        },
        "2012-09": {
            "month": "2012-09",
            "price": "48.90",
            "revenue": 0
        },
        "2012-10": {
            "month": "2012-10",
            "price": "48.51",
            "revenue": 0
        },
        "2012-11": {
            "month": "2012-11",
            "price": "49.00",
            "revenue": 0
        },
        "2012-12": {
            "month": "2012-12",
            "price": "51.33",
            "revenue": 0
        },
        "2013-01": {
            "month": "2013-01",
            "price": "53.97",
            "revenue": 0
        },
        "2013-02": {
            "month": "2013-02",
            "price": "55.79",
            "revenue": 0
        },
        "2013-03": {
            "month": "2013-03",
            "price": "52.69",
            "revenue": 0
        },
        "2013-04": {
            "month": "2013-04",
            "price": "54.74",
            "revenue": 0
        },
        "2013-05": {
            "month": "2013-05",
            "price": "54.95",
            "revenue": 0
        },
        "2013-06": {
            "month": "2013-06",
            "price": "51.78",
            "revenue": 0
        },
        "2013-07": {
            "month": "2013-07",
            "price": "53.67",
            "revenue": 0
        },
        "2013-08": {
            "month": "2013-08",
            "price": "52.31",
            "revenue": 0
        },
        "2013-09": {
            "month": "2013-09",
            "price": "53.98",
            "revenue": 0
        },
        "2013-10": {
            "month": "2013-10",
            "price": "53.30",
            "revenue": 0
        },
        "2013-11": {
            "month": "2013-11",
            "price": "51.51",
            "revenue": 0
        },
        "2013-12": {
            "month": "2013-12",
            "price": "52.86",
            "revenue": 0
        },
        "2014-01": {
            "month": "2014-01",
            "price": "53.20",
            "revenue": 0
        },
        "2014-02": {
            "month": "2014-02",
            "price": "55.09",
            "revenue": 0
        },
        "2014-03": {
            "month": "2014-03",
            "price": "57.26",
            "revenue": 0
        },
        "2014-04": {
            "month": "2014-04",
            "price": "54.41",
            "revenue": 0
        },
        "2014-05": {
            "month": "2014-05",
            "price": "51.36",
            "revenue": 0
        },
        "2014-06": {
            "month": "2014-06",
            "price": "49.51",
            "revenue": 0
        },
        "2014-07": {
            "month": "2014-07",
            "price": "51.61",
            "revenue": 0
        },
        "2014-08": {
            "month": "2014-08",
            "price": "54.10",
            "revenue": 0
        },
        "2014-09": {
            "month": "2014-09",
            "price": "52.90",
            "revenue": 0
        },
        "2014-10": {
            "month": "2014-10",
            "price": "51.63",
            "revenue": 0
        },
        "2014-11": {
            "month": "2014-11",
            "price": "54.19",
            "revenue": 0
        },
        "2014-12": {
            "month": "2014-12",
            "price": "56.09",
            "revenue": 0
        },
        "2015-01": {
            "month": "2015-01",
            "price": "54.87",
            "revenue": 0
        },
        "2015-02": {
            "month": "2015-02",
            "price": "56.14",
            "revenue": 0
        },
        "2015-03": {
            "month": "2015-03",
            "price": "58.74",
            "revenue": 0
        },
        "2015-04": {
            "month": "2015-04",
            "price": "57.44",
            "revenue": 0
        },
        "2015-05": {
            "month": "2015-05",
            "price": "59.15",
            "revenue": 0
        },
        "2015-06": {
            "month": "2015-06",
            "price": "61.13",
            "revenue": 0
        },
        "2015-07": {
            "month": "2015-07",
            "price": "47.15",
            "revenue": 0
        },
        "2015-08": {
            "month": "2015-08",
            "price": "27.46",
            "revenue": 0
        },
        "2015-09": {
            "month": "2015-09",
            "price": "25.87",
            "revenue": 0
        },
        "2015-10": {
            "month": "2015-10",
            "price": "25.82",
            "revenue": 0
        },
        "2015-11": {
            "month": "2015-11",
            "price": "28.92",
            "revenue": 0
        },
        "2015-12": {
            "month": "2015-12",
            "price": "28.22",
            "revenue": 0
        },
        "2016-01": {
            "month": "2016-01",
            "price": "25.74",
            "revenue": 0
        },
        "2016-02": {
            "month": "2016-02",
            "price": "23.31",
            "revenue": 0
        },
        "2016-03": {
            "month": "2016-03",
            "price": "24.02",
            "revenue": 0
        },
        "2016-04": {
            "month": "2016-04",
            "price": "24.58",
            "revenue": 0
        },
        "2016-05": {
            "month": "2016-05",
            "price": "23.87",
            "revenue": 0
        },
        "2016-06": {
            "month": "2016-06",
            "price": "23.94",
            "revenue": 0
        },
        "2016-07": {
            "month": "2016-07",
            "price": "27.18",
            "revenue": 0
        },
        "2016-08": {
            "month": "2016-08",
            "price": "31.09",
            "revenue": 0
        },
        "2016-09": {
            "month": "2016-09",
            "price": "32.08",
            "revenue": 0
        },
        "2016-10": {
            "month": "2016-10",
            "price": "30.78",
            "revenue": 0
        },
        "2016-11": {
            "month": "2016-11",
            "price": "28.43",
            "revenue": 0
        },
        "2016-12": {
            "month": "2016-12",
            "price": "29.39",
            "revenue": 0
        },
        "2017-01": {
            "month": "2017-01",
            "price": "30.67",
            "revenue": 0
        },
        "2017-02": {
            "month": "2017-02",
            "price": "33.32",
            "revenue": 0
        },
        "2017-03": {
            "month": "2017-03",
            "price": "33.45",
            "revenue": 0
        },
        "2017-04": {
            "month": "2017-04",
            "price": "33.57",
            "revenue": 0
        },
        "2017-05": {
            "month": "2017-05",
            "price": "34.03",
            "revenue": 0
        },
        "2017-06": {
            "month": "2017-06",
            "price": "34.97",
            "revenue": 0
        },
        "2017-07": {
            "month": "2017-07",
            "price": "35.99",
            "revenue": 0
        },
        "2017-08": {
            "month": "2017-08",
            "price": "35.33",
            "revenue": 0
        },
        "2017-09": {
            "month": "2017-09",
            "price": "37.91",
            "revenue": 0
        },
        "2017-10": {
            "month": "2017-10",
            "price": "37.87",
            "revenue": 0
        },
        "2017-11": {
            "month": "2017-11",
            "price": "36.06",
            "revenue": 0
        },
        "2017-12": {
            "month": "2017-12",
            "price": "37.40",
            "revenue": 0
        },
        "2018-01": {
            "month": "2018-01",
            "price": "39.20",
            "revenue": 0
        },
        "2018-02": {
            "month": "2018-02",
            "price": "42.99",
            "revenue": 0
        },
        "2018-03": {
            "month": "2018-03",
            "price": "42.15",
            "revenue": 0
        },
        "2018-04": {
            "month": "2018-04",
            "price": "40.10",
            "revenue": 0
        },
        "2018-05": {
            "month": "2018-05",
            "price": "38.00",
            "revenue": 0
        },
        "2018-06": {
            "month": "2018-06",
            "price": "38.69",
            "revenue": 0
        },
        "2018-07": {
            "month": "2018-07",
            "price": "35.87",
            "revenue": 0
        },
        "2018-08": {
            "month": "2018-08",
            "price": "34.16",
            "revenue": 0
        },
        "2018-09": {
            "month": "2018-09",
            "price": "33.92",
            "revenue": 0
        },
        "2018-10": {
            "month": "2018-10",
            "price": "30.54",
            "revenue": 0
        },
        "2018-11": {
            "month": "2018-11",
            "price": "29.01",
            "revenue": 0
        },
        "2018-12": {
            "month": "2018-12",
            "price": "28.48",
            "revenue": 0
        },
        "2019-01": {
            "month": "2019-01",
            "price": "31.27",
            "revenue": 0
        },
        "2019-02": {
            "month": "2019-02",
            "price": "36.28",
            "revenue": 0
        },
        "2019-03": {
            "month": "2019-03",
            "price": "36.68",
            "revenue": 0
        },
        "2019-04": {
            "month": "2019-04",
            "price": "37.36",
            "revenue": 0
        },
        "2019-05": {
            "month": "2019-05",
            "price": "36.90",
            "revenue": 0
        },
        "2019-06": {
            "month": "2019-06",
            "price": "38.59",
            "revenue": 0
        },
        "2019-07": {
            "month": "2019-07",
            "price": "40.32",
            "revenue": 0
        },
        "2019-08": {
            "month": "2019-08",
            "price": "40.00",
            "revenue": 0
        },
        "2019-09": {
            "month": "2019-09",
            "price": "40.00",
            "revenue": 0
        },
        "2019-10": {
            "month": "2019-10",
            "price": "37.76",
            "revenue": 0
        },
        "2019-11": {
            "month": "2019-11",
            "price": "35.25",
            "revenue": 0
        },
        "2019-12": {
            "month": "2019-12",
            "price": "35.48",
            "revenue": 0
        },
        "2020-01": {
            "month": "2020-01",
            "price": "35.43",
            "revenue": 0
        },
        "2020-02": {
            "month": "2020-02",
            "price": "36.81",
            "revenue": 0
        },
        "2020-03": {
            "month": "2020-03",
            "price": "32.55",
            "revenue": 0
        },
        "2020-04": {
            "month": "2020-04",
            "price": "35.56",
            "revenue": 0
        },
        "2020-05": {
            "month": "2020-05",
            "price": "42.23",
            "revenue": 0
        },
        "2020-06": {
            "month": "2020-06",
            "price": "48.73",
            "revenue": 0
        },
        "2020-07": {
            "month": "2020-07",
            "price": "56.80",
            "revenue": 0
        },
        "2020-08": {
            "month": "2020-08",
            "price": "56.44",
            "revenue": 0
        },
        "2020-09": {
            "month": "2020-09",
            "price": "51.95",
            "revenue": 0
        },
        "2020-10": {
            "month": "2020-10",
            "price": "53.14",
            "revenue": 0
        },
        "2020-11": {
            "month": "2020-11",
            "price": "48.97",
            "revenue": 0
        },
        "2020-12": {
            "month": "2020-12",
            "price": "50.86",
            "revenue": 0
        },
        "2021-01": {
            "month": "2021-01",
            "price": "55.49",
            "revenue": 0
        },
        "2021-02": {
            "month": "2021-02",
            "price": "60.91",
            "revenue": 0
        },
        "2021-03": {
            "month": "2021-03",
            "price": "57.63",
            "revenue": 0
        },
        "2021-04": {
            "month": "2021-04",
            "price": "61.94",
            "revenue": 0
        },
        "2021-05": {
            "month": "2021-05",
            "price": "59.99",
            "revenue": 0
        },
        "2021-06": {
            "month": "2021-06",
            "price": "65.92",
            "revenue": 0
        },
        "2021-07": {
            "month": "2021-07",
            "price": "70.13",
            "revenue": 0
        },
        "2021-08": {
            "month": "2021-08",
            "price": "71.58",
            "revenue": 0
        },
        "2021-09": {
            "month": "2021-09",
            "price": "73.31",
            "revenue": 0
        },
        "2021-10": {
            "month": "2021-10",
            "price": "74.78",
            "revenue": 0
        },
        "2021-11": {
            "month": "2021-11",
            "price": "73.71",
            "revenue": 0
        },
        "2021-12": {
            "month": "2021-12",
            "price": "65.88",
            "revenue": 0
        },
        "2022-01": {
            "month": "2022-01",
            "price": "62.28",
            "revenue": 0
        },
        "2022-02": {
            "month": "2022-02",
            "price": "57.53",
            "revenue": 0
        },
        "2022-03": {
            "month": "2022-03",
            "price": "55.33",
            "revenue": 0
        },
        "2022-04": {
            "month": "2022-04",
            "price": "54.49",
            "revenue": 0
        },
        "2022-05": {
            "month": "2022-05",
            "price": "47.58",
            "revenue": 0
        },
        "2022-06": {
            "month": "2022-06",
            "price": "44.45",
            "revenue": 0
        },
        "2022-07": {
            "month": "2022-07",
            "price": "44.82",
            "revenue": 0
        },
        "2022-08": {
            "month": "2022-08",
            "price": "47.30",
            "revenue": 0
        },
        "2022-09": {
            "month": "2022-09",
            "price": "41.28",
            "revenue": 0
        },
        "2022-10": {
            "month": "2022-10",
            "price": "38.36",
            "revenue": 0
        },
        "2022-11": {
            "month": "2022-11",
            "price": "43.52",
            "revenue": 0
        },
        "2022-12": {
            "month": "2022-12",
            "price": "42.38",
            "revenue": 0
        },
        "2023-01": {
            "month": "2023-01",
            "price": "46.31",
            "revenue": 0
        },
        "2023-02": {
            "month": "2023-02",
            "price": "48.45",
            "revenue": 0
        },
        "2023-03": {
            "month": "2023-03",
            "price": "43.22",
            "revenue": 0
        },
        "2023-04": {
            "month": "2023-04",
            "price": "43.90",
            "revenue": 0
        },
        "2023-05": {
            "month": "2023-05",
            "price": "44.50",
            "revenue": 0
        },
        "2023-06": {
            "month": "2023-06",
            "price": "44.73",
            "revenue": 0
        },
        "2023-07": {
            "month": "2023-07",
            "price": "46.53",
            "revenue": 0
        },
        "2023-08": {
            "month": "2023-08",
            "price": "43.65",
            "revenue": 0
        },
        "2023-09": {
            "month": "2023-09",
            "price": "43.80",
            "revenue": 0
        },
        "2023-10": {
            "month": "2023-10",
            "price": "41.73",
            "revenue": 0
        }
    }
}
