{
    "summary": {
        "stock_name": "Forward Industries Inc",
        "stock_id": "FORD",
        "category": "Consumer Discretionary",
        "main_business": "Forward Industries, Inc.根據紐約州法律成立，並開始運作於1961年，是一個特殊促銷品的製造商。公司設計，銷售和提出積極和保護解決方案，主要用於手持式電子裝置，包括軟邊攜帶盒，包裝袋，夾子，手帶，保護板和皮膚，以及醫療監控和診斷試劑盒的其他配件，條形碼掃描器，GPS和位置的裝置，以及蜂窩電話。還用於其他消費類產品，如膝上型電腦，MP3播放器，槍支，體育，娛樂，以及航空產品。該公司的主要客戶市場為原始裝置製造商（“OEMs”），這些產品要麼把作為配件的產品與產品組合裝箱打包，要麼透過其零售分銷渠道賣給他們的。 原始裝置製造商的客戶分佈在歐洲，亞太地區和美洲。",
        "website_url": "https://www.forwardindustries.com/",
        "ceo": "Terence Wise",
        "pe_ratio": -3,
        "report_year_from": 2007,
        "report_year_to": 2023,
        "age": 16,
        "eps_negative_percentage": 65,
        "eps_growth_avg": {
            "last_all": -1.56,
            "last_2y": null,
            "last_4y": 0,
            "last_8y": -8.33,
            "last_12y": -8.33,
            "last_16y": -41.77,
            "last_20y": -1.56,
            "at_2006_last_3y": 28.14,
            "at_2007_last_3y": -14.72,
            "at_2008_last_3y": -27.96,
            "at_2009_last_3y": -91.94,
            "at_2010_last_3y": -100,
            "at_2011_last_3y": null,
            "at_2012_last_3y": null,
            "at_2013_last_3y": null,
            "at_2014_last_3y": null,
            "at_2015_last_3y": null,
            "at_2016_last_3y": null,
            "at_2017_last_3y": -25,
            "at_2018_last_3y": 37.5,
            "at_2019_last_3y": -8.33,
            "at_2020_last_3y": -8.33,
            "at_2021_last_3y": 0,
            "at_2022_last_3y": -100,
            "at_2023_last_3y": -100,
            "at_2006_last_all": 28.14,
            "at_2007_last_all": 2.51,
            "at_2008_last_all": 2.51,
            "at_2009_last_all": 2.51,
            "at_2010_last_all": 2.51,
            "at_2011_last_all": 2.51,
            "at_2012_last_all": 2.51,
            "at_2013_last_all": 2.51,
            "at_2014_last_all": 2.51,
            "at_2015_last_all": 2.51,
            "at_2016_last_all": 2.51,
            "at_2017_last_all": -2.07,
            "at_2018_last_all": 12.51,
            "at_2019_last_all": -1.56,
            "at_2020_last_all": -1.56,
            "at_2021_last_all": -1.56,
            "at_2022_last_all": -1.56,
            "at_2023_last_all": -1.56
        },
        "latest_eps": -0.26,
        "latest_price": 0.72,
        "latest_roe": -48.5,
        "latest_gross_margin": 18,
        "latest_equity": 4484,
        "latest_revenue": 10127,
        "latest_gross_profit": 1823,
        "latest_net_income": -537,
        "latest_debt_ratio": 76.7,
        "latest_current_ratio": 123.39,
        "latest_account_receivable_turnover_ratio": 1.28,
        "latest_inventory_turnover_ratio": 3.45,
        "latest_reinvestment_rate": -44.99,
        "latest_research_to_sale_ratio": null
    },
    "eps_dividends": {
        "2001": {
            "cash": 0,
            "stock": 0,
            "eps": -0.4
        },
        "2002": {
            "cash": 0,
            "stock": 0,
            "eps": 0.14
        },
        "2003": {
            "cash": 0,
            "stock": 0,
            "eps": 0.24
        },
        "2004": {
            "cash": 0,
            "stock": 0,
            "eps": 0.3
        },
        "2005": {
            "cash": 0,
            "stock": 0,
            "eps": 1.24
        },
        "2006": {
            "cash": 0,
            "stock": 0,
            "eps": 0.2
        },
        "2007": {
            "cash": 0,
            "stock": 0,
            "eps": -0.07
        },
        "2008": {
            "cash": 0,
            "stock": 0,
            "eps": -0.12
        },
        "2009": {
            "cash": 0,
            "stock": 0,
            "eps": -0.18
        },
        "2010": {
            "cash": 0,
            "stock": 0,
            "eps": -0.2
        },
        "2011": {
            "cash": 0,
            "stock": 0,
            "eps": -0.27
        },
        "2012": {
            "cash": 0,
            "stock": 0,
            "eps": -0.41
        },
        "2013": {
            "cash": 0,
            "stock": 0,
            "eps": -0.1
        },
        "2014": {
            "cash": 0,
            "stock": 0,
            "eps": -0.08
        },
        "2015": {
            "cash": 0,
            "stock": 0,
            "eps": -0.25
        },
        "2016": {
            "cash": 0,
            "stock": 0,
            "eps": 0.08
        },
        "2017": {
            "cash": 0,
            "stock": 0,
            "eps": 0.06
        },
        "2018": {
            "cash": 0,
            "stock": 0,
            "eps": 0.15
        },
        "2019": {
            "cash": 0,
            "stock": 0,
            "eps": -0.38
        },
        "2020": {
            "cash": 0,
            "stock": 0,
            "eps": -0.05
        },
        "2021": {
            "cash": 0,
            "stock": 0,
            "eps": -0.09
        },
        "2022": {
            "cash": 0,
            "stock": 0,
            "eps": -0.14
        },
        "2023": {
            "cash": 0,
            "stock": 0,
            "eps": -0.18
        }
    },
    "dividends": [],
    "prices": {
        "200101": "1.32",
        "200102": "1.31",
        "200103": "1.21",
        "200104": "1.19",
        "200105": "1.16",
        "200106": "1.03",
        "200107": "0.99",
        "200108": "0.92",
        "200109": "0.79",
        "200110": "0.92",
        "200111": "0.95",
        "200112": "0.98",
        "200201": "1.02",
        "200202": "0.98",
        "200203": "0.95",
        "200204": "0.88",
        "200205": "0.83",
        "200206": "0.80",
        "200207": "0.78",
        "200208": "0.79",
        "200209": "0.83",
        "200210": "0.80",
        "200211": "0.81",
        "200212": "1.08",
        "200301": "1.59",
        "200302": "2.08",
        "200303": "1.87",
        "200304": "1.99",
        "200305": "1.91",
        "200306": "1.73",
        "200307": "1.71",
        "200308": "2.05",
        "200309": "2.58",
        "200310": "2.37",
        "200311": "2.49",
        "200312": "2.24",
        "200401": "2.72",
        "200402": "2.37",
        "200403": "2.20",
        "200404": "2.43",
        "200405": "2.66",
        "200406": "2.71",
        "200407": "2.51",
        "200408": "2.11",
        "200409": "2.21",
        "200410": "2.35",
        "200411": "2.56",
        "200412": "3.67",
        "200501": "5.19",
        "200502": "7.40",
        "200503": "9.99",
        "200504": "14.13",
        "200505": "17.61",
        "200506": "20.06",
        "200507": "21.00",
        "200508": "25.70",
        "200509": "25.58",
        "200510": "20.31",
        "200511": "21.31",
        "200512": "14.63",
        "200601": "10.68",
        "200602": "9.13",
        "200603": "9.20",
        "200604": "9.70",
        "200605": "5.52",
        "200606": "4.48",
        "200607": "5.70",
        "200608": "4.61",
        "200609": "5.20",
        "200610": "5.26",
        "200611": "4.99",
        "200612": "4.33",
        "200701": "4.38",
        "200702": "4.38",
        "200703": "4.23",
        "200704": "4.15",
        "200705": "3.42",
        "200706": "3.37",
        "200707": "3.29",
        "200708": "2.82",
        "200709": "2.80",
        "200710": "2.98",
        "200711": "2.64",
        "200712": "2.33",
        "200801": "2.31",
        "200802": "2.21",
        "200803": "2.35",
        "200804": "2.38",
        "200805": "2.41",
        "200806": "2.60",
        "200807": "2.54",
        "200808": "2.54",
        "200809": "2.24",
        "200810": "2.21",
        "200811": "2.35",
        "200812": "2.52",
        "200901": "2.13",
        "200902": "1.81",
        "200903": "1.76",
        "200904": "1.66",
        "200905": "1.64",
        "200906": "1.65",
        "200907": "1.56",
        "200908": "1.68",
        "200909": "1.73",
        "200910": "1.90",
        "200911": "2.03",
        "200912": "2.05",
        "201001": "2.24",
        "201002": "2.32",
        "201003": "2.57",
        "201004": "3.18",
        "201005": "4.39",
        "201006": "4.20",
        "201007": "3.37",
        "201008": "3.60",
        "201009": "3.65",
        "201010": "3.86",
        "201011": "3.61",
        "201012": "3.43",
        "201101": "3.39",
        "201102": "3.58",
        "201103": "3.83",
        "201104": "4.15",
        "201105": "3.78",
        "201106": "3.03",
        "201107": "2.89",
        "201108": "2.69",
        "201109": "2.51",
        "201110": "2.06",
        "201111": "1.87",
        "201112": "1.65",
        "201201": "1.87",
        "201202": "2.22",
        "201203": "2.71",
        "201204": "2.29",
        "201205": "2.06",
        "201206": "1.84",
        "201207": "1.46",
        "201208": "1.23",
        "201209": "1.20",
        "201210": "1.19",
        "201211": "1.20",
        "201212": "1.20",
        "201301": "1.73",
        "201302": "1.92",
        "201303": "2.02",
        "201304": "2.02",
        "201305": "1.96",
        "201306": "1.95",
        "201307": "1.91",
        "201308": "1.85",
        "201309": "1.88",
        "201310": "1.79",
        "201311": "1.61",
        "201312": "1.55",
        "201401": "1.73",
        "201402": "1.69",
        "201403": "1.65",
        "201404": "1.69",
        "201405": "1.47",
        "201406": "1.26",
        "201407": "1.35",
        "201408": "1.25",
        "201409": "1.33",
        "201410": "1.26",
        "201411": "1.15",
        "201412": "1.03",
        "201501": "1.05",
        "201502": "0.94",
        "201503": "0.82",
        "201504": "0.71",
        "201505": "0.66",
        "201506": "0.67",
        "201507": "0.67",
        "201508": "1.14",
        "201509": "1.58",
        "201510": "1.24",
        "201511": "1.40",
        "201512": "1.55",
        "201601": "1.28",
        "201602": "1.33",
        "201603": "1.35",
        "201604": "1.33",
        "201605": "1.28",
        "201606": "1.25",
        "201607": "1.42",
        "201608": "1.55",
        "201609": "1.52",
        "201610": "1.24",
        "201611": "1.32",
        "201612": "1.31",
        "201701": "1.21",
        "201702": "1.19",
        "201703": "1.11",
        "201704": "1.14",
        "201705": "1.13",
        "201706": "1.07",
        "201707": "1.08",
        "201708": "1.10",
        "201709": "1.18",
        "201710": "1.21",
        "201711": "1.27",
        "201712": "1.29",
        "201801": "1.87",
        "201802": "1.86",
        "201803": "1.54",
        "201804": "1.48",
        "201805": "1.51",
        "201806": "1.59",
        "201807": "1.80",
        "201808": "1.59",
        "201809": "1.53",
        "201810": "1.50",
        "201811": "1.42",
        "201812": "1.36",
        "201901": "1.42",
        "201902": "1.60",
        "201903": "1.55",
        "201904": "1.53",
        "201905": "1.41",
        "201906": "1.19",
        "201907": "1.14",
        "201908": "1.09",
        "201909": "1.12",
        "201910": "1.02",
        "201911": "1.02",
        "201912": "1.01",
        "202001": "1.09",
        "202002": "1.10",
        "202003": "1.02",
        "202004": "1.08",
        "202005": "1.13",
        "202006": "1.30",
        "202007": "1.30",
        "202008": "1.54",
        "202009": "1.45",
        "202010": "1.52",
        "202011": "1.67",
        "202012": "1.83",
        "202101": "2.41",
        "202102": "4.08",
        "202103": "3.22",
        "202104": "2.78",
        "202105": "2.48",
        "202106": "2.91",
        "202107": "2.74",
        "202108": "2.57",
        "202109": "2.36",
        "202110": "2.22",
        "202111": "2.09",
        "202112": "1.68",
        "202201": "1.57",
        "202202": "1.62",
        "202203": "1.60",
        "202204": "1.74",
        "202205": "1.50",
        "202206": "1.51",
        "202207": "1.65",
        "202208": "1.68",
        "202209": "1.38",
        "202210": "1.33",
        "202211": "1.25",
        "202212": "1.16",
        "202301": "1.19",
        "202302": "1.25",
        "202303": "1.09",
        "202304": "1.09",
        "202305": "1.01",
        "202306": "0.99",
        "202307": "0.90",
        "202308": "0.85",
        "202309": "0.79",
        "202310": "0.75",
        "202311": "無"
    },
    "quarters": {
        "20012": {
            "year_quarter": 20012,
            "year": 2001,
            "quarter": 2,
            "eps": 0.01,
            "eps_growth_year": 904.29,
            "eps_4q": -0.05,
            "eps_4q_growth_year": -118.43,
            "roe": 0.79,
            "roe_4q": 0.79,
            "gross_profit": 986,
            "gross_margin": 30.37,
            "gross_margin_4q_avg": 30.37,
            "net_income": 42,
            "net_income_4q": null,
            "revenue": 3247,
            "revenue_4q": null,
            "common_shares": 63,
            "book_valuer_per_share": 0.9,
            "book_valuer_per_share_4q_avg": 0.9,
            "equity": 5253,
            "current_ratio": 402.46,
            "debt_ratio": 19.61,
            "inventory_turnover_ratio": 2.7,
            "account_receivable_turnover_ratio": 1.14,
            "reinvestment_rate": -52.15,
            "research_to_sale_ratio": null,
            "price_fair": 0,
            "eps_avg_yearly": 0,
            "eps_latest_yearly": 0,
            "eps_growth_yearly": 0
        },
        "20013": {
            "year_quarter": 20013,
            "year": 2001,
            "quarter": 3,
            "eps": -0.05,
            "eps_growth_year": -472.33,
            "eps_4q": -0.11,
            "eps_4q_growth_year": -145.04,
            "roe": -5.98,
            "roe_4q": -5.19,
            "gross_profit": 638,
            "gross_margin": 27.17,
            "gross_margin_4q_avg": 28.77,
            "net_income": -305,
            "net_income_4q": null,
            "revenue": 2348,
            "revenue_4q": null,
            "common_shares": 63,
            "book_valuer_per_share": 0.85,
            "book_valuer_per_share_4q_avg": 0.88,
            "equity": 4948,
            "current_ratio": 342.46,
            "debt_ratio": 21.72,
            "inventory_turnover_ratio": 2.1,
            "account_receivable_turnover_ratio": 1.18,
            "reinvestment_rate": 64.46,
            "research_to_sale_ratio": null,
            "price_fair": 0,
            "eps_avg_yearly": 0,
            "eps_latest_yearly": 0,
            "eps_growth_yearly": 0
        },
        "20014": {
            "year_quarter": 20014,
            "year": 2001,
            "quarter": 4,
            "eps": -0.36,
            "eps_growth_year": null,
            "eps_4q": -0.34,
            "eps_4q_growth_year": null,
            "roe": -53.82,
            "roe_4q": -59.01,
            "gross_profit": 802,
            "gross_margin": 24.51,
            "gross_margin_4q_avg": 27.35,
            "net_income": -2098,
            "net_income_4q": null,
            "revenue": 3272,
            "revenue_4q": null,
            "common_shares": 63,
            "book_valuer_per_share": 0.49,
            "book_valuer_per_share_4q_avg": 0.75,
            "equity": 2849,
            "current_ratio": 178.1,
            "debt_ratio": 50.22,
            "inventory_turnover_ratio": 3.22,
            "account_receivable_turnover_ratio": 1.44,
            "reinvestment_rate": 8.01,
            "research_to_sale_ratio": null,
            "price_fair": 0,
            "eps_avg_yearly": 0,
            "eps_latest_yearly": 0,
            "eps_growth_yearly": 0
        },
        "20021": {
            "year_quarter": 20021,
            "year": 2002,
            "quarter": 1,
            "eps": 0.02,
            "eps_growth_year": -62.84,
            "eps_4q": -0.38,
            "eps_4q_growth_year": null,
            "roe": 4.69,
            "roe_4q": -54.32,
            "gross_profit": 1451,
            "gross_margin": 33.15,
            "gross_margin_4q_avg": 28.8,
            "net_income": 137,
            "net_income_4q": null,
            "revenue": 4377,
            "revenue_4q": null,
            "common_shares": 63,
            "book_valuer_per_share": 0.51,
            "book_valuer_per_share_4q_avg": 0.69,
            "equity": 2987,
            "current_ratio": 167.9,
            "debt_ratio": 54.17,
            "inventory_turnover_ratio": 3.07,
            "account_receivable_turnover_ratio": 1.46,
            "reinvestment_rate": 7.6,
            "research_to_sale_ratio": null,
            "price_fair": 0,
            "eps_avg_yearly": 0,
            "eps_latest_yearly": 0,
            "eps_growth_yearly": 0
        },
        "20022": {
            "year_quarter": 20022,
            "year": 2002,
            "quarter": 2,
            "eps": 0.01,
            "eps_growth_year": 27.03,
            "eps_4q": -0.38,
            "eps_4q_growth_year": null,
            "roe": 1.73,
            "roe_4q": -53.379999999999995,
            "gross_profit": 1301,
            "gross_margin": 33.77,
            "gross_margin_4q_avg": 29.65,
            "net_income": 52,
            "net_income_4q": null,
            "revenue": 3852,
            "revenue_4q": null,
            "common_shares": 63,
            "book_valuer_per_share": 0.52,
            "book_valuer_per_share_4q_avg": 0.59,
            "equity": 3038,
            "current_ratio": 197.58,
            "debt_ratio": 46.06,
            "inventory_turnover_ratio": 2.12,
            "account_receivable_turnover_ratio": 1.28,
            "reinvestment_rate": 9.37,
            "research_to_sale_ratio": null,
            "price_fair": 0.12,
            "eps_avg_yearly": 0.04,
            "eps_latest_yearly": 0.04,
            "eps_growth_yearly": -200
        },
        "20023": {
            "year_quarter": 20023,
            "year": 2002,
            "quarter": 3,
            "eps": 0.04,
            "eps_growth_year": null,
            "eps_4q": -0.29,
            "eps_4q_growth_year": null,
            "roe": 7.84,
            "roe_4q": -39.56,
            "gross_profit": 1558,
            "gross_margin": 38.46,
            "gross_margin_4q_avg": 32.47,
            "net_income": 248,
            "net_income_4q": null,
            "revenue": 4051,
            "revenue_4q": null,
            "common_shares": 63,
            "book_valuer_per_share": 0.56,
            "book_valuer_per_share_4q_avg": 0.52,
            "equity": 3287,
            "current_ratio": 228.95,
            "debt_ratio": 41.18,
            "inventory_turnover_ratio": 2.18,
            "account_receivable_turnover_ratio": 1.42,
            "reinvestment_rate": -7.98,
            "research_to_sale_ratio": null,
            "price_fair": 3.5,
            "eps_avg_yearly": 0.1,
            "eps_latest_yearly": 0.16,
            "eps_growth_yearly": 500
        },
        "20024": {
            "year_quarter": 20024,
            "year": 2002,
            "quarter": 4,
            "eps": 0.07,
            "eps_growth_year": null,
            "eps_4q": 0.15,
            "eps_4q_growth_year": null,
            "roe": 12.02,
            "roe_4q": 26.28,
            "gross_profit": 1320,
            "gross_margin": 32.33,
            "gross_margin_4q_avg": 34.43,
            "net_income": 420,
            "net_income_4q": null,
            "revenue": 4083,
            "revenue_4q": null,
            "common_shares": 63,
            "book_valuer_per_share": 0.64,
            "book_valuer_per_share_4q_avg": 0.56,
            "equity": 3704,
            "current_ratio": 297.79,
            "debt_ratio": 31.27,
            "inventory_turnover_ratio": 3.15,
            "account_receivable_turnover_ratio": 1.41,
            "reinvestment_rate": -18.47,
            "research_to_sale_ratio": null,
            "price_fair": 5.6,
            "eps_avg_yearly": 0.16,
            "eps_latest_yearly": 0.28,
            "eps_growth_yearly": 433.33
        },
        "20031": {
            "year_quarter": 20031,
            "year": 2003,
            "quarter": 1,
            "eps": 0.1,
            "eps_growth_year": 309.52,
            "eps_4q": 0.22,
            "eps_4q_growth_year": null,
            "roe": 14.12,
            "roe_4q": 35.71,
            "gross_profit": 1840,
            "gross_margin": 32.33,
            "gross_margin_4q_avg": 34.22,
            "net_income": 560,
            "net_income_4q": null,
            "revenue": 5692,
            "revenue_4q": null,
            "common_shares": 63,
            "book_valuer_per_share": 0.73,
            "book_valuer_per_share_4q_avg": 0.61,
            "equity": 4228,
            "current_ratio": 230.36,
            "debt_ratio": 40.8,
            "inventory_turnover_ratio": 4.05,
            "account_receivable_turnover_ratio": 1.74,
            "reinvestment_rate": -47.69,
            "research_to_sale_ratio": null,
            "price_fair": 7.7,
            "eps_avg_yearly": 0.22,
            "eps_latest_yearly": 0.4,
            "eps_growth_yearly": 367.86
        },
        "20032": {
            "year_quarter": 20032,
            "year": 2003,
            "quarter": 2,
            "eps": 0.03,
            "eps_growth_year": 263.05,
            "eps_4q": 0.24,
            "eps_4q_growth_year": null,
            "roe": 4.47,
            "roe_4q": 38.45,
            "gross_profit": 1200,
            "gross_margin": 30.74,
            "gross_margin_4q_avg": 33.47,
            "net_income": 193,
            "net_income_4q": null,
            "revenue": 3904,
            "revenue_4q": null,
            "common_shares": 63,
            "book_valuer_per_share": 0.76,
            "book_valuer_per_share_4q_avg": 0.67,
            "equity": 4400,
            "current_ratio": 378.24,
            "debt_ratio": 24.85,
            "inventory_turnover_ratio": 2.36,
            "account_receivable_turnover_ratio": 1.24,
            "reinvestment_rate": -43.63,
            "research_to_sale_ratio": null,
            "price_fair": 7,
            "eps_avg_yearly": 0.2,
            "eps_latest_yearly": 0.12,
            "eps_growth_yearly": 238.29
        },
        "20033": {
            "year_quarter": 20033,
            "year": 2003,
            "quarter": 3,
            "eps": 0.03,
            "eps_growth_year": -30.16,
            "eps_4q": 0.23,
            "eps_4q_growth_year": null,
            "roe": 3.96,
            "roe_4q": 34.56999999999999,
            "gross_profit": 1484,
            "gross_margin": 31.19,
            "gross_margin_4q_avg": 31.65,
            "net_income": 177,
            "net_income_4q": null,
            "revenue": 4758,
            "revenue_4q": null,
            "common_shares": 63,
            "book_valuer_per_share": 0.79,
            "book_valuer_per_share_4q_avg": 0.73,
            "equity": 4542,
            "current_ratio": 327.23,
            "debt_ratio": 28.21,
            "inventory_turnover_ratio": 3.72,
            "account_receivable_turnover_ratio": 1.76,
            "reinvestment_rate": -45.73,
            "research_to_sale_ratio": null,
            "price_fair": 6.53,
            "eps_avg_yearly": 0.19,
            "eps_latest_yearly": 0.12,
            "eps_growth_yearly": 198.57
        },
        "20034": {
            "year_quarter": 20034,
            "year": 2003,
            "quarter": 4,
            "eps": 0.08,
            "eps_growth_year": 16.96,
            "eps_4q": 0.24,
            "eps_4q_growth_year": 65.04,
            "roe": 10.45,
            "roe_4q": 33,
            "gross_profit": 1597,
            "gross_margin": 35.14,
            "gross_margin_4q_avg": 32.35,
            "net_income": 514,
            "net_income_4q": null,
            "revenue": 4545,
            "revenue_4q": null,
            "common_shares": 65,
            "book_valuer_per_share": 0.89,
            "book_valuer_per_share_4q_avg": 0.79,
            "equity": 5296,
            "current_ratio": 347.61,
            "debt_ratio": 26.24,
            "inventory_turnover_ratio": 4.34,
            "account_receivable_turnover_ratio": 1.41,
            "reinvestment_rate": -800,
            "research_to_sale_ratio": null,
            "price_fair": 7.2,
            "eps_avg_yearly": 0.21,
            "eps_latest_yearly": 0.32,
            "eps_growth_yearly": 265.44
        },
        "20041": {
            "year_quarter": 20041,
            "year": 2004,
            "quarter": 1,
            "eps": 0.03,
            "eps_growth_year": -68.49,
            "eps_4q": 0.18,
            "eps_4q_growth_year": -19.59,
            "roe": 3.53,
            "roe_4q": 22.409999999999997,
            "gross_profit": 1470,
            "gross_margin": 32.72,
            "gross_margin_4q_avg": 32.45,
            "net_income": 192,
            "net_income_4q": null,
            "revenue": 4493,
            "revenue_4q": null,
            "common_shares": 66,
            "book_valuer_per_share": 0.92,
            "book_valuer_per_share_4q_avg": 0.84,
            "equity": 5588,
            "current_ratio": 365.76,
            "debt_ratio": 25.09,
            "inventory_turnover_ratio": 3.7,
            "account_receivable_turnover_ratio": 1.3,
            "reinvestment_rate": 105.76,
            "research_to_sale_ratio": null,
            "price_fair": 6.83,
            "eps_avg_yearly": 0.2,
            "eps_latest_yearly": 0.12,
            "eps_growth_yearly": 201.01
        },
        "20042": {
            "year_quarter": 20042,
            "year": 2004,
            "quarter": 2,
            "eps": 0.08,
            "eps_growth_year": 135.63,
            "eps_4q": 0.22,
            "eps_4q_growth_year": -9.29,
            "roe": 8.34,
            "roe_4q": 26.28,
            "gross_profit": 1685,
            "gross_margin": 33.69,
            "gross_margin_4q_avg": 33.19,
            "net_income": 490,
            "net_income_4q": null,
            "revenue": 5001,
            "revenue_4q": null,
            "common_shares": 66,
            "book_valuer_per_share": 1.01,
            "book_valuer_per_share_4q_avg": 0.9,
            "equity": 6162,
            "current_ratio": 458.28,
            "debt_ratio": 20.18,
            "inventory_turnover_ratio": 3.72,
            "account_receivable_turnover_ratio": 1.56,
            "reinvestment_rate": -263.04,
            "research_to_sale_ratio": null,
            "price_fair": 7.31,
            "eps_avg_yearly": 0.21,
            "eps_latest_yearly": 0.32,
            "eps_growth_yearly": 252.75
        },
        "20043": {
            "year_quarter": 20043,
            "year": 2004,
            "quarter": 3,
            "eps": 0.05,
            "eps_growth_year": 76.35,
            "eps_4q": 0.24,
            "eps_4q_growth_year": 5.61,
            "roe": 5.39,
            "roe_4q": 27.71,
            "gross_profit": 1799,
            "gross_margin": 34.29,
            "gross_margin_4q_avg": 33.96,
            "net_income": 346,
            "net_income_4q": null,
            "revenue": 5246,
            "revenue_4q": null,
            "common_shares": 67,
            "book_valuer_per_share": 1.08,
            "book_valuer_per_share_4q_avg": 0.98,
            "equity": 6687,
            "current_ratio": 420.93,
            "debt_ratio": 21.92,
            "inventory_turnover_ratio": 4.26,
            "account_receivable_turnover_ratio": 1.67,
            "reinvestment_rate": -55.38,
            "research_to_sale_ratio": null,
            "price_fair": 7.28,
            "eps_avg_yearly": 0.21,
            "eps_latest_yearly": 0.2,
            "eps_growth_yearly": 212.48
        },
        "20044": {
            "year_quarter": 20044,
            "year": 2004,
            "quarter": 4,
            "eps": 0.14,
            "eps_growth_year": 68.08,
            "eps_4q": 0.3,
            "eps_4q_growth_year": 23.93,
            "roe": 12.74,
            "roe_4q": 30,
            "gross_profit": 1826,
            "gross_margin": 34.24,
            "gross_margin_4q_avg": 33.74,
            "net_income": 911,
            "net_income_4q": null,
            "revenue": 5333,
            "revenue_4q": null,
            "common_shares": 68,
            "book_valuer_per_share": 1.22,
            "book_valuer_per_share_4q_avg": 1.06,
            "equity": 7619,
            "current_ratio": 360.25,
            "debt_ratio": 25.24,
            "inventory_turnover_ratio": 4.46,
            "account_receivable_turnover_ratio": 1.53,
            "reinvestment_rate": -12.47,
            "research_to_sale_ratio": null,
            "price_fair": 8.4,
            "eps_avg_yearly": 0.24,
            "eps_latest_yearly": 0.56,
            "eps_growth_yearly": 258.61
        },
        "20051": {
            "year_quarter": 20051,
            "year": 2005,
            "quarter": 1,
            "eps": 0.2,
            "eps_growth_year": 574.79,
            "eps_4q": 0.48,
            "eps_4q_growth_year": 168.82,
            "roe": 16.34,
            "roe_4q": 42.81,
            "gross_profit": 3230,
            "gross_margin": 36.23,
            "gross_margin_4q_avg": 34.61,
            "net_income": 1364,
            "net_income_4q": null,
            "revenue": 8916,
            "revenue_4q": null,
            "common_shares": 69,
            "book_valuer_per_share": 1.44,
            "book_valuer_per_share_4q_avg": 1.19,
            "equity": 9079,
            "current_ratio": 356.72,
            "debt_ratio": 26.74,
            "inventory_turnover_ratio": 5.09,
            "account_receivable_turnover_ratio": 1.67,
            "reinvestment_rate": -7.77,
            "research_to_sale_ratio": null,
            "price_fair": 10.03,
            "eps_avg_yearly": 0.29,
            "eps_latest_yearly": 0.8,
            "eps_growth_yearly": 251.35
        },
        "20052": {
            "year_quarter": 20052,
            "year": 2005,
            "quarter": 2,
            "eps": 0.27,
            "eps_growth_year": 254.46,
            "eps_4q": 0.67,
            "eps_4q_growth_year": 203.32,
            "roe": 18.47,
            "roe_4q": 52.940000000000005,
            "gross_profit": 4132,
            "gross_margin": 36.77,
            "gross_margin_4q_avg": 35.38,
            "net_income": 2014,
            "net_income_4q": null,
            "revenue": 11238,
            "revenue_4q": null,
            "common_shares": 73,
            "book_valuer_per_share": 1.88,
            "book_valuer_per_share_4q_avg": 1.41,
            "equity": 12730,
            "current_ratio": 442.02,
            "debt_ratio": 21.51,
            "inventory_turnover_ratio": 5.38,
            "account_receivable_turnover_ratio": 1.43,
            "reinvestment_rate": -3.8,
            "research_to_sale_ratio": null,
            "price_fair": 12.17,
            "eps_avg_yearly": 0.35,
            "eps_latest_yearly": 1.08,
            "eps_growth_yearly": 242.78
        },
        "20053": {
            "year_quarter": 20053,
            "year": 2005,
            "quarter": 3,
            "eps": 0.33,
            "eps_growth_year": 525.62,
            "eps_4q": 0.95,
            "eps_4q_growth_year": 288.22,
            "roe": 16.97,
            "roe_4q": 64.52,
            "gross_profit": 4730,
            "gross_margin": 36.08,
            "gross_margin_4q_avg": 35.83,
            "net_income": 2570,
            "net_income_4q": null,
            "revenue": 13108,
            "revenue_4q": null,
            "common_shares": 80,
            "book_valuer_per_share": 2.37,
            "book_valuer_per_share_4q_avg": 1.73,
            "equity": 17552,
            "current_ratio": 469.44,
            "debt_ratio": 21,
            "inventory_turnover_ratio": 6.94,
            "account_receivable_turnover_ratio": 1.42,
            "reinvestment_rate": -2.32,
            "research_to_sale_ratio": null,
            "price_fair": 14.6,
            "eps_avg_yearly": 0.42,
            "eps_latest_yearly": 1.32,
            "eps_growth_yearly": 231.79
        },
        "20054": {
            "year_quarter": 20054,
            "year": 2005,
            "quarter": 4,
            "eps": 0.44,
            "eps_growth_year": 207.65,
            "eps_4q": 1.24,
            "eps_4q_growth_year": 311.96,
            "roe": 17.26,
            "roe_4q": 69.04,
            "gross_profit": 6495,
            "gross_margin": 34.91,
            "gross_margin_4q_avg": 36,
            "net_income": 3487,
            "net_income_4q": null,
            "revenue": 18607,
            "revenue_4q": null,
            "common_shares": 84,
            "book_valuer_per_share": 2.92,
            "book_valuer_per_share_4q_avg": 2.15,
            "equity": 22842,
            "current_ratio": 419.3,
            "debt_ratio": 23.62,
            "inventory_turnover_ratio": 10.49,
            "account_receivable_turnover_ratio": 1.66,
            "reinvestment_rate": -1.34,
            "research_to_sale_ratio": null,
            "price_fair": 17.73,
            "eps_avg_yearly": 0.51,
            "eps_latest_yearly": 1.76,
            "eps_growth_yearly": 225.23
        },
        "20061": {
            "year_quarter": 20061,
            "year": 2006,
            "quarter": 1,
            "eps": 0.1,
            "eps_growth_year": -52.9,
            "eps_4q": 1.13,
            "eps_4q_growth_year": 137.99,
            "roe": 3.29,
            "roe_4q": 55.989999999999995,
            "gross_profit": 2644,
            "gross_margin": 30.5,
            "gross_margin_4q_avg": 34.57,
            "net_income": 774,
            "net_income_4q": null,
            "revenue": 8670,
            "revenue_4q": null,
            "common_shares": 84,
            "book_valuer_per_share": 3.08,
            "book_valuer_per_share_4q_avg": 2.56,
            "equity": 24184,
            "current_ratio": 857.14,
            "debt_ratio": 11.55,
            "inventory_turnover_ratio": 4.63,
            "account_receivable_turnover_ratio": 0.88,
            "reinvestment_rate": -1.22,
            "research_to_sale_ratio": null,
            "price_fair": 17.5,
            "eps_avg_yearly": 0.5,
            "eps_latest_yearly": 0.4,
            "eps_growth_yearly": 191.83
        },
        "20062": {
            "year_quarter": 20062,
            "year": 2006,
            "quarter": 2,
            "eps": 0.01,
            "eps_growth_year": -97.05,
            "eps_4q": 0.87,
            "eps_4q_growth_year": 29.68,
            "roe": 0.26,
            "roe_4q": 37.78,
            "gross_profit": 1414,
            "gross_margin": 21.9,
            "gross_margin_4q_avg": 30.85,
            "net_income": 64,
            "net_income_4q": null,
            "revenue": 6457,
            "revenue_4q": null,
            "common_shares": 84,
            "book_valuer_per_share": 3.08,
            "book_valuer_per_share_4q_avg": 2.86,
            "equity": 24247,
            "current_ratio": 658.73,
            "debt_ratio": 15.05,
            "inventory_turnover_ratio": 2.46,
            "account_receivable_turnover_ratio": 1.05,
            "reinvestment_rate": -1.17,
            "research_to_sale_ratio": null,
            "price_fair": 17.5,
            "eps_avg_yearly": 0.5,
            "eps_latest_yearly": 0.04,
            "eps_growth_yearly": 181.83
        },
        "20063": {
            "year_quarter": 20063,
            "year": 2006,
            "quarter": 3,
            "eps": 0.04,
            "eps_growth_year": -89.14,
            "eps_4q": 0.58,
            "eps_4q_growth_year": -39.05,
            "roe": 1.17,
            "roe_4q": 21.98,
            "gross_profit": 1745,
            "gross_margin": 23.89,
            "gross_margin_4q_avg": 27.8,
            "net_income": 285,
            "net_income_4q": null,
            "revenue": 7305,
            "revenue_4q": null,
            "common_shares": 84,
            "book_valuer_per_share": 3.12,
            "book_valuer_per_share_4q_avg": 3.05,
            "equity": 24532,
            "current_ratio": 1060.06,
            "debt_ratio": 9.35,
            "inventory_turnover_ratio": 1.93,
            "account_receivable_turnover_ratio": 1.31,
            "reinvestment_rate": -1.11,
            "research_to_sale_ratio": null,
            "price_fair": 17.5,
            "eps_avg_yearly": 0.5,
            "eps_latest_yearly": 0.16,
            "eps_growth_yearly": 181.83
        },
        "20064": {
            "year_quarter": 20064,
            "year": 2006,
            "quarter": 4,
            "eps": 0.05,
            "eps_growth_year": -87.99,
            "eps_4q": 0.19,
            "eps_4q_growth_year": -84.48,
            "roe": 1.69,
            "roe_4q": 6.41,
            "gross_profit": 2032,
            "gross_margin": 24.85,
            "gross_margin_4q_avg": 25.29,
            "net_income": 418,
            "net_income_4q": null,
            "revenue": 8176,
            "revenue_4q": null,
            "common_shares": 84,
            "book_valuer_per_share": 3.17,
            "book_valuer_per_share_4q_avg": 3.11,
            "equity": 24950,
            "current_ratio": 972.77,
            "debt_ratio": 10.19,
            "inventory_turnover_ratio": 2.2,
            "account_receivable_turnover_ratio": 1.38,
            "reinvestment_rate": -1.09,
            "research_to_sale_ratio": null,
            "price_fair": 17.33,
            "eps_avg_yearly": 0.5,
            "eps_latest_yearly": 0.2,
            "eps_growth_yearly": 169.33
        },
        "20071": {
            "year_quarter": 20071,
            "year": 2007,
            "quarter": 1,
            "eps": 0.05,
            "eps_growth_year": -51.67,
            "eps_4q": 0.14,
            "eps_4q_growth_year": -87.4,
            "roe": 1.48,
            "roe_4q": 4.6,
            "gross_profit": 1956,
            "gross_margin": 26.31,
            "gross_margin_4q_avg": 24.24,
            "net_income": 372,
            "net_income_4q": null,
            "revenue": 7434,
            "revenue_4q": null,
            "common_shares": 84,
            "book_valuer_per_share": 3.22,
            "book_valuer_per_share_4q_avg": 3.15,
            "equity": 25323,
            "current_ratio": 705.84,
            "debt_ratio": 14.06,
            "inventory_turnover_ratio": 2.23,
            "account_receivable_turnover_ratio": 1.33,
            "reinvestment_rate": -1,
            "research_to_sale_ratio": null,
            "price_fair": 16.89,
            "eps_avg_yearly": 0.48,
            "eps_latest_yearly": 0.2,
            "eps_growth_yearly": 158.62
        },
        "20072": {
            "year_quarter": 20072,
            "year": 2007,
            "quarter": 2,
            "eps": -0,
            "eps_growth_year": -155.69,
            "eps_4q": 0.13,
            "eps_4q_growth_year": -85.01,
            "roe": -0.14,
            "roe_4q": 4.199999999999999,
            "gross_profit": 1301,
            "gross_margin": 22.14,
            "gross_margin_4q_avg": 24.3,
            "net_income": -35,
            "net_income_4q": null,
            "revenue": 5876,
            "revenue_4q": null,
            "common_shares": 84,
            "book_valuer_per_share": 3.22,
            "book_valuer_per_share_4q_avg": 3.18,
            "equity": 25288,
            "current_ratio": 1156.81,
            "debt_ratio": 8.58,
            "inventory_turnover_ratio": 1.98,
            "account_receivable_turnover_ratio": 1.31,
            "reinvestment_rate": -0.88,
            "research_to_sale_ratio": null,
            "price_fair": 17.73,
            "eps_avg_yearly": 0.51,
            "eps_latest_yearly": 0.2,
            "eps_growth_yearly": 187.86
        },
        "20073": {
            "year_quarter": 20073,
            "year": 2007,
            "quarter": 3,
            "eps": -0.04,
            "eps_growth_year": -201.38,
            "eps_4q": 0.06,
            "eps_4q_growth_year": -89.86,
            "roe": -1.13,
            "roe_4q": 1.9,
            "gross_profit": 941,
            "gross_margin": 21.38,
            "gross_margin_4q_avg": 23.67,
            "net_income": -283,
            "net_income_4q": null,
            "revenue": 4401,
            "revenue_4q": null,
            "common_shares": 84,
            "book_valuer_per_share": 3.18,
            "book_valuer_per_share_4q_avg": 3.2,
            "equity": 24850,
            "current_ratio": 1249.3,
            "debt_ratio": 7.94,
            "inventory_turnover_ratio": 1.81,
            "account_receivable_turnover_ratio": 1.25,
            "reinvestment_rate": -0.62,
            "research_to_sale_ratio": null,
            "price_fair": 18.7,
            "eps_avg_yearly": 0.53,
            "eps_latest_yearly": 0.2,
            "eps_growth_yearly": 201.28
        },
        "20074": {
            "year_quarter": 20074,
            "year": 2007,
            "quarter": 4,
            "eps": -0.08,
            "eps_growth_year": -248.54,
            "eps_4q": -0.07,
            "eps_4q_growth_year": -137.26,
            "roe": -2.47,
            "roe_4q": -2.2600000000000002,
            "gross_profit": 606,
            "gross_margin": 13.65,
            "gross_margin_4q_avg": 20.87,
            "net_income": -608,
            "net_income_4q": null,
            "revenue": 4440,
            "revenue_4q": null,
            "common_shares": 85,
            "book_valuer_per_share": 3.11,
            "book_valuer_per_share_4q_avg": 3.18,
            "equity": 24424,
            "current_ratio": 1194.93,
            "debt_ratio": 8.29,
            "inventory_turnover_ratio": 2.79,
            "account_receivable_turnover_ratio": 1.2,
            "reinvestment_rate": -0.65,
            "research_to_sale_ratio": null,
            "price_fair": 19.28,
            "eps_avg_yearly": 0.55,
            "eps_latest_yearly": 0.2,
            "eps_growth_yearly": 165.48
        },
        "20081": {
            "year_quarter": 20081,
            "year": 2008,
            "quarter": 1,
            "eps": -0.04,
            "eps_growth_year": -178.38,
            "eps_4q": -0.15,
            "eps_4q_growth_year": -208.61,
            "roe": -1.18,
            "roe_4q": -4.92,
            "gross_profit": 1118,
            "gross_margin": 22.57,
            "gross_margin_4q_avg": 19.94,
            "net_income": -287,
            "net_income_4q": null,
            "revenue": 4953,
            "revenue_4q": null,
            "common_shares": 85,
            "book_valuer_per_share": 3.07,
            "book_valuer_per_share_4q_avg": 3.15,
            "equity": 24151,
            "current_ratio": 763.43,
            "debt_ratio": 12.99,
            "inventory_turnover_ratio": 3.16,
            "account_receivable_turnover_ratio": 1.23,
            "reinvestment_rate": -0.41,
            "research_to_sale_ratio": null,
            "price_fair": 20.53,
            "eps_avg_yearly": 0.59,
            "eps_latest_yearly": 0.2,
            "eps_growth_yearly": 200.1
        },
        "20082": {
            "year_quarter": 20082,
            "year": 2008,
            "quarter": 2,
            "eps": -0.05,
            "eps_growth_year": null,
            "eps_4q": -0.2,
            "eps_4q_growth_year": -250.51,
            "roe": -1.49,
            "roe_4q": -6.2700000000000005,
            "gross_profit": 619,
            "gross_margin": 13.09,
            "gross_margin_4q_avg": 17.67,
            "net_income": -358,
            "net_income_4q": null,
            "revenue": 4728,
            "revenue_4q": null,
            "common_shares": 86,
            "book_valuer_per_share": 3.02,
            "book_valuer_per_share_4q_avg": 3.1,
            "equity": 23868,
            "current_ratio": 1179.81,
            "debt_ratio": 8.33,
            "inventory_turnover_ratio": 3.28,
            "account_receivable_turnover_ratio": 1.27,
            "reinvestment_rate": -1.24,
            "research_to_sale_ratio": null,
            "price_fair": 21.38,
            "eps_avg_yearly": 0.61,
            "eps_latest_yearly": 0.2,
            "eps_growth_yearly": 157.69
        },
        "20083": {
            "year_quarter": 20083,
            "year": 2008,
            "quarter": 3,
            "eps": -0.01,
            "eps_growth_year": null,
            "eps_4q": -0.17,
            "eps_4q_growth_year": -397.38,
            "roe": -0.46,
            "roe_4q": -5.6,
            "gross_profit": 1162,
            "gross_margin": 20.87,
            "gross_margin_4q_avg": 17.55,
            "net_income": -110,
            "net_income_4q": null,
            "revenue": 5568,
            "revenue_4q": null,
            "common_shares": 86,
            "book_valuer_per_share": 3.01,
            "book_valuer_per_share_4q_avg": 3.05,
            "equity": 23801,
            "current_ratio": 801.74,
            "debt_ratio": 12.29,
            "inventory_turnover_ratio": 3.47,
            "account_receivable_turnover_ratio": 1.4,
            "reinvestment_rate": -1.21,
            "research_to_sale_ratio": null,
            "price_fair": 22.82,
            "eps_avg_yearly": 0.65,
            "eps_latest_yearly": 0.2,
            "eps_growth_yearly": 188.46
        },
        "20084": {
            "year_quarter": 20084,
            "year": 2008,
            "quarter": 4,
            "eps": -0.02,
            "eps_growth_year": null,
            "eps_4q": -0.11,
            "eps_4q_growth_year": null,
            "roe": -0.56,
            "roe_4q": -3.6899999999999995,
            "gross_profit": 1129,
            "gross_margin": 23.89,
            "gross_margin_4q_avg": 20.11,
            "net_income": -134,
            "net_income_4q": null,
            "revenue": 4725,
            "revenue_4q": null,
            "common_shares": 86,
            "book_valuer_per_share": 3,
            "book_valuer_per_share_4q_avg": 3.03,
            "equity": 23708,
            "current_ratio": 1064.75,
            "debt_ratio": 9.18,
            "inventory_turnover_ratio": 2.61,
            "account_receivable_turnover_ratio": 1.17,
            "reinvestment_rate": -1.76,
            "research_to_sale_ratio": null,
            "price_fair": 23.18,
            "eps_avg_yearly": 0.66,
            "eps_latest_yearly": 0.2,
            "eps_growth_yearly": 129.4
        },
        "20091": {
            "year_quarter": 20091,
            "year": 2009,
            "quarter": 1,
            "eps": -0.03,
            "eps_growth_year": null,
            "eps_4q": -0.1,
            "eps_4q_growth_year": null,
            "roe": -0.87,
            "roe_4q": -3.38,
            "gross_profit": 944,
            "gross_margin": 17.79,
            "gross_margin_4q_avg": 18.91,
            "net_income": -205,
            "net_income_4q": null,
            "revenue": 5307,
            "revenue_4q": null,
            "common_shares": 86,
            "book_valuer_per_share": 2.98,
            "book_valuer_per_share_4q_avg": 3,
            "equity": 23550,
            "current_ratio": 877.44,
            "debt_ratio": 11.08,
            "inventory_turnover_ratio": 2.85,
            "account_receivable_turnover_ratio": 1.24,
            "reinvestment_rate": -0.89,
            "research_to_sale_ratio": null,
            "price_fair": 22.58,
            "eps_avg_yearly": 0.65,
            "eps_latest_yearly": 0.2,
            "eps_growth_yearly": 124.14
        },
        "20092": {
            "year_quarter": 20092,
            "year": 2009,
            "quarter": 2,
            "eps": -0.13,
            "eps_growth_year": null,
            "eps_4q": -0.19,
            "eps_4q_growth_year": null,
            "roe": -4.56,
            "roe_4q": -6.45,
            "gross_profit": 664,
            "gross_margin": 15.6,
            "gross_margin_4q_avg": 19.54,
            "net_income": -1052,
            "net_income_4q": null,
            "revenue": 4257,
            "revenue_4q": null,
            "common_shares": 86,
            "book_valuer_per_share": 2.85,
            "book_valuer_per_share_4q_avg": 2.96,
            "equity": 22563,
            "current_ratio": 1305.19,
            "debt_ratio": 7.58,
            "inventory_turnover_ratio": 2.56,
            "account_receivable_turnover_ratio": 1,
            "reinvestment_rate": -1.47,
            "research_to_sale_ratio": null,
            "price_fair": 20.4,
            "eps_avg_yearly": 0.58,
            "eps_latest_yearly": 0.2,
            "eps_growth_yearly": 121.88
        },
        "20093": {
            "year_quarter": 20093,
            "year": 2009,
            "quarter": 3,
            "eps": -0.01,
            "eps_growth_year": null,
            "eps_4q": -0.18,
            "eps_4q_growth_year": null,
            "roe": -0.28,
            "roe_4q": -6.27,
            "gross_profit": 1032,
            "gross_margin": 25.13,
            "gross_margin_4q_avg": 20.6,
            "net_income": -64,
            "net_income_4q": null,
            "revenue": 4107,
            "revenue_4q": null,
            "common_shares": 86,
            "book_valuer_per_share": 2.84,
            "book_valuer_per_share_4q_avg": 2.92,
            "equity": 22556,
            "current_ratio": 1418.19,
            "debt_ratio": 6.98,
            "inventory_turnover_ratio": 3.26,
            "account_receivable_turnover_ratio": 1.19,
            "reinvestment_rate": -2.87,
            "research_to_sale_ratio": null,
            "price_fair": 16.1,
            "eps_avg_yearly": 0.46,
            "eps_latest_yearly": 0.2,
            "eps_growth_yearly": 127.37
        },
        "20094": {
            "year_quarter": 20094,
            "year": 2009,
            "quarter": 4,
            "eps": -0.01,
            "eps_growth_year": null,
            "eps_4q": -0.18,
            "eps_4q_growth_year": null,
            "roe": -0.32,
            "roe_4q": -6.03,
            "gross_profit": 942,
            "gross_margin": 25,
            "gross_margin_4q_avg": 20.88,
            "net_income": -73,
            "net_income_4q": null,
            "revenue": 3769,
            "revenue_4q": null,
            "common_shares": 86,
            "book_valuer_per_share": 2.84,
            "book_valuer_per_share_4q_avg": 2.88,
            "equity": 22522,
            "current_ratio": 1238.97,
            "debt_ratio": 8,
            "inventory_turnover_ratio": 3.91,
            "account_receivable_turnover_ratio": 1.15,
            "reinvestment_rate": 4.52,
            "research_to_sale_ratio": null,
            "price_fair": 7,
            "eps_avg_yearly": 0.2,
            "eps_latest_yearly": 0.2,
            "eps_growth_yearly": 126.18
        },
        "20101": {
            "year_quarter": 20101,
            "year": 2010,
            "quarter": 1,
            "eps": -0.02,
            "eps_growth_year": null,
            "eps_4q": -0.17,
            "eps_4q_growth_year": null,
            "roe": -0.83,
            "roe_4q": -5.989999999999999,
            "gross_profit": 924,
            "gross_margin": 22.39,
            "gross_margin_4q_avg": 22.03,
            "net_income": -187,
            "net_income_4q": null,
            "revenue": 4127,
            "revenue_4q": null,
            "common_shares": 87,
            "book_valuer_per_share": 2.81,
            "book_valuer_per_share_4q_avg": 2.84,
            "equity": 22385,
            "current_ratio": 1223.17,
            "debt_ratio": 8.11,
            "inventory_turnover_ratio": 3.82,
            "account_receivable_turnover_ratio": 1.21,
            "reinvestment_rate": 2.28,
            "research_to_sale_ratio": null,
            "price_fair": 5.25,
            "eps_avg_yearly": 0.15,
            "eps_latest_yearly": 0.2,
            "eps_growth_yearly": 235
        },
        "20102": {
            "year_quarter": 20102,
            "year": 2010,
            "quarter": 2,
            "eps": -0.01,
            "eps_growth_year": null,
            "eps_4q": -0.05,
            "eps_4q_growth_year": null,
            "roe": -0.5,
            "roe_4q": -1.9300000000000002,
            "gross_profit": 994,
            "gross_margin": 22.48,
            "gross_margin_4q_avg": 23.75,
            "net_income": -112,
            "net_income_4q": null,
            "revenue": 4420,
            "revenue_4q": null,
            "common_shares": 87,
            "book_valuer_per_share": 2.8,
            "book_valuer_per_share_4q_avg": 2.82,
            "equity": 22331,
            "current_ratio": 1100.4,
            "debt_ratio": 9.02,
            "inventory_turnover_ratio": 3.74,
            "account_receivable_turnover_ratio": 1.23,
            "reinvestment_rate": 1.97,
            "research_to_sale_ratio": null,
            "price_fair": 6.53,
            "eps_avg_yearly": 0.19,
            "eps_latest_yearly": 0.2,
            "eps_growth_yearly": 433.33
        },
        "20103": {
            "year_quarter": 20103,
            "year": 2010,
            "quarter": 3,
            "eps": 0,
            "eps_growth_year": null,
            "eps_4q": -0.04,
            "eps_4q_growth_year": null,
            "roe": 0.08,
            "roe_4q": -1.57,
            "gross_profit": 1271,
            "gross_margin": 25.13,
            "gross_margin_4q_avg": 23.75,
            "net_income": 17,
            "net_income_4q": null,
            "revenue": 5058,
            "revenue_4q": null,
            "common_shares": 87,
            "book_valuer_per_share": 2.8,
            "book_valuer_per_share_4q_avg": 2.81,
            "equity": 22473,
            "current_ratio": 819.02,
            "debt_ratio": 12.13,
            "inventory_turnover_ratio": 4.05,
            "account_receivable_turnover_ratio": 1.3,
            "reinvestment_rate": 2.62,
            "research_to_sale_ratio": null,
            "price_fair": 7,
            "eps_avg_yearly": 0.2,
            "eps_latest_yearly": 0.2,
            "eps_growth_yearly": 50
        },
        "20104": {
            "year_quarter": 20104,
            "year": 2010,
            "quarter": 4,
            "eps": -0.17,
            "eps_growth_year": null,
            "eps_4q": -0.21,
            "eps_4q_growth_year": null,
            "roe": -6.42,
            "roe_4q": -7.67,
            "gross_profit": 1043,
            "gross_margin": 19.34,
            "gross_margin_4q_avg": 22.34,
            "net_income": -1403,
            "net_income_4q": null,
            "revenue": 5392,
            "revenue_4q": null,
            "common_shares": 88,
            "book_valuer_per_share": 2.63,
            "book_valuer_per_share_4q_avg": 2.76,
            "equity": 21206,
            "current_ratio": 733.01,
            "debt_ratio": 13.55,
            "inventory_turnover_ratio": 4.17,
            "account_receivable_turnover_ratio": 1.23,
            "reinvestment_rate": 1.28,
            "research_to_sale_ratio": null,
            "price_fair": 2,
            "eps_avg_yearly": 0.2,
            "eps_latest_yearly": 0.2,
            "eps_growth_yearly": 0
        },
        "20111": {
            "year_quarter": 20111,
            "year": 2011,
            "quarter": 1,
            "eps": 0,
            "eps_growth_year": null,
            "eps_4q": -0.18,
            "eps_4q_growth_year": null,
            "roe": 0.08,
            "roe_4q": -6.76,
            "gross_profit": 1381,
            "gross_margin": 23.14,
            "gross_margin_4q_avg": 22.52,
            "net_income": 17,
            "net_income_4q": null,
            "revenue": 5968,
            "revenue_4q": null,
            "common_shares": 88,
            "book_valuer_per_share": 2.64,
            "book_valuer_per_share_4q_avg": 2.72,
            "equity": 21317,
            "current_ratio": 739.62,
            "debt_ratio": 13.43,
            "inventory_turnover_ratio": 3.77,
            "account_receivable_turnover_ratio": 1.29,
            "reinvestment_rate": 0.89,
            "research_to_sale_ratio": null,
            "price_fair": 0,
            "eps_avg_yearly": 0,
            "eps_latest_yearly": 0,
            "eps_growth_yearly": 0
        },
        "20112": {
            "year_quarter": 20112,
            "year": 2011,
            "quarter": 2,
            "eps": -0.07,
            "eps_growth_year": null,
            "eps_4q": -0.24,
            "eps_4q_growth_year": null,
            "roe": -2.63,
            "roe_4q": -8.889999999999999,
            "gross_profit": 1157,
            "gross_margin": 23.16,
            "gross_margin_4q_avg": 22.69,
            "net_income": -555,
            "net_income_4q": null,
            "revenue": 4996,
            "revenue_4q": null,
            "common_shares": 88,
            "book_valuer_per_share": 2.57,
            "book_valuer_per_share_4q_avg": 2.66,
            "equity": 20817,
            "current_ratio": 948.47,
            "debt_ratio": 10.45,
            "inventory_turnover_ratio": 3,
            "account_receivable_turnover_ratio": 1.01,
            "reinvestment_rate": 0.23,
            "research_to_sale_ratio": null,
            "price_fair": 0,
            "eps_avg_yearly": 0,
            "eps_latest_yearly": 0,
            "eps_growth_yearly": 0
        },
        "20113": {
            "year_quarter": 20113,
            "year": 2011,
            "quarter": 3,
            "eps": -0.05,
            "eps_growth_year": -2511.96,
            "eps_4q": -0.29,
            "eps_4q_growth_year": null,
            "roe": -1.99,
            "roe_4q": -10.96,
            "gross_profit": 1443,
            "gross_margin": 23.43,
            "gross_margin_4q_avg": 22.27,
            "net_income": -408,
            "net_income_4q": null,
            "revenue": 6157,
            "revenue_4q": null,
            "common_shares": 88,
            "book_valuer_per_share": 2.5,
            "book_valuer_per_share_4q_avg": 2.59,
            "equity": 20257,
            "current_ratio": 680.1,
            "debt_ratio": 14.51,
            "inventory_turnover_ratio": 3.84,
            "account_receivable_turnover_ratio": 1.08,
            "reinvestment_rate": -0.83,
            "research_to_sale_ratio": null,
            "price_fair": 0,
            "eps_avg_yearly": 0,
            "eps_latest_yearly": 0,
            "eps_growth_yearly": 0
        },
        "20114": {
            "year_quarter": 20114,
            "year": 2011,
            "quarter": 4,
            "eps": -0.15,
            "eps_growth_year": null,
            "eps_4q": -0.26,
            "eps_4q_growth_year": null,
            "roe": -6.14,
            "roe_4q": -10.679999999999998,
            "gross_profit": 1100,
            "gross_margin": 19.5,
            "gross_margin_4q_avg": 22.31,
            "net_income": -1195,
            "net_income_4q": null,
            "revenue": 5642,
            "revenue_4q": null,
            "common_shares": 88,
            "book_valuer_per_share": 2.31,
            "book_valuer_per_share_4q_avg": 2.51,
            "equity": 18683,
            "current_ratio": 611.29,
            "debt_ratio": 16.07,
            "inventory_turnover_ratio": 3.95,
            "account_receivable_turnover_ratio": 1.12,
            "reinvestment_rate": -2.28,
            "research_to_sale_ratio": null,
            "price_fair": 0,
            "eps_avg_yearly": 0,
            "eps_latest_yearly": 0,
            "eps_growth_yearly": 0
        },
        "20121": {
            "year_quarter": 20121,
            "year": 2012,
            "quarter": 1,
            "eps": -0.06,
            "eps_growth_year": -2830.84,
            "eps_4q": -0.33,
            "eps_4q_growth_year": null,
            "roe": -2.63,
            "roe_4q": -13.39,
            "gross_profit": 1211,
            "gross_margin": 19.66,
            "gross_margin_4q_avg": 21.44,
            "net_income": -473,
            "net_income_4q": null,
            "revenue": 6162,
            "revenue_4q": null,
            "common_shares": 88,
            "book_valuer_per_share": 2.14,
            "book_valuer_per_share_4q_avg": 2.38,
            "equity": 17308,
            "current_ratio": 415.06,
            "debt_ratio": 23.65,
            "inventory_turnover_ratio": 3.15,
            "account_receivable_turnover_ratio": 1.03,
            "reinvestment_rate": -2.91,
            "research_to_sale_ratio": null,
            "price_fair": 0,
            "eps_avg_yearly": 0,
            "eps_latest_yearly": 0,
            "eps_growth_yearly": 0
        },
        "20122": {
            "year_quarter": 20122,
            "year": 2012,
            "quarter": 2,
            "eps": -0.07,
            "eps_growth_year": null,
            "eps_4q": -0.32,
            "eps_4q_growth_year": null,
            "roe": -3.24,
            "roe_4q": -14,
            "gross_profit": 1091,
            "gross_margin": 17.54,
            "gross_margin_4q_avg": 20.03,
            "net_income": -539,
            "net_income_4q": null,
            "revenue": 6223,
            "revenue_4q": null,
            "common_shares": 88,
            "book_valuer_per_share": 1.97,
            "book_valuer_per_share_4q_avg": 2.23,
            "equity": 15945,
            "current_ratio": 467.45,
            "debt_ratio": 20.98,
            "inventory_turnover_ratio": 2.63,
            "account_receivable_turnover_ratio": 0.81,
            "reinvestment_rate": -2.53,
            "research_to_sale_ratio": null,
            "price_fair": 0,
            "eps_avg_yearly": 0,
            "eps_latest_yearly": 0,
            "eps_growth_yearly": 0
        },
        "20123": {
            "year_quarter": 20123,
            "year": 2012,
            "quarter": 3,
            "eps": -0.08,
            "eps_growth_year": null,
            "eps_4q": -0.35,
            "eps_4q_growth_year": null,
            "roe": -4.45,
            "roe_4q": -16.46,
            "gross_profit": 757,
            "gross_margin": 9.88,
            "gross_margin_4q_avg": 16.65,
            "net_income": -631,
            "net_income_4q": null,
            "revenue": 7664,
            "revenue_4q": null,
            "common_shares": 88,
            "book_valuer_per_share": 1.53,
            "book_valuer_per_share_4q_avg": 1.99,
            "equity": 12429,
            "current_ratio": 289.63,
            "debt_ratio": 34.05,
            "inventory_turnover_ratio": 3.51,
            "account_receivable_turnover_ratio": 1.14,
            "reinvestment_rate": -1.57,
            "research_to_sale_ratio": null,
            "price_fair": 0,
            "eps_avg_yearly": 0,
            "eps_latest_yearly": 0,
            "eps_growth_yearly": 0
        },
        "20124": {
            "year_quarter": 20124,
            "year": 2012,
            "quarter": 4,
            "eps": -0.2,
            "eps_growth_year": null,
            "eps_4q": -0.41,
            "eps_4q_growth_year": null,
            "roe": -15.44,
            "roe_4q": -25.76,
            "gross_profit": 830,
            "gross_margin": 8.87,
            "gross_margin_4q_avg": 13.99,
            "net_income": -1669,
            "net_income_4q": null,
            "revenue": 9354,
            "revenue_4q": null,
            "common_shares": 88,
            "book_valuer_per_share": 1.13,
            "book_valuer_per_share_4q_avg": 1.69,
            "equity": 9188,
            "current_ratio": 213.69,
            "debt_ratio": 46.31,
            "inventory_turnover_ratio": 3.08,
            "account_receivable_turnover_ratio": 1.37,
            "reinvestment_rate": 1.07,
            "research_to_sale_ratio": null,
            "price_fair": 0,
            "eps_avg_yearly": 0,
            "eps_latest_yearly": 0,
            "eps_growth_yearly": 0
        },
        "20131": {
            "year_quarter": 20131,
            "year": 2013,
            "quarter": 1,
            "eps": 0.02,
            "eps_growth_year": null,
            "eps_4q": -0.33,
            "eps_4q_growth_year": null,
            "roe": 1.94,
            "roe_4q": -21.189999999999998,
            "gross_profit": 1500,
            "gross_margin": 21.5,
            "gross_margin_4q_avg": 14.45,
            "net_income": 181,
            "net_income_4q": null,
            "revenue": 6973,
            "revenue_4q": null,
            "common_shares": 88,
            "book_valuer_per_share": 1.17,
            "book_valuer_per_share_4q_avg": 1.45,
            "equity": 9459,
            "current_ratio": 301.01,
            "debt_ratio": 32.82,
            "inventory_turnover_ratio": 1.61,
            "account_receivable_turnover_ratio": 1.15,
            "reinvestment_rate": 0.82,
            "research_to_sale_ratio": null,
            "price_fair": 0,
            "eps_avg_yearly": 0,
            "eps_latest_yearly": 0,
            "eps_growth_yearly": 0
        },
        "20132": {
            "year_quarter": 20132,
            "year": 2013,
            "quarter": 2,
            "eps": 0.04,
            "eps_growth_year": null,
            "eps_4q": -0.22,
            "eps_4q_growth_year": null,
            "roe": 2.99,
            "roe_4q": -14.96,
            "gross_profit": 1488,
            "gross_margin": 19.11,
            "gross_margin_4q_avg": 14.84,
            "net_income": 286,
            "net_income_4q": null,
            "revenue": 7787,
            "revenue_4q": null,
            "common_shares": 88,
            "book_valuer_per_share": 1.2,
            "book_valuer_per_share_4q_avg": 1.26,
            "equity": 9716,
            "current_ratio": 369.42,
            "debt_ratio": 26.72,
            "inventory_turnover_ratio": 2.14,
            "account_receivable_turnover_ratio": 1.66,
            "reinvestment_rate": 0.68,
            "research_to_sale_ratio": null,
            "price_fair": 5.6,
            "eps_avg_yearly": 0.16,
            "eps_latest_yearly": 0.16,
            "eps_growth_yearly": 400
        },
        "20133": {
            "year_quarter": 20133,
            "year": 2013,
            "quarter": 3,
            "eps": -0.06,
            "eps_growth_year": null,
            "eps_4q": -0.21,
            "eps_4q_growth_year": null,
            "roe": -2.29,
            "roe_4q": -12.799999999999999,
            "gross_profit": 1794,
            "gross_margin": 20.89,
            "gross_margin_4q_avg": 17.59,
            "net_income": -226,
            "net_income_4q": null,
            "revenue": 8590,
            "revenue_4q": null,
            "common_shares": 88,
            "book_valuer_per_share": 1.18,
            "book_valuer_per_share_4q_avg": 1.17,
            "equity": 10026,
            "current_ratio": 293.94,
            "debt_ratio": 34.2,
            "inventory_turnover_ratio": 2.82,
            "account_receivable_turnover_ratio": 1.57,
            "reinvestment_rate": 0.56,
            "research_to_sale_ratio": null,
            "price_fair": 5.6,
            "eps_avg_yearly": 0.16,
            "eps_latest_yearly": 0.16,
            "eps_growth_yearly": 400
        },
        "20134": {
            "year_quarter": 20134,
            "year": 2013,
            "quarter": 4,
            "eps": -0.1,
            "eps_growth_year": null,
            "eps_4q": -0.1,
            "eps_4q_growth_year": null,
            "roe": -2.35,
            "roe_4q": 0.2899999999999996,
            "gross_profit": 1516,
            "gross_margin": 20.05,
            "gross_margin_4q_avg": 20.39,
            "net_income": -236,
            "net_income_4q": null,
            "revenue": 7560,
            "revenue_4q": null,
            "common_shares": 92,
            "book_valuer_per_share": 1.11,
            "book_valuer_per_share_4q_avg": 1.17,
            "equity": 10111,
            "current_ratio": 312.05,
            "debt_ratio": 32.73,
            "inventory_turnover_ratio": 2.74,
            "account_receivable_turnover_ratio": 1.43,
            "reinvestment_rate": 0.25,
            "research_to_sale_ratio": null,
            "price_fair": 5.6,
            "eps_avg_yearly": 0.16,
            "eps_latest_yearly": 0.16,
            "eps_growth_yearly": 400
        },
        "20141": {
            "year_quarter": 20141,
            "year": 2014,
            "quarter": 1,
            "eps": 0.04,
            "eps_growth_year": 63.13,
            "eps_4q": -0.09,
            "eps_4q_growth_year": null,
            "roe": 3.37,
            "roe_4q": 1.7200000000000002,
            "gross_profit": 1845,
            "gross_margin": 21.93,
            "gross_margin_4q_avg": 20.5,
            "net_income": 347,
            "net_income_4q": null,
            "revenue": 8415,
            "revenue_4q": null,
            "common_shares": 89,
            "book_valuer_per_share": 1.19,
            "book_valuer_per_share_4q_avg": 1.17,
            "equity": 10470,
            "current_ratio": 307.24,
            "debt_ratio": 32.74,
            "inventory_turnover_ratio": 3.19,
            "account_receivable_turnover_ratio": 1.61,
            "reinvestment_rate": 0.17,
            "research_to_sale_ratio": null,
            "price_fair": 5.6,
            "eps_avg_yearly": 0.16,
            "eps_latest_yearly": 0.16,
            "eps_growth_yearly": 400
        },
        "20142": {
            "year_quarter": 20142,
            "year": 2014,
            "quarter": 2,
            "eps": -0.04,
            "eps_growth_year": -214.3,
            "eps_4q": -0.16,
            "eps_4q_growth_year": null,
            "roe": -2.65,
            "roe_4q": -3.92,
            "gross_profit": 1404,
            "gross_margin": 20.95,
            "gross_margin_4q_avg": 20.96,
            "net_income": -283,
            "net_income_4q": null,
            "revenue": 6700,
            "revenue_4q": null,
            "common_shares": 89,
            "book_valuer_per_share": 1.23,
            "book_valuer_per_share_4q_avg": 1.18,
            "equity": 10852,
            "current_ratio": 369.09,
            "debt_ratio": 27.32,
            "inventory_turnover_ratio": 2.53,
            "account_receivable_turnover_ratio": 1.26,
            "reinvestment_rate": 0.12,
            "research_to_sale_ratio": null,
            "price_fair": 5.6,
            "eps_avg_yearly": 0.16,
            "eps_latest_yearly": 0.16,
            "eps_growth_yearly": 400
        },
        "20143": {
            "year_quarter": 20143,
            "year": 2014,
            "quarter": 3,
            "eps": -0,
            "eps_growth_year": null,
            "eps_4q": -0.1,
            "eps_4q_growth_year": null,
            "roe": 0.38,
            "roe_4q": -1.25,
            "gross_profit": 1666,
            "gross_margin": 18.38,
            "gross_margin_4q_avg": 20.33,
            "net_income": 41,
            "net_income_4q": null,
            "revenue": 9066,
            "revenue_4q": null,
            "common_shares": 89,
            "book_valuer_per_share": 1.24,
            "book_valuer_per_share_4q_avg": 1.19,
            "equity": 10928,
            "current_ratio": 275.33,
            "debt_ratio": 36.17,
            "inventory_turnover_ratio": 3.28,
            "account_receivable_turnover_ratio": 1.81,
            "reinvestment_rate": 0.26,
            "research_to_sale_ratio": null,
            "price_fair": 5.6,
            "eps_avg_yearly": 0.16,
            "eps_latest_yearly": 0.16,
            "eps_growth_yearly": 400
        },
        "20144": {
            "year_quarter": 20144,
            "year": 2014,
            "quarter": 4,
            "eps": -0.08,
            "eps_growth_year": null,
            "eps_4q": -0.08,
            "eps_4q_growth_year": null,
            "roe": -5.53,
            "roe_4q": -4.430000000000001,
            "gross_profit": 1640,
            "gross_margin": 17.86,
            "gross_margin_4q_avg": 19.78,
            "net_income": -579,
            "net_income_4q": null,
            "revenue": 9179,
            "revenue_4q": null,
            "common_shares": 92,
            "book_valuer_per_share": 1.09,
            "book_valuer_per_share_4q_avg": 1.19,
            "equity": 10020,
            "current_ratio": 255.34,
            "debt_ratio": 39.53,
            "inventory_turnover_ratio": 3.16,
            "account_receivable_turnover_ratio": 1.58,
            "reinvestment_rate": 0.3,
            "research_to_sale_ratio": null,
            "price_fair": 5.6,
            "eps_avg_yearly": 0.16,
            "eps_latest_yearly": 0.16,
            "eps_growth_yearly": 400
        },
        "20151": {
            "year_quarter": 20151,
            "year": 2015,
            "quarter": 1,
            "eps": -0.26,
            "eps_growth_year": -806.34,
            "eps_4q": -0.38,
            "eps_4q_growth_year": null,
            "roe": -18.37,
            "roe_4q": -26.17,
            "gross_profit": 1562,
            "gross_margin": 19.67,
            "gross_margin_4q_avg": 19.22,
            "net_income": -1701,
            "net_income_4q": null,
            "revenue": 7944,
            "revenue_4q": null,
            "common_shares": 84,
            "book_valuer_per_share": 0.85,
            "book_valuer_per_share_4q_avg": 1.1,
            "equity": 8497,
            "current_ratio": 248.75,
            "debt_ratio": 40.67,
            "inventory_turnover_ratio": 2.57,
            "account_receivable_turnover_ratio": 1.29,
            "reinvestment_rate": 0.74,
            "research_to_sale_ratio": null,
            "price_fair": 5.6,
            "eps_avg_yearly": 0.16,
            "eps_latest_yearly": 0.16,
            "eps_growth_yearly": 400
        },
        "20152": {
            "year_quarter": 20152,
            "year": 2015,
            "quarter": 2,
            "eps": -0.08,
            "eps_growth_year": null,
            "eps_4q": -0.42,
            "eps_4q_growth_year": null,
            "roe": -9.19,
            "roe_4q": -32.71,
            "gross_profit": 1352,
            "gross_margin": 18.65,
            "gross_margin_4q_avg": 18.64,
            "net_income": -688,
            "net_income_4q": null,
            "revenue": 7247,
            "revenue_4q": null,
            "common_shares": 86,
            "book_valuer_per_share": 0.76,
            "book_valuer_per_share_4q_avg": 0.99,
            "equity": 6468,
            "current_ratio": 238.12,
            "debt_ratio": 42.56,
            "inventory_turnover_ratio": 2.35,
            "account_receivable_turnover_ratio": 1.23,
            "reinvestment_rate": 1.37,
            "research_to_sale_ratio": null,
            "price_fair": 5.6,
            "eps_avg_yearly": 0.16,
            "eps_latest_yearly": 0.16,
            "eps_growth_yearly": 400
        },
        "20153": {
            "year_quarter": 20153,
            "year": 2015,
            "quarter": 3,
            "eps": 0.06,
            "eps_growth_year": null,
            "eps_4q": -0.36,
            "eps_4q_growth_year": null,
            "roe": 7.35,
            "roe_4q": -25.740000000000002,
            "gross_profit": 1348,
            "gross_margin": 18.64,
            "gross_margin_4q_avg": 18.71,
            "net_income": 495,
            "net_income_4q": null,
            "revenue": 7231,
            "revenue_4q": null,
            "common_shares": 86,
            "book_valuer_per_share": 0.81,
            "book_valuer_per_share_4q_avg": 0.88,
            "equity": 7007,
            "current_ratio": 219.11,
            "debt_ratio": 46.1,
            "inventory_turnover_ratio": 2.22,
            "account_receivable_turnover_ratio": 1.32,
            "reinvestment_rate": 3.08,
            "research_to_sale_ratio": null,
            "price_fair": 5.6,
            "eps_avg_yearly": 0.16,
            "eps_latest_yearly": 0.16,
            "eps_growth_yearly": 400
        },
        "20154": {
            "year_quarter": 20154,
            "year": 2015,
            "quarter": 4,
            "eps": 0.03,
            "eps_growth_year": null,
            "eps_4q": -0.25,
            "eps_4q_growth_year": null,
            "roe": 3.63,
            "roe_4q": -16.58,
            "gross_profit": 1531,
            "gross_margin": 20.17,
            "gross_margin_4q_avg": 19.28,
            "net_income": 260,
            "net_income_4q": null,
            "revenue": 7592,
            "revenue_4q": null,
            "common_shares": 86,
            "book_valuer_per_share": 0.85,
            "book_valuer_per_share_4q_avg": 0.82,
            "equity": 7333,
            "current_ratio": 237.5,
            "debt_ratio": 42.61,
            "inventory_turnover_ratio": 2.11,
            "account_receivable_turnover_ratio": 1.41,
            "reinvestment_rate": 4.65,
            "research_to_sale_ratio": null,
            "price_fair": 4.9,
            "eps_avg_yearly": 0.14,
            "eps_latest_yearly": 0.12,
            "eps_growth_yearly": 100
        },
        "20161": {
            "year_quarter": 20161,
            "year": 2016,
            "quarter": 1,
            "eps": 0.03,
            "eps_growth_year": null,
            "eps_4q": 0.04,
            "eps_4q_growth_year": null,
            "roe": 3.26,
            "roe_4q": 5.049999999999999,
            "gross_profit": 1522,
            "gross_margin": 21.33,
            "gross_margin_4q_avg": 19.7,
            "net_income": 244,
            "net_income_4q": null,
            "revenue": 7138,
            "revenue_4q": null,
            "common_shares": 87,
            "book_valuer_per_share": 0.88,
            "book_valuer_per_share_4q_avg": 0.83,
            "equity": 7657,
            "current_ratio": 238.71,
            "debt_ratio": 42.26,
            "inventory_turnover_ratio": 1.95,
            "account_receivable_turnover_ratio": 1.19,
            "reinvestment_rate": 4.06,
            "research_to_sale_ratio": null,
            "price_fair": 4.67,
            "eps_avg_yearly": 0.13,
            "eps_latest_yearly": 0.12,
            "eps_growth_yearly": 66.67
        },
        "20162": {
            "year_quarter": 20162,
            "year": 2016,
            "quarter": 2,
            "eps": 0.02,
            "eps_growth_year": null,
            "eps_4q": 0.14,
            "eps_4q_growth_year": null,
            "roe": 1.86,
            "roe_4q": 16.1,
            "gross_profit": 1201,
            "gross_margin": 17.09,
            "gross_margin_4q_avg": 19.31,
            "net_income": 144,
            "net_income_4q": null,
            "revenue": 7025,
            "revenue_4q": null,
            "common_shares": 88,
            "book_valuer_per_share": 0.89,
            "book_valuer_per_share_4q_avg": 0.86,
            "equity": 7853,
            "current_ratio": 274.86,
            "debt_ratio": 36.53,
            "inventory_turnover_ratio": 2.09,
            "account_receivable_turnover_ratio": 1.12,
            "reinvestment_rate": 3.44,
            "research_to_sale_ratio": null,
            "price_fair": 3.2,
            "eps_avg_yearly": 0.12,
            "eps_latest_yearly": 0.08,
            "eps_growth_yearly": 16.67
        },
        "20163": {
            "year_quarter": 20163,
            "year": 2016,
            "quarter": 3,
            "eps": 0.01,
            "eps_growth_year": -84.81,
            "eps_4q": 0.09,
            "eps_4q_growth_year": null,
            "roe": 0.98,
            "roe_4q": 9.73,
            "gross_profit": 1078,
            "gross_margin": 16.18,
            "gross_margin_4q_avg": 18.69,
            "net_income": 78,
            "net_income_4q": null,
            "revenue": 6665,
            "revenue_4q": null,
            "common_shares": 88,
            "book_valuer_per_share": 0.91,
            "book_valuer_per_share_4q_avg": 0.88,
            "equity": 7983,
            "current_ratio": 259.82,
            "debt_ratio": 38.63,
            "inventory_turnover_ratio": 2.09,
            "account_receivable_turnover_ratio": 1.24,
            "reinvestment_rate": 1.73,
            "research_to_sale_ratio": null,
            "price_fair": 0.31,
            "eps_avg_yearly": 0.1,
            "eps_latest_yearly": 0.04,
            "eps_growth_yearly": -26.67
        },
        "20164": {
            "year_quarter": 20164,
            "year": 2016,
            "quarter": 4,
            "eps": 0.02,
            "eps_growth_year": -48.48,
            "eps_4q": 0.07,
            "eps_4q_growth_year": null,
            "roe": 1.74,
            "roe_4q": 7.84,
            "gross_profit": 1279,
            "gross_margin": 19.23,
            "gross_margin_4q_avg": 18.46,
            "net_income": 140,
            "net_income_4q": null,
            "revenue": 6652,
            "revenue_4q": null,
            "common_shares": 88,
            "book_valuer_per_share": 0.93,
            "book_valuer_per_share_4q_avg": 0.9,
            "equity": 8174,
            "current_ratio": 295.94,
            "debt_ratio": 34.05,
            "inventory_turnover_ratio": 2.05,
            "account_receivable_turnover_ratio": 1.39,
            "reinvestment_rate": 5.81,
            "research_to_sale_ratio": null,
            "price_fair": 3.5,
            "eps_avg_yearly": 0.1,
            "eps_latest_yearly": 0.08,
            "eps_growth_yearly": 44.44
        },
        "20171": {
            "year_quarter": 20171,
            "year": 2017,
            "quarter": 1,
            "eps": 0.02,
            "eps_growth_year": -38.89,
            "eps_4q": 0.06,
            "eps_4q_growth_year": 57.85,
            "roe": 1.83,
            "roe_4q": 6.410000000000001,
            "gross_profit": 1159,
            "gross_margin": 17.58,
            "gross_margin_4q_avg": 17.52,
            "net_income": 151,
            "net_income_4q": null,
            "revenue": 6591,
            "revenue_4q": null,
            "common_shares": 88,
            "book_valuer_per_share": 0.95,
            "book_valuer_per_share_4q_avg": 0.92,
            "equity": 8375,
            "current_ratio": 294.12,
            "debt_ratio": 34.24,
            "inventory_turnover_ratio": 2.12,
            "account_receivable_turnover_ratio": 1.24,
            "reinvestment_rate": 6.27,
            "research_to_sale_ratio": null,
            "price_fair": 3.4,
            "eps_avg_yearly": 0.1,
            "eps_latest_yearly": 0.08,
            "eps_growth_yearly": 38.1
        },
        "20172": {
            "year_quarter": 20172,
            "year": 2017,
            "quarter": 2,
            "eps": -0.03,
            "eps_growth_year": -264.41,
            "eps_4q": 0.01,
            "eps_4q_growth_year": -88.94,
            "roe": -2.87,
            "roe_4q": 1.68,
            "gross_profit": 716,
            "gross_margin": 15.8,
            "gross_margin_4q_avg": 17.2,
            "net_income": -238,
            "net_income_4q": null,
            "revenue": 4533,
            "revenue_4q": null,
            "common_shares": 88,
            "book_valuer_per_share": 0.93,
            "book_valuer_per_share_4q_avg": 0.93,
            "equity": 8168,
            "current_ratio": 392.65,
            "debt_ratio": 25.77,
            "inventory_turnover_ratio": 1.45,
            "account_receivable_turnover_ratio": 0.89,
            "reinvestment_rate": 4.49,
            "research_to_sale_ratio": null,
            "price_fair": 0.26,
            "eps_avg_yearly": 0.09,
            "eps_latest_yearly": 0.08,
            "eps_growth_yearly": -22.22
        },
        "20173": {
            "year_quarter": 20173,
            "year": 2017,
            "quarter": 3,
            "eps": 0.06,
            "eps_growth_year": 590.09,
            "eps_4q": 0.07,
            "eps_4q_growth_year": -20.2,
            "roe": 6.53,
            "roe_4q": 7.23,
            "gross_profit": 1278,
            "gross_margin": 17.43,
            "gross_margin_4q_avg": 17.51,
            "net_income": 552,
            "net_income_4q": null,
            "revenue": 7333,
            "revenue_4q": null,
            "common_shares": 89,
            "book_valuer_per_share": 0.98,
            "book_valuer_per_share_4q_avg": 0.95,
            "equity": 8737,
            "current_ratio": 318.78,
            "debt_ratio": 31.59,
            "inventory_turnover_ratio": 2.66,
            "account_receivable_turnover_ratio": 1.33,
            "reinvestment_rate": 8.18,
            "research_to_sale_ratio": null,
            "price_fair": 0.26,
            "eps_avg_yearly": 0.09,
            "eps_latest_yearly": 0.08,
            "eps_growth_yearly": -22.22
        },
        "20174": {
            "year_quarter": 20174,
            "year": 2017,
            "quarter": 4,
            "eps": 0.01,
            "eps_growth_year": -19.47,
            "eps_4q": 0.06,
            "eps_4q_growth_year": -7.43,
            "roe": 1.28,
            "roe_4q": 6.7700000000000005,
            "gross_profit": 1039,
            "gross_margin": 16.47,
            "gross_margin_4q_avg": 16.82,
            "net_income": 113,
            "net_income_4q": null,
            "revenue": 6308,
            "revenue_4q": null,
            "common_shares": 89,
            "book_valuer_per_share": 1,
            "book_valuer_per_share_4q_avg": 0.97,
            "equity": 8930,
            "current_ratio": 313.39,
            "debt_ratio": 32.11,
            "inventory_turnover_ratio": 2.67,
            "account_receivable_turnover_ratio": 0.98,
            "reinvestment_rate": 11.11,
            "research_to_sale_ratio": null,
            "price_fair": 0.24,
            "eps_avg_yearly": 0.08,
            "eps_latest_yearly": 0.04,
            "eps_growth_yearly": -66.67
        },
        "20181": {
            "year_quarter": 20181,
            "year": 2018,
            "quarter": 1,
            "eps": 0.01,
            "eps_growth_year": -69.71,
            "eps_4q": 0.05,
            "eps_4q_growth_year": -10.59,
            "roe": 0.52,
            "roe_4q": 5.46,
            "gross_profit": 1003,
            "gross_margin": 15.82,
            "gross_margin_4q_avg": 16.38,
            "net_income": 47,
            "net_income_4q": null,
            "revenue": 6336,
            "revenue_4q": null,
            "common_shares": 89,
            "book_valuer_per_share": 1.01,
            "book_valuer_per_share_4q_avg": 0.98,
            "equity": 8973,
            "current_ratio": 290.16,
            "debt_ratio": 34.59,
            "inventory_turnover_ratio": 2.55,
            "account_receivable_turnover_ratio": 1.07,
            "reinvestment_rate": 6.36,
            "research_to_sale_ratio": null,
            "price_fair": 0.23,
            "eps_avg_yearly": 0.08,
            "eps_latest_yearly": 0.04,
            "eps_growth_yearly": -58.33
        },
        "20182": {
            "year_quarter": 20182,
            "year": 2018,
            "quarter": 2,
            "eps": 0.1,
            "eps_growth_year": null,
            "eps_4q": 0.18,
            "eps_4q_growth_year": 1109.62,
            "roe": 9.76,
            "roe_4q": 18.09,
            "gross_profit": 1831,
            "gross_margin": 20.31,
            "gross_margin_4q_avg": 17.51,
            "net_income": 948,
            "net_income_4q": null,
            "revenue": 9012,
            "revenue_4q": null,
            "common_shares": 95,
            "book_valuer_per_share": 0.71,
            "book_valuer_per_share_4q_avg": 0.93,
            "equity": 10467,
            "current_ratio": 214.72,
            "debt_ratio": 42.87,
            "inventory_turnover_ratio": 4.09,
            "account_receivable_turnover_ratio": 1.21,
            "reinvestment_rate": 2619.06,
            "research_to_sale_ratio": null,
            "price_fair": 3.89,
            "eps_avg_yearly": 0.11,
            "eps_latest_yearly": 0.4,
            "eps_growth_yearly": 348.15
        },
        "20183": {
            "year_quarter": 20183,
            "year": 2018,
            "quarter": 3,
            "eps": 0.02,
            "eps_growth_year": -60.21,
            "eps_4q": 0.14,
            "eps_4q_growth_year": 111.55,
            "roe": 2.2,
            "roe_4q": 13.76,
            "gross_profit": 1914,
            "gross_margin": 20.06,
            "gross_margin_4q_avg": 18.17,
            "net_income": 235,
            "net_income_4q": null,
            "revenue": 9540,
            "revenue_4q": null,
            "common_shares": 95,
            "book_valuer_per_share": 0.77,
            "book_valuer_per_share_4q_avg": 0.87,
            "equity": 10938,
            "current_ratio": 203.81,
            "debt_ratio": 42.35,
            "inventory_turnover_ratio": 5.43,
            "account_receivable_turnover_ratio": 1.05,
            "reinvestment_rate": 111.39,
            "research_to_sale_ratio": null,
            "price_fair": 3.78,
            "eps_avg_yearly": 0.11,
            "eps_latest_yearly": 0.08,
            "eps_growth_yearly": 281.33
        },
        "20184": {
            "year_quarter": 20184,
            "year": 2018,
            "quarter": 4,
            "eps": 0.02,
            "eps_growth_year": 19.92,
            "eps_4q": 0.15,
            "eps_4q_growth_year": 125.74,
            "roe": 1.35,
            "roe_4q": 13.83,
            "gross_profit": 1877,
            "gross_margin": 19.53,
            "gross_margin_4q_avg": 18.93,
            "net_income": 149,
            "net_income_4q": null,
            "revenue": 9611,
            "revenue_4q": null,
            "common_shares": 95,
            "book_valuer_per_share": 0.79,
            "book_valuer_per_share_4q_avg": 0.82,
            "equity": 11100,
            "current_ratio": 199.52,
            "debt_ratio": 42.27,
            "inventory_turnover_ratio": 5.28,
            "account_receivable_turnover_ratio": 1.07,
            "reinvestment_rate": 27.22,
            "research_to_sale_ratio": null,
            "price_fair": 3.69,
            "eps_avg_yearly": 0.11,
            "eps_latest_yearly": 0.08,
            "eps_growth_yearly": 255.76
        },
        "20191": {
            "year_quarter": 20191,
            "year": 2019,
            "quarter": 1,
            "eps": -0.06,
            "eps_growth_year": -1162.6,
            "eps_4q": 0.09,
            "eps_4q_growth_year": 61.89,
            "roe": -4.89,
            "roe_4q": 8.42,
            "gross_profit": 1303,
            "gross_margin": 12.8,
            "gross_margin_4q_avg": 18.18,
            "net_income": -531,
            "net_income_4q": null,
            "revenue": 10183,
            "revenue_4q": null,
            "common_shares": 95,
            "book_valuer_per_share": 0.74,
            "book_valuer_per_share_4q_avg": 0.75,
            "equity": 10581,
            "current_ratio": 185.06,
            "debt_ratio": 45.37,
            "inventory_turnover_ratio": 5.93,
            "account_receivable_turnover_ratio": 1.11,
            "reinvestment_rate": 10.83,
            "research_to_sale_ratio": null,
            "price_fair": 3.69,
            "eps_avg_yearly": 0.11,
            "eps_latest_yearly": 0.08,
            "eps_growth_yearly": 255.76
        },
        "20192": {
            "year_quarter": 20192,
            "year": 2019,
            "quarter": 2,
            "eps": -0.12,
            "eps_growth_year": -217.55,
            "eps_4q": -0.13,
            "eps_4q_growth_year": -174.07,
            "roe": -11.22,
            "roe_4q": -12.559999999999999,
            "gross_profit": 1311,
            "gross_margin": 16.04,
            "gross_margin_4q_avg": 17.11,
            "net_income": -1131,
            "net_income_4q": null,
            "revenue": 8172,
            "revenue_4q": null,
            "common_shares": 95,
            "book_valuer_per_share": 0.64,
            "book_valuer_per_share_4q_avg": 0.74,
            "equity": 9586,
            "current_ratio": 191.34,
            "debt_ratio": 41.61,
            "inventory_turnover_ratio": 4.8,
            "account_receivable_turnover_ratio": 0.95,
            "reinvestment_rate": 13.08,
            "research_to_sale_ratio": null,
            "price_fair": 3.69,
            "eps_avg_yearly": 0.11,
            "eps_latest_yearly": 0.08,
            "eps_growth_yearly": 255.76
        },
        "20193": {
            "year_quarter": 20193,
            "year": 2019,
            "quarter": 3,
            "eps": -0.01,
            "eps_growth_year": -144.28,
            "eps_4q": -0.17,
            "eps_4q_growth_year": -218.04,
            "roe": -1.09,
            "roe_4q": -15.85,
            "gross_profit": 1894,
            "gross_margin": 19.12,
            "gross_margin_4q_avg": 16.87,
            "net_income": -104,
            "net_income_4q": null,
            "revenue": 9909,
            "revenue_4q": null,
            "common_shares": 95,
            "book_valuer_per_share": 0.63,
            "book_valuer_per_share_4q_avg": 0.7,
            "equity": 9515,
            "current_ratio": 174.83,
            "debt_ratio": 45.21,
            "inventory_turnover_ratio": 5.86,
            "account_receivable_turnover_ratio": 1.22,
            "reinvestment_rate": 49.38,
            "research_to_sale_ratio": null,
            "price_fair": 3.69,
            "eps_avg_yearly": 0.11,
            "eps_latest_yearly": 0.08,
            "eps_growth_yearly": 255.76
        },
        "20194": {
            "year_quarter": 20194,
            "year": 2019,
            "quarter": 4,
            "eps": -0.19,
            "eps_growth_year": -1341.73,
            "eps_4q": -0.38,
            "eps_4q_growth_year": -358.33,
            "roe": -21.35,
            "roe_4q": -38.550000000000004,
            "gross_profit": 2073,
            "gross_margin": 22.67,
            "gross_margin_4q_avg": 17.66,
            "net_income": -1839,
            "net_income_4q": null,
            "revenue": 9144,
            "revenue_4q": null,
            "common_shares": 95,
            "book_valuer_per_share": 0.45,
            "book_valuer_per_share_4q_avg": 0.62,
            "equity": 7711,
            "current_ratio": 142.7,
            "debt_ratio": 52.09,
            "inventory_turnover_ratio": 4.85,
            "account_receivable_turnover_ratio": 1.21,
            "reinvestment_rate": -44.32,
            "research_to_sale_ratio": null,
            "price_fair": 3.64,
            "eps_avg_yearly": 0.1,
            "eps_latest_yearly": 0.08,
            "eps_growth_yearly": 301.33
        },
        "20201": {
            "year_quarter": 20201,
            "year": 2020,
            "quarter": 1,
            "eps": -0.01,
            "eps_growth_year": null,
            "eps_4q": -0.33,
            "eps_4q_growth_year": -487.39,
            "roe": -1.06,
            "roe_4q": -34.72,
            "gross_profit": 1720,
            "gross_margin": 20.49,
            "gross_margin_4q_avg": 19.58,
            "net_income": -82,
            "net_income_4q": null,
            "revenue": 8393,
            "revenue_4q": null,
            "common_shares": 95,
            "book_valuer_per_share": 0.45,
            "book_valuer_per_share_4q_avg": 0.54,
            "equity": 7663,
            "current_ratio": 143.79,
            "debt_ratio": 59.03,
            "inventory_turnover_ratio": 4.93,
            "account_receivable_turnover_ratio": 1.2,
            "reinvestment_rate": -294.7,
            "research_to_sale_ratio": null,
            "price_fair": 3.58,
            "eps_avg_yearly": 0.1,
            "eps_latest_yearly": 0.08,
            "eps_growth_yearly": 334.81
        },
        "20202": {
            "year_quarter": 20202,
            "year": 2020,
            "quarter": 2,
            "eps": -0.04,
            "eps_growth_year": null,
            "eps_4q": -0.25,
            "eps_4q_growth_year": null,
            "roe": -19.61,
            "roe_4q": -43.11,
            "gross_profit": 1453,
            "gross_margin": 18.32,
            "gross_margin_4q_avg": 20.15,
            "net_income": -1372,
            "net_income_4q": null,
            "revenue": 7931,
            "revenue_4q": null,
            "common_shares": 95,
            "book_valuer_per_share": 0.42,
            "book_valuer_per_share_4q_avg": 0.49,
            "equity": 6327,
            "current_ratio": 152.98,
            "debt_ratio": 60.9,
            "inventory_turnover_ratio": 7.46,
            "account_receivable_turnover_ratio": 1.08,
            "reinvestment_rate": -125.73,
            "research_to_sale_ratio": null,
            "price_fair": 3.68,
            "eps_avg_yearly": 0.11,
            "eps_latest_yearly": 0.08,
            "eps_growth_yearly": 393.33
        },
        "20203": {
            "year_quarter": 20203,
            "year": 2020,
            "quarter": 3,
            "eps": 0.01,
            "eps_growth_year": null,
            "eps_4q": -0.23,
            "eps_4q_growth_year": null,
            "roe": -3.44,
            "roe_4q": -45.46,
            "gross_profit": 1775,
            "gross_margin": 18.59,
            "gross_margin_4q_avg": 20.02,
            "net_income": -215,
            "net_income_4q": null,
            "revenue": 9549,
            "revenue_4q": null,
            "common_shares": 96,
            "book_valuer_per_share": 0.41,
            "book_valuer_per_share_4q_avg": 0.43,
            "equity": 6182,
            "current_ratio": 149.69,
            "debt_ratio": 66.84,
            "inventory_turnover_ratio": 11.4,
            "account_receivable_turnover_ratio": 1.22,
            "reinvestment_rate": -112.98,
            "research_to_sale_ratio": null,
            "price_fair": 4,
            "eps_avg_yearly": 0.11,
            "eps_latest_yearly": 0.08,
            "eps_growth_yearly": 478.1
        },
        "20204": {
            "year_quarter": 20204,
            "year": 2020,
            "quarter": 4,
            "eps": -0.01,
            "eps_growth_year": null,
            "eps_4q": -0.05,
            "eps_4q_growth_year": null,
            "roe": -1.67,
            "roe_4q": -25.779999999999998,
            "gross_profit": 1691,
            "gross_margin": 19.65,
            "gross_margin_4q_avg": 19.26,
            "net_income": -107,
            "net_income_4q": null,
            "revenue": 8605,
            "revenue_4q": null,
            "common_shares": 99,
            "book_valuer_per_share": 0.33,
            "book_valuer_per_share_4q_avg": 0.4,
            "equity": 6583,
            "current_ratio": 138.47,
            "debt_ratio": 65.99,
            "inventory_turnover_ratio": 6.9,
            "account_receivable_turnover_ratio": 1.08,
            "reinvestment_rate": -107.88,
            "research_to_sale_ratio": null,
            "price_fair": 4.2,
            "eps_avg_yearly": 0.12,
            "eps_latest_yearly": 0.08,
            "eps_growth_yearly": 491.11
        },
        "20211": {
            "year_quarter": 20211,
            "year": 2021,
            "quarter": 1,
            "eps": -0.02,
            "eps_growth_year": null,
            "eps_4q": -0.05,
            "eps_4q_growth_year": null,
            "roe": 16.64,
            "roe_4q": -8.079999999999998,
            "gross_profit": 2263,
            "gross_margin": 23.29,
            "gross_margin_4q_avg": 19.96,
            "net_income": 1199,
            "net_income_4q": null,
            "revenue": 9718,
            "revenue_4q": null,
            "common_shares": 99,
            "book_valuer_per_share": 0.46,
            "book_valuer_per_share_4q_avg": 0.41,
            "equity": 7825,
            "current_ratio": 156.97,
            "debt_ratio": 57.95,
            "inventory_turnover_ratio": 5.89,
            "account_receivable_turnover_ratio": 1.27,
            "reinvestment_rate": -152.11,
            "research_to_sale_ratio": null,
            "price_fair": 4.48,
            "eps_avg_yearly": 0.13,
            "eps_latest_yearly": 0.08,
            "eps_growth_yearly": 589.33
        },
        "20212": {
            "year_quarter": 20212,
            "year": 2021,
            "quarter": 2,
            "eps": -0.08,
            "eps_growth_year": null,
            "eps_4q": -0.1,
            "eps_4q_growth_year": null,
            "roe": -11.14,
            "roe_4q": 0.3900000000000001,
            "gross_profit": 1743,
            "gross_margin": 20.77,
            "gross_margin_4q_avg": 20.58,
            "net_income": -835,
            "net_income_4q": null,
            "revenue": 8395,
            "revenue_4q": null,
            "common_shares": 100,
            "book_valuer_per_share": 0.4,
            "book_valuer_per_share_4q_avg": 0.4,
            "equity": 7154,
            "current_ratio": 201.84,
            "debt_ratio": 58.4,
            "inventory_turnover_ratio": 3.91,
            "account_receivable_turnover_ratio": 1.19,
            "reinvestment_rate": -118.56,
            "research_to_sale_ratio": null,
            "price_fair": 4.48,
            "eps_avg_yearly": 0.13,
            "eps_latest_yearly": 0.08,
            "eps_growth_yearly": 589.33
        },
        "20213": {
            "year_quarter": 20213,
            "year": 2021,
            "quarter": 3,
            "eps": 0.02,
            "eps_growth_year": 97.53,
            "eps_4q": -0.09,
            "eps_4q_growth_year": null,
            "roe": 3.33,
            "roe_4q": 7.16,
            "gross_profit": 2183,
            "gross_margin": 21.91,
            "gross_margin_4q_avg": 21.41,
            "net_income": 244,
            "net_income_4q": null,
            "revenue": 9965,
            "revenue_4q": null,
            "common_shares": 100,
            "book_valuer_per_share": 0.43,
            "book_valuer_per_share_4q_avg": 0.41,
            "equity": 7491,
            "current_ratio": 190.95,
            "debt_ratio": 60.43,
            "inventory_turnover_ratio": 3.84,
            "account_receivable_turnover_ratio": 1.42,
            "reinvestment_rate": -122.35,
            "research_to_sale_ratio": null,
            "price_fair": 4.48,
            "eps_avg_yearly": 0.13,
            "eps_latest_yearly": 0.08,
            "eps_growth_yearly": 589.33
        },
        "20214": {
            "year_quarter": 20214,
            "year": 2021,
            "quarter": 4,
            "eps": -0.01,
            "eps_growth_year": null,
            "eps_4q": -0.09,
            "eps_4q_growth_year": null,
            "roe": -1.13,
            "roe_4q": 7.699999999999999,
            "gross_profit": 1945,
            "gross_margin": 17.77,
            "gross_margin_4q_avg": 20.94,
            "net_income": -84,
            "net_income_4q": null,
            "revenue": 10945,
            "revenue_4q": null,
            "common_shares": 101,
            "book_valuer_per_share": 0.43,
            "book_valuer_per_share_4q_avg": 0.43,
            "equity": 7443,
            "current_ratio": 177.51,
            "debt_ratio": 62.51,
            "inventory_turnover_ratio": 4.53,
            "account_receivable_turnover_ratio": 1.33,
            "reinvestment_rate": -111.55,
            "research_to_sale_ratio": null,
            "price_fair": 5.25,
            "eps_avg_yearly": 0.15,
            "eps_latest_yearly": 0.08,
            "eps_growth_yearly": 820
        },
        "20221": {
            "year_quarter": 20221,
            "year": 2022,
            "quarter": 1,
            "eps": 0.02,
            "eps_growth_year": null,
            "eps_4q": -0.05,
            "eps_4q_growth_year": null,
            "roe": 2.38,
            "roe_4q": -6.5600000000000005,
            "gross_profit": 2619,
            "gross_margin": 22.55,
            "gross_margin_4q_avg": 20.75,
            "net_income": 180,
            "net_income_4q": null,
            "revenue": 11614,
            "revenue_4q": null,
            "common_shares": 101,
            "book_valuer_per_share": 0.46,
            "book_valuer_per_share_4q_avg": 0.43,
            "equity": 7662,
            "current_ratio": 139.92,
            "debt_ratio": 65.14,
            "inventory_turnover_ratio": 3.57,
            "account_receivable_turnover_ratio": 1.32,
            "reinvestment_rate": -110.63,
            "research_to_sale_ratio": null,
            "price_fair": 6.53,
            "eps_avg_yearly": 0.19,
            "eps_latest_yearly": 0.08,
            "eps_growth_yearly": 1093.33
        },
        "20222": {
            "year_quarter": 20222,
            "year": 2022,
            "quarter": 2,
            "eps": -0.04,
            "eps_growth_year": null,
            "eps_4q": -0,
            "eps_4q_growth_year": null,
            "roe": -4.74,
            "roe_4q": -0.16000000000000014,
            "gross_profit": 2253,
            "gross_margin": 21.84,
            "gross_margin_4q_avg": 21.02,
            "net_income": -356,
            "net_income_4q": null,
            "revenue": 10315,
            "revenue_4q": null,
            "common_shares": 101,
            "book_valuer_per_share": 0.44,
            "book_valuer_per_share_4q_avg": 0.44,
            "equity": 7372,
            "current_ratio": 135.31,
            "debt_ratio": 66.45,
            "inventory_turnover_ratio": 2.35,
            "account_receivable_turnover_ratio": 1.18,
            "reinvestment_rate": -78.81,
            "research_to_sale_ratio": null,
            "price_fair": 0.24,
            "eps_avg_yearly": 0.08,
            "eps_latest_yearly": 0.08,
            "eps_growth_yearly": -160
        },
        "20223": {
            "year_quarter": 20223,
            "year": 2022,
            "quarter": 3,
            "eps": -0.04,
            "eps_growth_year": -279.72,
            "eps_4q": -0.07,
            "eps_4q_growth_year": null,
            "roe": -5.83,
            "roe_4q": -9.32,
            "gross_profit": 1918,
            "gross_margin": 18.11,
            "gross_margin_4q_avg": 20.07,
            "net_income": -419,
            "net_income_4q": null,
            "revenue": 10589,
            "revenue_4q": null,
            "common_shares": 101,
            "book_valuer_per_share": 0.41,
            "book_valuer_per_share_4q_avg": 0.44,
            "equity": 6997,
            "current_ratio": 144.82,
            "debt_ratio": 69.88,
            "inventory_turnover_ratio": 1.98,
            "account_receivable_turnover_ratio": 1.22,
            "reinvestment_rate": -66.18,
            "research_to_sale_ratio": null,
            "price_fair": 0.8,
            "eps_avg_yearly": 0.08,
            "eps_latest_yearly": 0.08,
            "eps_growth_yearly": 0
        },
        "20224": {
            "year_quarter": 20224,
            "year": 2022,
            "quarter": 4,
            "eps": -0.08,
            "eps_growth_year": null,
            "eps_4q": -0.14,
            "eps_4q_growth_year": null,
            "roe": -11.81,
            "roe_4q": -20.000000000000004,
            "gross_profit": 1579,
            "gross_margin": 16.08,
            "gross_margin_4q_avg": 19.65,
            "net_income": -783,
            "net_income_4q": null,
            "revenue": 9820,
            "revenue_4q": null,
            "common_shares": 101,
            "book_valuer_per_share": 0.34,
            "book_valuer_per_share_4q_avg": 0.41,
            "equity": 6266,
            "current_ratio": 143.69,
            "debt_ratio": 70.07,
            "inventory_turnover_ratio": 1.9,
            "account_receivable_turnover_ratio": 1.21,
            "reinvestment_rate": -53.6,
            "research_to_sale_ratio": null,
            "price_fair": 0,
            "eps_avg_yearly": 0,
            "eps_latest_yearly": 0,
            "eps_growth_yearly": 0
        },
        "20231": {
            "year_quarter": 20231,
            "year": 2023,
            "quarter": 1,
            "eps": -0.04,
            "eps_growth_year": -345.52,
            "eps_4q": -0.2,
            "eps_4q_growth_year": null,
            "roe": -7.1,
            "roe_4q": -29.480000000000004,
            "gross_profit": 1919,
            "gross_margin": 17.75,
            "gross_margin_4q_avg": 18.45,
            "net_income": -430,
            "net_income_4q": null,
            "revenue": 10810,
            "revenue_4q": null,
            "common_shares": 101,
            "book_valuer_per_share": 0.3,
            "book_valuer_per_share_4q_avg": 0.37,
            "equity": 5860,
            "current_ratio": 134.17,
            "debt_ratio": 73.19,
            "inventory_turnover_ratio": 2.24,
            "account_receivable_turnover_ratio": 1.35,
            "reinvestment_rate": -53.52,
            "research_to_sale_ratio": null,
            "price_fair": 0,
            "eps_avg_yearly": 0,
            "eps_latest_yearly": 0,
            "eps_growth_yearly": 0
        },
        "20232": {
            "year_quarter": 20232,
            "year": 2023,
            "quarter": 2,
            "eps": -0.09,
            "eps_growth_year": null,
            "eps_4q": -0.25,
            "eps_4q_growth_year": null,
            "roe": -16.03,
            "roe_4q": -40.77,
            "gross_profit": 1512,
            "gross_margin": 14.19,
            "gross_margin_4q_avg": 16.53,
            "net_income": -871,
            "net_income_4q": null,
            "revenue": 10658,
            "revenue_4q": null,
            "common_shares": 101,
            "book_valuer_per_share": 0.22,
            "book_valuer_per_share_4q_avg": 0.32,
            "equity": 5004,
            "current_ratio": 128.11,
            "debt_ratio": 75.33,
            "inventory_turnover_ratio": 2.59,
            "account_receivable_turnover_ratio": 1.28,
            "reinvestment_rate": -49.14,
            "research_to_sale_ratio": null,
            "price_fair": 0,
            "eps_avg_yearly": 0,
            "eps_latest_yearly": 0,
            "eps_growth_yearly": 0
        },
        "20233": {
            "year_quarter": 20233,
            "year": 2023,
            "quarter": 3,
            "eps": -0.05,
            "eps_growth_year": null,
            "eps_4q": -0.26,
            "eps_4q_growth_year": null,
            "roe": -11.31,
            "roe_4q": -46.25000000000001,
            "gross_profit": 1823,
            "gross_margin": 18,
            "gross_margin_4q_avg": 16.51,
            "net_income": -537,
            "net_income_4q": null,
            "revenue": 10127,
            "revenue_4q": null,
            "common_shares": 101,
            "book_valuer_per_share": 0.18,
            "book_valuer_per_share_4q_avg": 0.26,
            "equity": 4484,
            "current_ratio": 123.39,
            "debt_ratio": 76.7,
            "inventory_turnover_ratio": 3.45,
            "account_receivable_turnover_ratio": 1.28,
            "reinvestment_rate": -44.99,
            "research_to_sale_ratio": null,
            "price_fair": 0,
            "eps_avg_yearly": 0,
            "eps_latest_yearly": 0,
            "eps_growth_yearly": 0
        }
    },
    "months": {
        "2001-01": {
            "month": "2001-01",
            "price": "1.32",
            "revenue": 0
        },
        "2001-02": {
            "month": "2001-02",
            "price": "1.31",
            "revenue": 0
        },
        "2001-03": {
            "month": "2001-03",
            "price": "1.21",
            "revenue": 0
        },
        "2001-04": {
            "month": "2001-04",
            "price": "1.19",
            "revenue": 0
        },
        "2001-05": {
            "month": "2001-05",
            "price": "1.16",
            "revenue": 0
        },
        "2001-06": {
            "month": "2001-06",
            "price": "1.03",
            "revenue": 0
        },
        "2001-07": {
            "month": "2001-07",
            "price": "0.99",
            "revenue": 0
        },
        "2001-08": {
            "month": "2001-08",
            "price": "0.92",
            "revenue": 0
        },
        "2001-09": {
            "month": "2001-09",
            "price": "0.79",
            "revenue": 0
        },
        "2001-10": {
            "month": "2001-10",
            "price": "0.92",
            "revenue": 0
        },
        "2001-11": {
            "month": "2001-11",
            "price": "0.95",
            "revenue": 0
        },
        "2001-12": {
            "month": "2001-12",
            "price": "0.98",
            "revenue": 0
        },
        "2002-01": {
            "month": "2002-01",
            "price": "1.02",
            "revenue": 0
        },
        "2002-02": {
            "month": "2002-02",
            "price": "0.98",
            "revenue": 0
        },
        "2002-03": {
            "month": "2002-03",
            "price": "0.95",
            "revenue": 0
        },
        "2002-04": {
            "month": "2002-04",
            "price": "0.88",
            "revenue": 0
        },
        "2002-05": {
            "month": "2002-05",
            "price": "0.83",
            "revenue": 0
        },
        "2002-06": {
            "month": "2002-06",
            "price": "0.80",
            "revenue": 0
        },
        "2002-07": {
            "month": "2002-07",
            "price": "0.78",
            "revenue": 0
        },
        "2002-08": {
            "month": "2002-08",
            "price": "0.79",
            "revenue": 0
        },
        "2002-09": {
            "month": "2002-09",
            "price": "0.83",
            "revenue": 0
        },
        "2002-10": {
            "month": "2002-10",
            "price": "0.80",
            "revenue": 0
        },
        "2002-11": {
            "month": "2002-11",
            "price": "0.81",
            "revenue": 0
        },
        "2002-12": {
            "month": "2002-12",
            "price": "1.08",
            "revenue": 0
        },
        "2003-01": {
            "month": "2003-01",
            "price": "1.59",
            "revenue": 0
        },
        "2003-02": {
            "month": "2003-02",
            "price": "2.08",
            "revenue": 0
        },
        "2003-03": {
            "month": "2003-03",
            "price": "1.87",
            "revenue": 0
        },
        "2003-04": {
            "month": "2003-04",
            "price": "1.99",
            "revenue": 0
        },
        "2003-05": {
            "month": "2003-05",
            "price": "1.91",
            "revenue": 0
        },
        "2003-06": {
            "month": "2003-06",
            "price": "1.73",
            "revenue": 0
        },
        "2003-07": {
            "month": "2003-07",
            "price": "1.71",
            "revenue": 0
        },
        "2003-08": {
            "month": "2003-08",
            "price": "2.05",
            "revenue": 0
        },
        "2003-09": {
            "month": "2003-09",
            "price": "2.58",
            "revenue": 0
        },
        "2003-10": {
            "month": "2003-10",
            "price": "2.37",
            "revenue": 0
        },
        "2003-11": {
            "month": "2003-11",
            "price": "2.49",
            "revenue": 0
        },
        "2003-12": {
            "month": "2003-12",
            "price": "2.24",
            "revenue": 0
        },
        "2004-01": {
            "month": "2004-01",
            "price": "2.72",
            "revenue": 0
        },
        "2004-02": {
            "month": "2004-02",
            "price": "2.37",
            "revenue": 0
        },
        "2004-03": {
            "month": "2004-03",
            "price": "2.20",
            "revenue": 0
        },
        "2004-04": {
            "month": "2004-04",
            "price": "2.43",
            "revenue": 0
        },
        "2004-05": {
            "month": "2004-05",
            "price": "2.66",
            "revenue": 0
        },
        "2004-06": {
            "month": "2004-06",
            "price": "2.71",
            "revenue": 0
        },
        "2004-07": {
            "month": "2004-07",
            "price": "2.51",
            "revenue": 0
        },
        "2004-08": {
            "month": "2004-08",
            "price": "2.11",
            "revenue": 0
        },
        "2004-09": {
            "month": "2004-09",
            "price": "2.21",
            "revenue": 0
        },
        "2004-10": {
            "month": "2004-10",
            "price": "2.35",
            "revenue": 0
        },
        "2004-11": {
            "month": "2004-11",
            "price": "2.56",
            "revenue": 0
        },
        "2004-12": {
            "month": "2004-12",
            "price": "3.67",
            "revenue": 0
        },
        "2005-01": {
            "month": "2005-01",
            "price": "5.19",
            "revenue": 0
        },
        "2005-02": {
            "month": "2005-02",
            "price": "7.40",
            "revenue": 0
        },
        "2005-03": {
            "month": "2005-03",
            "price": "9.99",
            "revenue": 0
        },
        "2005-04": {
            "month": "2005-04",
            "price": "14.13",
            "revenue": 0
        },
        "2005-05": {
            "month": "2005-05",
            "price": "17.61",
            "revenue": 0
        },
        "2005-06": {
            "month": "2005-06",
            "price": "20.06",
            "revenue": 0
        },
        "2005-07": {
            "month": "2005-07",
            "price": "21.00",
            "revenue": 0
        },
        "2005-08": {
            "month": "2005-08",
            "price": "25.70",
            "revenue": 0
        },
        "2005-09": {
            "month": "2005-09",
            "price": "25.58",
            "revenue": 0
        },
        "2005-10": {
            "month": "2005-10",
            "price": "20.31",
            "revenue": 0
        },
        "2005-11": {
            "month": "2005-11",
            "price": "21.31",
            "revenue": 0
        },
        "2005-12": {
            "month": "2005-12",
            "price": "14.63",
            "revenue": 0
        },
        "2006-01": {
            "month": "2006-01",
            "price": "10.68",
            "revenue": 0
        },
        "2006-02": {
            "month": "2006-02",
            "price": "9.13",
            "revenue": 0
        },
        "2006-03": {
            "month": "2006-03",
            "price": "9.20",
            "revenue": 0
        },
        "2006-04": {
            "month": "2006-04",
            "price": "9.70",
            "revenue": 0
        },
        "2006-05": {
            "month": "2006-05",
            "price": "5.52",
            "revenue": 0
        },
        "2006-06": {
            "month": "2006-06",
            "price": "4.48",
            "revenue": 0
        },
        "2006-07": {
            "month": "2006-07",
            "price": "5.70",
            "revenue": 0
        },
        "2006-08": {
            "month": "2006-08",
            "price": "4.61",
            "revenue": 0
        },
        "2006-09": {
            "month": "2006-09",
            "price": "5.20",
            "revenue": 0
        },
        "2006-10": {
            "month": "2006-10",
            "price": "5.26",
            "revenue": 0
        },
        "2006-11": {
            "month": "2006-11",
            "price": "4.99",
            "revenue": 0
        },
        "2006-12": {
            "month": "2006-12",
            "price": "4.33",
            "revenue": 0
        },
        "2007-01": {
            "month": "2007-01",
            "price": "4.38",
            "revenue": 0
        },
        "2007-02": {
            "month": "2007-02",
            "price": "4.38",
            "revenue": 0
        },
        "2007-03": {
            "month": "2007-03",
            "price": "4.23",
            "revenue": 0
        },
        "2007-04": {
            "month": "2007-04",
            "price": "4.15",
            "revenue": 0
        },
        "2007-05": {
            "month": "2007-05",
            "price": "3.42",
            "revenue": 0
        },
        "2007-06": {
            "month": "2007-06",
            "price": "3.37",
            "revenue": 0
        },
        "2007-07": {
            "month": "2007-07",
            "price": "3.29",
            "revenue": 0
        },
        "2007-08": {
            "month": "2007-08",
            "price": "2.82",
            "revenue": 0
        },
        "2007-09": {
            "month": "2007-09",
            "price": "2.80",
            "revenue": 0
        },
        "2007-10": {
            "month": "2007-10",
            "price": "2.98",
            "revenue": 0
        },
        "2007-11": {
            "month": "2007-11",
            "price": "2.64",
            "revenue": 0
        },
        "2007-12": {
            "month": "2007-12",
            "price": "2.33",
            "revenue": 0
        },
        "2008-01": {
            "month": "2008-01",
            "price": "2.31",
            "revenue": 0
        },
        "2008-02": {
            "month": "2008-02",
            "price": "2.21",
            "revenue": 0
        },
        "2008-03": {
            "month": "2008-03",
            "price": "2.35",
            "revenue": 0
        },
        "2008-04": {
            "month": "2008-04",
            "price": "2.38",
            "revenue": 0
        },
        "2008-05": {
            "month": "2008-05",
            "price": "2.41",
            "revenue": 0
        },
        "2008-06": {
            "month": "2008-06",
            "price": "2.60",
            "revenue": 0
        },
        "2008-07": {
            "month": "2008-07",
            "price": "2.54",
            "revenue": 0
        },
        "2008-08": {
            "month": "2008-08",
            "price": "2.54",
            "revenue": 0
        },
        "2008-09": {
            "month": "2008-09",
            "price": "2.24",
            "revenue": 0
        },
        "2008-10": {
            "month": "2008-10",
            "price": "2.21",
            "revenue": 0
        },
        "2008-11": {
            "month": "2008-11",
            "price": "2.35",
            "revenue": 0
        },
        "2008-12": {
            "month": "2008-12",
            "price": "2.52",
            "revenue": 0
        },
        "2009-01": {
            "month": "2009-01",
            "price": "2.13",
            "revenue": 0
        },
        "2009-02": {
            "month": "2009-02",
            "price": "1.81",
            "revenue": 0
        },
        "2009-03": {
            "month": "2009-03",
            "price": "1.76",
            "revenue": 0
        },
        "2009-04": {
            "month": "2009-04",
            "price": "1.66",
            "revenue": 0
        },
        "2009-05": {
            "month": "2009-05",
            "price": "1.64",
            "revenue": 0
        },
        "2009-06": {
            "month": "2009-06",
            "price": "1.65",
            "revenue": 0
        },
        "2009-07": {
            "month": "2009-07",
            "price": "1.56",
            "revenue": 0
        },
        "2009-08": {
            "month": "2009-08",
            "price": "1.68",
            "revenue": 0
        },
        "2009-09": {
            "month": "2009-09",
            "price": "1.73",
            "revenue": 0
        },
        "2009-10": {
            "month": "2009-10",
            "price": "1.90",
            "revenue": 0
        },
        "2009-11": {
            "month": "2009-11",
            "price": "2.03",
            "revenue": 0
        },
        "2009-12": {
            "month": "2009-12",
            "price": "2.05",
            "revenue": 0
        },
        "2010-01": {
            "month": "2010-01",
            "price": "2.24",
            "revenue": 0
        },
        "2010-02": {
            "month": "2010-02",
            "price": "2.32",
            "revenue": 0
        },
        "2010-03": {
            "month": "2010-03",
            "price": "2.57",
            "revenue": 0
        },
        "2010-04": {
            "month": "2010-04",
            "price": "3.18",
            "revenue": 0
        },
        "2010-05": {
            "month": "2010-05",
            "price": "4.39",
            "revenue": 0
        },
        "2010-06": {
            "month": "2010-06",
            "price": "4.20",
            "revenue": 0
        },
        "2010-07": {
            "month": "2010-07",
            "price": "3.37",
            "revenue": 0
        },
        "2010-08": {
            "month": "2010-08",
            "price": "3.60",
            "revenue": 0
        },
        "2010-09": {
            "month": "2010-09",
            "price": "3.65",
            "revenue": 0
        },
        "2010-10": {
            "month": "2010-10",
            "price": "3.86",
            "revenue": 0
        },
        "2010-11": {
            "month": "2010-11",
            "price": "3.61",
            "revenue": 0
        },
        "2010-12": {
            "month": "2010-12",
            "price": "3.43",
            "revenue": 0
        },
        "2011-01": {
            "month": "2011-01",
            "price": "3.39",
            "revenue": 0
        },
        "2011-02": {
            "month": "2011-02",
            "price": "3.58",
            "revenue": 0
        },
        "2011-03": {
            "month": "2011-03",
            "price": "3.83",
            "revenue": 0
        },
        "2011-04": {
            "month": "2011-04",
            "price": "4.15",
            "revenue": 0
        },
        "2011-05": {
            "month": "2011-05",
            "price": "3.78",
            "revenue": 0
        },
        "2011-06": {
            "month": "2011-06",
            "price": "3.03",
            "revenue": 0
        },
        "2011-07": {
            "month": "2011-07",
            "price": "2.89",
            "revenue": 0
        },
        "2011-08": {
            "month": "2011-08",
            "price": "2.69",
            "revenue": 0
        },
        "2011-09": {
            "month": "2011-09",
            "price": "2.51",
            "revenue": 0
        },
        "2011-10": {
            "month": "2011-10",
            "price": "2.06",
            "revenue": 0
        },
        "2011-11": {
            "month": "2011-11",
            "price": "1.87",
            "revenue": 0
        },
        "2011-12": {
            "month": "2011-12",
            "price": "1.65",
            "revenue": 0
        },
        "2012-01": {
            "month": "2012-01",
            "price": "1.87",
            "revenue": 0
        },
        "2012-02": {
            "month": "2012-02",
            "price": "2.22",
            "revenue": 0
        },
        "2012-03": {
            "month": "2012-03",
            "price": "2.71",
            "revenue": 0
        },
        "2012-04": {
            "month": "2012-04",
            "price": "2.29",
            "revenue": 0
        },
        "2012-05": {
            "month": "2012-05",
            "price": "2.06",
            "revenue": 0
        },
        "2012-06": {
            "month": "2012-06",
            "price": "1.84",
            "revenue": 0
        },
        "2012-07": {
            "month": "2012-07",
            "price": "1.46",
            "revenue": 0
        },
        "2012-08": {
            "month": "2012-08",
            "price": "1.23",
            "revenue": 0
        },
        "2012-09": {
            "month": "2012-09",
            "price": "1.20",
            "revenue": 0
        },
        "2012-10": {
            "month": "2012-10",
            "price": "1.19",
            "revenue": 0
        },
        "2012-11": {
            "month": "2012-11",
            "price": "1.20",
            "revenue": 0
        },
        "2012-12": {
            "month": "2012-12",
            "price": "1.20",
            "revenue": 0
        },
        "2013-01": {
            "month": "2013-01",
            "price": "1.73",
            "revenue": 0
        },
        "2013-02": {
            "month": "2013-02",
            "price": "1.92",
            "revenue": 0
        },
        "2013-03": {
            "month": "2013-03",
            "price": "2.02",
            "revenue": 0
        },
        "2013-04": {
            "month": "2013-04",
            "price": "2.02",
            "revenue": 0
        },
        "2013-05": {
            "month": "2013-05",
            "price": "1.96",
            "revenue": 0
        },
        "2013-06": {
            "month": "2013-06",
            "price": "1.95",
            "revenue": 0
        },
        "2013-07": {
            "month": "2013-07",
            "price": "1.91",
            "revenue": 0
        },
        "2013-08": {
            "month": "2013-08",
            "price": "1.85",
            "revenue": 0
        },
        "2013-09": {
            "month": "2013-09",
            "price": "1.88",
            "revenue": 0
        },
        "2013-10": {
            "month": "2013-10",
            "price": "1.79",
            "revenue": 0
        },
        "2013-11": {
            "month": "2013-11",
            "price": "1.61",
            "revenue": 0
        },
        "2013-12": {
            "month": "2013-12",
            "price": "1.55",
            "revenue": 0
        },
        "2014-01": {
            "month": "2014-01",
            "price": "1.73",
            "revenue": 0
        },
        "2014-02": {
            "month": "2014-02",
            "price": "1.69",
            "revenue": 0
        },
        "2014-03": {
            "month": "2014-03",
            "price": "1.65",
            "revenue": 0
        },
        "2014-04": {
            "month": "2014-04",
            "price": "1.69",
            "revenue": 0
        },
        "2014-05": {
            "month": "2014-05",
            "price": "1.47",
            "revenue": 0
        },
        "2014-06": {
            "month": "2014-06",
            "price": "1.26",
            "revenue": 0
        },
        "2014-07": {
            "month": "2014-07",
            "price": "1.35",
            "revenue": 0
        },
        "2014-08": {
            "month": "2014-08",
            "price": "1.25",
            "revenue": 0
        },
        "2014-09": {
            "month": "2014-09",
            "price": "1.33",
            "revenue": 0
        },
        "2014-10": {
            "month": "2014-10",
            "price": "1.26",
            "revenue": 0
        },
        "2014-11": {
            "month": "2014-11",
            "price": "1.15",
            "revenue": 0
        },
        "2014-12": {
            "month": "2014-12",
            "price": "1.03",
            "revenue": 0
        },
        "2015-01": {
            "month": "2015-01",
            "price": "1.05",
            "revenue": 0
        },
        "2015-02": {
            "month": "2015-02",
            "price": "0.94",
            "revenue": 0
        },
        "2015-03": {
            "month": "2015-03",
            "price": "0.82",
            "revenue": 0
        },
        "2015-04": {
            "month": "2015-04",
            "price": "0.71",
            "revenue": 0
        },
        "2015-05": {
            "month": "2015-05",
            "price": "0.66",
            "revenue": 0
        },
        "2015-06": {
            "month": "2015-06",
            "price": "0.67",
            "revenue": 0
        },
        "2015-07": {
            "month": "2015-07",
            "price": "0.67",
            "revenue": 0
        },
        "2015-08": {
            "month": "2015-08",
            "price": "1.14",
            "revenue": 0
        },
        "2015-09": {
            "month": "2015-09",
            "price": "1.58",
            "revenue": 0
        },
        "2015-10": {
            "month": "2015-10",
            "price": "1.24",
            "revenue": 0
        },
        "2015-11": {
            "month": "2015-11",
            "price": "1.40",
            "revenue": 0
        },
        "2015-12": {
            "month": "2015-12",
            "price": "1.55",
            "revenue": 0
        },
        "2016-01": {
            "month": "2016-01",
            "price": "1.28",
            "revenue": 0
        },
        "2016-02": {
            "month": "2016-02",
            "price": "1.33",
            "revenue": 0
        },
        "2016-03": {
            "month": "2016-03",
            "price": "1.35",
            "revenue": 0
        },
        "2016-04": {
            "month": "2016-04",
            "price": "1.33",
            "revenue": 0
        },
        "2016-05": {
            "month": "2016-05",
            "price": "1.28",
            "revenue": 0
        },
        "2016-06": {
            "month": "2016-06",
            "price": "1.25",
            "revenue": 0
        },
        "2016-07": {
            "month": "2016-07",
            "price": "1.42",
            "revenue": 0
        },
        "2016-08": {
            "month": "2016-08",
            "price": "1.55",
            "revenue": 0
        },
        "2016-09": {
            "month": "2016-09",
            "price": "1.52",
            "revenue": 0
        },
        "2016-10": {
            "month": "2016-10",
            "price": "1.24",
            "revenue": 0
        },
        "2016-11": {
            "month": "2016-11",
            "price": "1.32",
            "revenue": 0
        },
        "2016-12": {
            "month": "2016-12",
            "price": "1.31",
            "revenue": 0
        },
        "2017-01": {
            "month": "2017-01",
            "price": "1.21",
            "revenue": 0
        },
        "2017-02": {
            "month": "2017-02",
            "price": "1.19",
            "revenue": 0
        },
        "2017-03": {
            "month": "2017-03",
            "price": "1.11",
            "revenue": 0
        },
        "2017-04": {
            "month": "2017-04",
            "price": "1.14",
            "revenue": 0
        },
        "2017-05": {
            "month": "2017-05",
            "price": "1.13",
            "revenue": 0
        },
        "2017-06": {
            "month": "2017-06",
            "price": "1.07",
            "revenue": 0
        },
        "2017-07": {
            "month": "2017-07",
            "price": "1.08",
            "revenue": 0
        },
        "2017-08": {
            "month": "2017-08",
            "price": "1.10",
            "revenue": 0
        },
        "2017-09": {
            "month": "2017-09",
            "price": "1.18",
            "revenue": 0
        },
        "2017-10": {
            "month": "2017-10",
            "price": "1.21",
            "revenue": 0
        },
        "2017-11": {
            "month": "2017-11",
            "price": "1.27",
            "revenue": 0
        },
        "2017-12": {
            "month": "2017-12",
            "price": "1.29",
            "revenue": 0
        },
        "2018-01": {
            "month": "2018-01",
            "price": "1.87",
            "revenue": 0
        },
        "2018-02": {
            "month": "2018-02",
            "price": "1.86",
            "revenue": 0
        },
        "2018-03": {
            "month": "2018-03",
            "price": "1.54",
            "revenue": 0
        },
        "2018-04": {
            "month": "2018-04",
            "price": "1.48",
            "revenue": 0
        },
        "2018-05": {
            "month": "2018-05",
            "price": "1.51",
            "revenue": 0
        },
        "2018-06": {
            "month": "2018-06",
            "price": "1.59",
            "revenue": 0
        },
        "2018-07": {
            "month": "2018-07",
            "price": "1.80",
            "revenue": 0
        },
        "2018-08": {
            "month": "2018-08",
            "price": "1.59",
            "revenue": 0
        },
        "2018-09": {
            "month": "2018-09",
            "price": "1.53",
            "revenue": 0
        },
        "2018-10": {
            "month": "2018-10",
            "price": "1.50",
            "revenue": 0
        },
        "2018-11": {
            "month": "2018-11",
            "price": "1.42",
            "revenue": 0
        },
        "2018-12": {
            "month": "2018-12",
            "price": "1.36",
            "revenue": 0
        },
        "2019-01": {
            "month": "2019-01",
            "price": "1.42",
            "revenue": 0
        },
        "2019-02": {
            "month": "2019-02",
            "price": "1.60",
            "revenue": 0
        },
        "2019-03": {
            "month": "2019-03",
            "price": "1.55",
            "revenue": 0
        },
        "2019-04": {
            "month": "2019-04",
            "price": "1.53",
            "revenue": 0
        },
        "2019-05": {
            "month": "2019-05",
            "price": "1.41",
            "revenue": 0
        },
        "2019-06": {
            "month": "2019-06",
            "price": "1.19",
            "revenue": 0
        },
        "2019-07": {
            "month": "2019-07",
            "price": "1.14",
            "revenue": 0
        },
        "2019-08": {
            "month": "2019-08",
            "price": "1.09",
            "revenue": 0
        },
        "2019-09": {
            "month": "2019-09",
            "price": "1.12",
            "revenue": 0
        },
        "2019-10": {
            "month": "2019-10",
            "price": "1.02",
            "revenue": 0
        },
        "2019-11": {
            "month": "2019-11",
            "price": "1.02",
            "revenue": 0
        },
        "2019-12": {
            "month": "2019-12",
            "price": "1.01",
            "revenue": 0
        },
        "2020-01": {
            "month": "2020-01",
            "price": "1.09",
            "revenue": 0
        },
        "2020-02": {
            "month": "2020-02",
            "price": "1.10",
            "revenue": 0
        },
        "2020-03": {
            "month": "2020-03",
            "price": "1.02",
            "revenue": 0
        },
        "2020-04": {
            "month": "2020-04",
            "price": "1.08",
            "revenue": 0
        },
        "2020-05": {
            "month": "2020-05",
            "price": "1.13",
            "revenue": 0
        },
        "2020-06": {
            "month": "2020-06",
            "price": "1.30",
            "revenue": 0
        },
        "2020-07": {
            "month": "2020-07",
            "price": "1.30",
            "revenue": 0
        },
        "2020-08": {
            "month": "2020-08",
            "price": "1.54",
            "revenue": 0
        },
        "2020-09": {
            "month": "2020-09",
            "price": "1.45",
            "revenue": 0
        },
        "2020-10": {
            "month": "2020-10",
            "price": "1.52",
            "revenue": 0
        },
        "2020-11": {
            "month": "2020-11",
            "price": "1.67",
            "revenue": 0
        },
        "2020-12": {
            "month": "2020-12",
            "price": "1.83",
            "revenue": 0
        },
        "2021-01": {
            "month": "2021-01",
            "price": "2.41",
            "revenue": 0
        },
        "2021-02": {
            "month": "2021-02",
            "price": "4.08",
            "revenue": 0
        },
        "2021-03": {
            "month": "2021-03",
            "price": "3.22",
            "revenue": 0
        },
        "2021-04": {
            "month": "2021-04",
            "price": "2.78",
            "revenue": 0
        },
        "2021-05": {
            "month": "2021-05",
            "price": "2.48",
            "revenue": 0
        },
        "2021-06": {
            "month": "2021-06",
            "price": "2.91",
            "revenue": 0
        },
        "2021-07": {
            "month": "2021-07",
            "price": "2.74",
            "revenue": 0
        },
        "2021-08": {
            "month": "2021-08",
            "price": "2.57",
            "revenue": 0
        },
        "2021-09": {
            "month": "2021-09",
            "price": "2.36",
            "revenue": 0
        },
        "2021-10": {
            "month": "2021-10",
            "price": "2.22",
            "revenue": 0
        },
        "2021-11": {
            "month": "2021-11",
            "price": "2.09",
            "revenue": 0
        },
        "2021-12": {
            "month": "2021-12",
            "price": "1.68",
            "revenue": 0
        },
        "2022-01": {
            "month": "2022-01",
            "price": "1.57",
            "revenue": 0
        },
        "2022-02": {
            "month": "2022-02",
            "price": "1.62",
            "revenue": 0
        },
        "2022-03": {
            "month": "2022-03",
            "price": "1.60",
            "revenue": 0
        },
        "2022-04": {
            "month": "2022-04",
            "price": "1.74",
            "revenue": 0
        },
        "2022-05": {
            "month": "2022-05",
            "price": "1.50",
            "revenue": 0
        },
        "2022-06": {
            "month": "2022-06",
            "price": "1.51",
            "revenue": 0
        },
        "2022-07": {
            "month": "2022-07",
            "price": "1.65",
            "revenue": 0
        },
        "2022-08": {
            "month": "2022-08",
            "price": "1.68",
            "revenue": 0
        },
        "2022-09": {
            "month": "2022-09",
            "price": "1.38",
            "revenue": 0
        },
        "2022-10": {
            "month": "2022-10",
            "price": "1.33",
            "revenue": 0
        },
        "2022-11": {
            "month": "2022-11",
            "price": "1.25",
            "revenue": 0
        },
        "2022-12": {
            "month": "2022-12",
            "price": "1.16",
            "revenue": 0
        },
        "2023-01": {
            "month": "2023-01",
            "price": "1.19",
            "revenue": 0
        },
        "2023-02": {
            "month": "2023-02",
            "price": "1.25",
            "revenue": 0
        },
        "2023-03": {
            "month": "2023-03",
            "price": "1.09",
            "revenue": 0
        },
        "2023-04": {
            "month": "2023-04",
            "price": "1.09",
            "revenue": 0
        },
        "2023-05": {
            "month": "2023-05",
            "price": "1.01",
            "revenue": 0
        },
        "2023-06": {
            "month": "2023-06",
            "price": "0.99",
            "revenue": 0
        },
        "2023-07": {
            "month": "2023-07",
            "price": "0.90",
            "revenue": 0
        },
        "2023-08": {
            "month": "2023-08",
            "price": "0.85",
            "revenue": 0
        },
        "2023-09": {
            "month": "2023-09",
            "price": "0.79",
            "revenue": 0
        },
        "2023-10": {
            "month": "2023-10",
            "price": "0.75",
            "revenue": 0
        }
    }
}
