{
    "summary": {
        "stock_name": "Alphabet Inc",
        "stock_id": "GOOGL",
        "category": "Computer and Technology",
        "main_business": "Alphabet Inc.是谷歌(Google)及谷歌旗下各個子公司的控股公司，於2015年進行重組成立。谷歌於1998年9月4日在加利福尼亞成立，於2003年8月在特拉華州重新註冊成立。Alphabet涉足各個領域，包括技術，生命科學，資本投資和研究。其子公司包括Google，Calico，GV，Google Capital，Google Fiber等等。谷歌公司致力於網際網路搜尋、雲計算、廣告技術等領域，開發並提供大量基於網際網路的產品與服務。",
        "website_url": "https://abc.xyz/",
        "ceo": "Sundar Pichai",
        "pe_ratio": 24,
        "report_year_from": 2015,
        "report_year_to": 2023,
        "age": 9,
        "eps_negative_percentage": 0,
        "eps_growth_avg": {
            "last_all": 28.65,
            "last_2y": 23.54,
            "last_4y": 17.32,
            "last_8y": 21.11,
            "last_12y": 17.92,
            "last_16y": 20.26,
            "last_20y": 28.65,
            "at_2006_last_3y": 100,
            "at_2007_last_3y": 76,
            "at_2008_last_3y": 67.16,
            "at_2009_last_3y": 45.49,
            "at_2010_last_3y": 27.84,
            "at_2011_last_3y": 25.39,
            "at_2012_last_3y": 16.83,
            "at_2013_last_3y": 15.31,
            "at_2014_last_3y": 10.76,
            "at_2015_last_3y": 10.01,
            "at_2016_last_3y": 14.11,
            "at_2017_last_3y": 18.91,
            "at_2018_last_3y": 25.84,
            "at_2019_last_3y": 22.56,
            "at_2020_last_3y": 20.35,
            "at_2021_last_3y": 36.9,
            "at_2022_last_3y": 22.8,
            "at_2023_last_3y": 21.14,
            "at_2024_last_3y": 21.14,
            "at_2006_last_all": 100,
            "at_2007_last_all": 76,
            "at_2008_last_all": 67.16,
            "at_2009_last_all": 56.39,
            "at_2010_last_all": 51.9,
            "at_2011_last_all": 47.08,
            "at_2012_last_all": 42,
            "at_2013_last_all": 38.13,
            "at_2014_last_all": 35.44,
            "at_2015_last_all": 33.6,
            "at_2016_last_all": 32.7,
            "at_2017_last_all": 32.22,
            "at_2018_last_all": 32.7,
            "at_2019_last_all": 30.66,
            "at_2020_last_all": 29.61,
            "at_2021_last_all": 33.32,
            "at_2022_last_all": 30.5,
            "at_2023_last_all": 28.65,
            "at_2024_last_all": 28.65
        },
        "latest_eps": 5.69,
        "latest_price": 134.35,
        "latest_roe": 27.22,
        "latest_gross_margin": 56.7,
        "latest_equity": 273202000,
        "latest_revenue": 76693000,
        "latest_gross_profit": 43487000,
        "latest_net_income": 19689000,
        "latest_debt_ratio": 31.13,
        "latest_current_ratio": 204.31,
        "latest_account_receivable_turnover_ratio": 1.92,
        "latest_inventory_turnover_ratio": 12.8,
        "latest_reinvestment_rate": 30.47,
        "latest_research_to_sale_ratio": 14.65
    },
    "eps_dividends": {
        "2001": {
            "cash": 0,
            "stock": 0,
            "eps": 0
        },
        "2002": {
            "cash": 0,
            "stock": 0,
            "eps": 0
        },
        "2003": {
            "cash": 0,
            "stock": 0,
            "eps": 0
        },
        "2004": {
            "cash": 0,
            "stock": 0,
            "eps": 0.06
        },
        "2005": {
            "cash": 0,
            "stock": 0,
            "eps": 0.12
        },
        "2006": {
            "cash": 0,
            "stock": 0,
            "eps": 0.25
        },
        "2007": {
            "cash": 0,
            "stock": 0,
            "eps": 0.32
        },
        "2008": {
            "cash": 0,
            "stock": 0,
            "eps": 0.45
        },
        "2009": {
            "cash": 0,
            "stock": 0,
            "eps": 0.51
        },
        "2010": {
            "cash": 0,
            "stock": 0,
            "eps": 0.66
        },
        "2011": {
            "cash": 0,
            "stock": 0,
            "eps": 0.78
        },
        "2012": {
            "cash": 0,
            "stock": 0,
            "eps": 0.83
        },
        "2013": {
            "cash": 0,
            "stock": 0,
            "eps": 0.89
        },
        "2014": {
            "cash": 0,
            "stock": 0,
            "eps": 0.99
        },
        "2015": {
            "cash": 0,
            "stock": 0,
            "eps": 1.14
        },
        "2016": {
            "cash": 0,
            "stock": 0,
            "eps": 1.4
        },
        "2017": {
            "cash": 0,
            "stock": 0,
            "eps": 1.77
        },
        "2018": {
            "cash": 0,
            "stock": 0,
            "eps": 2.46
        },
        "2019": {
            "cash": 0,
            "stock": 0,
            "eps": 2.51
        },
        "2020": {
            "cash": 0,
            "stock": 0,
            "eps": 2.86
        },
        "2021": {
            "cash": 0,
            "stock": 0,
            "eps": 5.51
        },
        "2022": {
            "cash": 0,
            "stock": 0,
            "eps": 4.55
        },
        "2023": {
            "cash": 0,
            "stock": 0,
            "eps": 4.34
        }
    },
    "dividends": [],
    "prices": {
        "200101": "無",
        "200102": "無",
        "200103": "無",
        "200104": "無",
        "200105": "無",
        "200106": "無",
        "200107": "無",
        "200108": "無",
        "200109": "無",
        "200110": "無",
        "200111": "無",
        "200112": "無",
        "200201": "無",
        "200202": "無",
        "200203": "無",
        "200204": "無",
        "200205": "無",
        "200206": "無",
        "200207": "無",
        "200208": "無",
        "200209": "無",
        "200210": "無",
        "200211": "無",
        "200212": "無",
        "200301": "無",
        "200302": "無",
        "200303": "無",
        "200304": "無",
        "200305": "無",
        "200306": "無",
        "200307": "無",
        "200308": "無",
        "200309": "無",
        "200310": "無",
        "200311": "無",
        "200312": "無",
        "200401": "無",
        "200402": "無",
        "200403": "無",
        "200404": "無",
        "200405": "無",
        "200406": "無",
        "200407": "無",
        "200408": "105.26",
        "200409": "113.23",
        "200410": "153.23",
        "200411": "8.71",
        "200412": "9.09",
        "200501": "9.64",
        "200502": "9.75",
        "200503": "9.06",
        "200504": "9.96",
        "200505": "11.99",
        "200506": "14.38",
        "200507": "14.91",
        "200508": "14.35",
        "200509": "15.21",
        "200510": "16.12",
        "200511": "19.96",
        "200512": "20.95",
        "200601": "22.29",
        "200602": "18.50",
        "200603": "17.94",
        "200604": "20.69",
        "200605": "19.19",
        "200606": "19.68",
        "200607": "20.18",
        "200608": "18.85",
        "200609": "19.85",
        "200610": "22.03",
        "200611": "24.28",
        "200612": "23.67",
        "200701": "24.53",
        "200702": "23.36",
        "200703": "22.65",
        "200704": "23.62",
        "200705": "23.65",
        "200706": "25.75",
        "200707": "26.62",
        "200708": "25.49",
        "200709": "27.02",
        "200710": "31.77",
        "200711": "33.82",
        "200712": "34.77",
        "200801": "30.59",
        "200802": "25.19",
        "200803": "22.02",
        "200804": "24.88",
        "200805": "28.80",
        "200806": "27.82",
        "200807": "25.50",
        "200808": "24.30",
        "200809": "21.61",
        "200810": "18.00",
        "200811": "15.23",
        "200812": "14.98",
        "200901": "15.94",
        "200902": "17.48",
        "200903": "16.43",
        "200904": "18.88",
        "200905": "20.00",
        "200906": "21.19",
        "200907": "21.36",
        "200908": "22.90",
        "200909": "24.03",
        "200910": "26.51",
        "200911": "28.35",
        "200912": "29.96",
        "201001": "28.93",
        "201002": "26.74",
        "201003": "28.05",
        "201004": "27.85",
        "201005": "24.87",
        "201006": "24.22",
        "201007": "23.65",
        "201008": "23.97",
        "201009": "24.73",
        "201010": "28.80",
        "201011": "30.10",
        "201012": "29.58",
        "201101": "30.77",
        "201102": "30.84",
        "201103": "29.11",
        "201104": "27.73",
        "201105": "26.47",
        "201106": "25.14",
        "201107": "28.69",
        "201108": "27.36",
        "201109": "26.61",
        "201110": "28.09",
        "201111": "29.72",
        "201112": "31.37",
        "201201": "30.74",
        "201202": "30.32",
        "201203": "31.36",
        "201204": "30.97",
        "201205": "30.27",
        "201206": "28.53",
        "201207": "29.80",
        "201208": "33.13",
        "201209": "35.92",
        "201210": "36.30",
        "201211": "33.51",
        "201212": "35.16",
        "201301": "36.71",
        "201302": "39.30",
        "201303": "40.90",
        "201304": "39.82",
        "201305": "43.83",
        "201306": "43.86",
        "201307": "45.07",
        "201308": "43.75",
        "201309": "44.26",
        "201310": "46.93",
        "201311": "51.54",
        "201312": "54.22",
        "201401": "56.82",
        "201402": "59.51",
        "201403": "59.12",
        "201404": "30.03",
        "201405": "27.15",
        "201406": "28.36",
        "201407": "29.62",
        "201408": "29.17",
        "201409": "29.61",
        "201410": "27.88",
        "201411": "27.63",
        "201412": "26.46",
        "201501": "25.80",
        "201502": "27.05",
        "201503": "28.30",
        "201504": "27.47",
        "201505": "27.38",
        "201506": "27.54",
        "201507": "30.87",
        "201508": "33.38",
        "201509": "32.39",
        "201510": "34.58",
        "201511": "37.98",
        "201512": "38.55",
        "201601": "36.83",
        "201602": "36.22",
        "201603": "37.34",
        "201604": "37.83",
        "201605": "36.33",
        "201606": "35.98",
        "201607": "37.05",
        "201608": "40.01",
        "201609": "40.08",
        "201610": "40.68",
        "201611": "39.24",
        "201612": "40.03",
        "201701": "41.51",
        "201702": "41.84",
        "201703": "42.69",
        "201704": "43.07",
        "201705": "48.08",
        "201706": "48.67",
        "201707": "48.17",
        "201708": "46.90",
        "201709": "47.29",
        "201710": "49.96",
        "201711": "52.35",
        "201712": "52.70",
        "201801": "56.97",
        "201802": "54.59",
        "201803": "54.69",
        "201804": "52.00",
        "201805": "53.74",
        "201806": "57.47",
        "201807": "60.06",
        "201808": "62.03",
        "201809": "59.25",
        "201810": "56.06",
        "201811": "53.31",
        "201812": "52.40",
        "201901": "54.05",
        "201902": "56.07",
        "201903": "59.22",
        "201904": "61.57",
        "201905": "57.77",
        "201906": "54.15",
        "201907": "57.65",
        "201908": "59.11",
        "201909": "61.07",
        "201910": "61.62",
        "201911": "65.14",
        "201912": "67.05",
        "202001": "71.81",
        "202002": "73.14",
        "202003": "59.26",
        "202004": "61.51",
        "202005": "69.07",
        "202006": "71.58",
        "202007": "75.77",
        "202008": "77.25",
        "202009": "75.58",
        "202010": "77.10",
        "202011": "87.17",
        "202012": "88.39",
        "202101": "90.01",
        "202102": "102.90",
        "202103": "102.38",
        "202104": "113.65",
        "202105": "115.43",
        "202106": "121.05",
        "202107": "128.56",
        "202108": "138.37",
        "202109": "141.18",
        "202110": "140.11",
        "202111": "146.76",
        "202112": "145.15",
        "202201": "135.96",
        "202202": "136.71",
        "202203": "134.98",
        "202204": "128.07",
        "202205": "113.19",
        "202206": "112.43",
        "202207": "112.65",
        "202208": "116.26",
        "202209": "103.33",
        "202210": "98.88",
        "202211": "93.91",
        "202212": "92.32",
        "202301": "93.04",
        "202302": "96.42",
        "202303": "98.06",
        "202304": "105.71",
        "202305": "116.12",
        "202306": "122.53",
        "202307": "123.05",
        "202308": "130.55",
        "202309": "134.30",
        "202310": "134.18",
        "202311": "133.38",
        "202312": "135.57"
    },
    "quarters": {
        "20011": {
            "year_quarter": 20011,
            "year": 2001,
            "quarter": 1,
            "eps": null,
            "eps_growth_year": null,
            "eps_4q": null,
            "eps_4q_growth_year": null,
            "roe": null,
            "roe_4q": 0,
            "gross_profit": null,
            "gross_margin": null,
            "gross_margin_4q_avg": 0,
            "net_income": null,
            "net_income_4q": null,
            "revenue": null,
            "revenue_4q": null,
            "common_shares": null,
            "book_valuer_per_share": null,
            "book_valuer_per_share_4q_avg": 0,
            "equity": null,
            "current_ratio": null,
            "debt_ratio": null,
            "inventory_turnover_ratio": null,
            "account_receivable_turnover_ratio": null,
            "reinvestment_rate": null,
            "research_to_sale_ratio": null,
            "price_fair": 0,
            "eps_avg_yearly": 0,
            "eps_latest_yearly": 0,
            "eps_growth_yearly": 0
        },
        "20012": {
            "year_quarter": 20012,
            "year": 2001,
            "quarter": 2,
            "eps": null,
            "eps_growth_year": null,
            "eps_4q": null,
            "eps_4q_growth_year": null,
            "roe": null,
            "roe_4q": 0,
            "gross_profit": null,
            "gross_margin": null,
            "gross_margin_4q_avg": 0,
            "net_income": null,
            "net_income_4q": null,
            "revenue": null,
            "revenue_4q": null,
            "common_shares": null,
            "book_valuer_per_share": null,
            "book_valuer_per_share_4q_avg": 0,
            "equity": null,
            "current_ratio": null,
            "debt_ratio": null,
            "inventory_turnover_ratio": null,
            "account_receivable_turnover_ratio": null,
            "reinvestment_rate": null,
            "research_to_sale_ratio": null,
            "price_fair": 0,
            "eps_avg_yearly": 0,
            "eps_latest_yearly": 0,
            "eps_growth_yearly": 0
        },
        "20013": {
            "year_quarter": 20013,
            "year": 2001,
            "quarter": 3,
            "eps": null,
            "eps_growth_year": null,
            "eps_4q": null,
            "eps_4q_growth_year": null,
            "roe": null,
            "roe_4q": 0,
            "gross_profit": null,
            "gross_margin": null,
            "gross_margin_4q_avg": 0,
            "net_income": null,
            "net_income_4q": null,
            "revenue": null,
            "revenue_4q": null,
            "common_shares": null,
            "book_valuer_per_share": null,
            "book_valuer_per_share_4q_avg": 0,
            "equity": null,
            "current_ratio": null,
            "debt_ratio": null,
            "inventory_turnover_ratio": null,
            "account_receivable_turnover_ratio": null,
            "reinvestment_rate": null,
            "research_to_sale_ratio": null,
            "price_fair": 0,
            "eps_avg_yearly": 0,
            "eps_latest_yearly": 0,
            "eps_growth_yearly": 0
        },
        "20014": {
            "year_quarter": 20014,
            "year": 2001,
            "quarter": 4,
            "eps": null,
            "eps_growth_year": null,
            "eps_4q": null,
            "eps_4q_growth_year": null,
            "roe": null,
            "roe_4q": 0,
            "gross_profit": null,
            "gross_margin": null,
            "gross_margin_4q_avg": 0,
            "net_income": null,
            "net_income_4q": null,
            "revenue": null,
            "revenue_4q": null,
            "common_shares": null,
            "book_valuer_per_share": null,
            "book_valuer_per_share_4q_avg": 0,
            "equity": null,
            "current_ratio": null,
            "debt_ratio": null,
            "inventory_turnover_ratio": null,
            "account_receivable_turnover_ratio": null,
            "reinvestment_rate": null,
            "research_to_sale_ratio": null,
            "price_fair": 0,
            "eps_avg_yearly": 0,
            "eps_latest_yearly": 0,
            "eps_growth_yearly": 0
        },
        "20021": {
            "year_quarter": 20021,
            "year": 2002,
            "quarter": 1,
            "eps": 0,
            "eps_growth_year": null,
            "eps_4q": null,
            "eps_4q_growth_year": null,
            "roe": null,
            "roe_4q": 0,
            "gross_profit": 36447,
            "gross_margin": 86.19,
            "gross_margin_4q_avg": 21.55,
            "net_income": 7926,
            "net_income_4q": null,
            "revenue": 42285,
            "revenue_4q": null,
            "common_shares": null,
            "book_valuer_per_share": null,
            "book_valuer_per_share_4q_avg": 0,
            "equity": null,
            "current_ratio": null,
            "debt_ratio": null,
            "inventory_turnover_ratio": null,
            "account_receivable_turnover_ratio": null,
            "reinvestment_rate": null,
            "research_to_sale_ratio": 17.56,
            "price_fair": 0,
            "eps_avg_yearly": 0,
            "eps_latest_yearly": 0,
            "eps_growth_yearly": 0
        },
        "20022": {
            "year_quarter": 20022,
            "year": 2002,
            "quarter": 2,
            "eps": 0,
            "eps_growth_year": null,
            "eps_4q": null,
            "eps_4q_growth_year": null,
            "roe": null,
            "roe_4q": 0,
            "gross_profit": 57960,
            "gross_margin": 73.81,
            "gross_margin_4q_avg": 40,
            "net_income": 16593,
            "net_income_4q": null,
            "revenue": 78525,
            "revenue_4q": null,
            "common_shares": null,
            "book_valuer_per_share": null,
            "book_valuer_per_share_4q_avg": 0,
            "equity": null,
            "current_ratio": null,
            "debt_ratio": null,
            "inventory_turnover_ratio": null,
            "account_receivable_turnover_ratio": null,
            "reinvestment_rate": null,
            "research_to_sale_ratio": 10.02,
            "price_fair": 0,
            "eps_avg_yearly": 0,
            "eps_latest_yearly": 0,
            "eps_growth_yearly": 0
        },
        "20023": {
            "year_quarter": 20023,
            "year": 2002,
            "quarter": 3,
            "eps": 0,
            "eps_growth_year": null,
            "eps_4q": null,
            "eps_4q_growth_year": null,
            "roe": null,
            "roe_4q": 0,
            "gross_profit": 90822,
            "gross_margin": 69.44,
            "gross_margin_4q_avg": 57.36,
            "net_income": 30307,
            "net_income_4q": null,
            "revenue": 130787,
            "revenue_4q": null,
            "common_shares": null,
            "book_valuer_per_share": null,
            "book_valuer_per_share_4q_avg": 0,
            "equity": null,
            "current_ratio": null,
            "debt_ratio": null,
            "inventory_turnover_ratio": null,
            "account_receivable_turnover_ratio": null,
            "reinvestment_rate": null,
            "research_to_sale_ratio": 9.06,
            "price_fair": 0,
            "eps_avg_yearly": 0,
            "eps_latest_yearly": 0,
            "eps_growth_yearly": 0
        },
        "20024": {
            "year_quarter": 20024,
            "year": 2002,
            "quarter": 4,
            "eps": 0,
            "eps_growth_year": null,
            "eps_4q": 0.01,
            "eps_4q_growth_year": null,
            "roe": null,
            "roe_4q": 0,
            "gross_profit": 121704,
            "gross_margin": 64.77,
            "gross_margin_4q_avg": 73.55,
            "net_income": 44830,
            "net_income_4q": null,
            "revenue": 187911,
            "revenue_4q": null,
            "common_shares": null,
            "book_valuer_per_share": null,
            "book_valuer_per_share_4q_avg": 0,
            "equity": null,
            "current_ratio": null,
            "debt_ratio": null,
            "inventory_turnover_ratio": null,
            "account_receivable_turnover_ratio": null,
            "reinvestment_rate": null,
            "research_to_sale_ratio": 7.1,
            "price_fair": 0,
            "eps_avg_yearly": 0,
            "eps_latest_yearly": 0,
            "eps_growth_yearly": 0
        },
        "20031": {
            "year_quarter": 20031,
            "year": 2003,
            "quarter": 1,
            "eps": 0,
            "eps_growth_year": 187.78,
            "eps_4q": 0.01,
            "eps_4q_growth_year": null,
            "roe": null,
            "roe_4q": 0,
            "gross_profit": 159971,
            "gross_margin": 64.34,
            "gross_margin_4q_avg": 68.09,
            "net_income": 25800,
            "net_income_4q": null,
            "revenue": 248618,
            "revenue_4q": null,
            "common_shares": null,
            "book_valuer_per_share": null,
            "book_valuer_per_share_4q_avg": 0,
            "equity": null,
            "current_ratio": null,
            "debt_ratio": null,
            "inventory_turnover_ratio": null,
            "account_receivable_turnover_ratio": null,
            "reinvestment_rate": null,
            "research_to_sale_ratio": 12.84,
            "price_fair": 0,
            "eps_avg_yearly": 0,
            "eps_latest_yearly": 0,
            "eps_growth_yearly": 0
        },
        "20032": {
            "year_quarter": 20032,
            "year": 2003,
            "quarter": 2,
            "eps": 0,
            "eps_growth_year": 65.96,
            "eps_4q": 0.01,
            "eps_4q_growth_year": null,
            "roe": null,
            "roe_4q": 0,
            "gross_profit": 192437,
            "gross_margin": 61.84,
            "gross_margin_4q_avg": 65.1,
            "net_income": 32168,
            "net_income_4q": null,
            "revenue": 311199,
            "revenue_4q": null,
            "common_shares": null,
            "book_valuer_per_share": null,
            "book_valuer_per_share_4q_avg": 0,
            "equity": null,
            "current_ratio": null,
            "debt_ratio": null,
            "inventory_turnover_ratio": null,
            "account_receivable_turnover_ratio": null,
            "reinvestment_rate": null,
            "research_to_sale_ratio": 11.67,
            "price_fair": 0,
            "eps_avg_yearly": 0,
            "eps_latest_yearly": 0,
            "eps_growth_yearly": 0
        },
        "20033": {
            "year_quarter": 20033,
            "year": 2003,
            "quarter": 3,
            "eps": 0,
            "eps_growth_year": -39.08,
            "eps_4q": 0.01,
            "eps_4q_growth_year": null,
            "roe": null,
            "roe_4q": 0,
            "gross_profit": 220544,
            "gross_margin": 55.98,
            "gross_margin_4q_avg": 61.73,
            "net_income": 20426,
            "net_income_4q": null,
            "revenue": 393942,
            "revenue_4q": null,
            "common_shares": null,
            "book_valuer_per_share": null,
            "book_valuer_per_share_4q_avg": 0,
            "equity": null,
            "current_ratio": null,
            "debt_ratio": null,
            "inventory_turnover_ratio": null,
            "account_receivable_turnover_ratio": null,
            "reinvestment_rate": null,
            "research_to_sale_ratio": 19.46,
            "price_fair": 0,
            "eps_avg_yearly": 0,
            "eps_latest_yearly": 0,
            "eps_growth_yearly": 0
        },
        "20034": {
            "year_quarter": 20034,
            "year": 2003,
            "quarter": 4,
            "eps": 0,
            "eps_growth_year": -45.26,
            "eps_4q": 0.01,
            "eps_4q_growth_year": -4.55,
            "roe": null,
            "roe_4q": 0,
            "gross_profit": 258571,
            "gross_margin": 50.48,
            "gross_margin_4q_avg": 58.16,
            "net_income": 27254,
            "net_income_4q": null,
            "revenue": 512175,
            "revenue_4q": null,
            "common_shares": 161,
            "book_valuer_per_share": 0.07,
            "book_valuer_per_share_4q_avg": 0.02,
            "equity": 602641,
            "current_ratio": 237.94,
            "debt_ratio": 30.85,
            "inventory_turnover_ratio": null,
            "account_receivable_turnover_ratio": null,
            "reinvestment_rate": null,
            "research_to_sale_ratio": 16.54,
            "price_fair": 0,
            "eps_avg_yearly": 0,
            "eps_latest_yearly": 0,
            "eps_growth_yearly": 0
        },
        "20041": {
            "year_quarter": 20041,
            "year": 2004,
            "quarter": 1,
            "eps": 0.01,
            "eps_growth_year": 133.59,
            "eps_4q": 0.01,
            "eps_4q_growth_year": 10.26,
            "roe": 9.52,
            "roe_4q": 9.52,
            "gross_profit": 331149,
            "gross_margin": 50.82,
            "gross_margin_4q_avg": 54.78,
            "net_income": 63973,
            "net_income_4q": null,
            "revenue": 651623,
            "revenue_4q": null,
            "common_shares": 164,
            "book_valuer_per_share": 0.09,
            "book_valuer_per_share_4q_avg": 0.04,
            "equity": 741651,
            "current_ratio": 234.75,
            "debt_ratio": 31.29,
            "inventory_turnover_ratio": null,
            "account_receivable_turnover_ratio": 3.9,
            "reinvestment_rate": null,
            "research_to_sale_ratio": 12.47,
            "price_fair": 0,
            "eps_avg_yearly": 0,
            "eps_latest_yearly": 0,
            "eps_growth_yearly": 0
        },
        "20042": {
            "year_quarter": 20042,
            "year": 2004,
            "quarter": 2,
            "eps": 0.01,
            "eps_growth_year": 137.82,
            "eps_4q": 0.02,
            "eps_4q_growth_year": 31.66,
            "roe": 8.99,
            "roe_4q": 18.509999999999998,
            "gross_profit": 371289,
            "gross_margin": 53.03,
            "gross_margin_4q_avg": 52.58,
            "net_income": 79063,
            "net_income_4q": null,
            "revenue": 700212,
            "revenue_4q": null,
            "common_shares": 165,
            "book_valuer_per_share": 0.13,
            "book_valuer_per_share_4q_avg": 0.07,
            "equity": 1016999,
            "current_ratio": 349.6,
            "debt_ratio": 23.42,
            "inventory_turnover_ratio": null,
            "account_receivable_turnover_ratio": 3.37,
            "reinvestment_rate": null,
            "research_to_sale_ratio": 13.08,
            "price_fair": 0.4,
            "eps_avg_yearly": 0.04,
            "eps_latest_yearly": 0.04,
            "eps_growth_yearly": 0
        },
        "20043": {
            "year_quarter": 20043,
            "year": 2004,
            "quarter": 3,
            "eps": 0.02,
            "eps_growth_year": 739.39,
            "eps_4q": 0.03,
            "eps_4q_growth_year": 162.78,
            "roe": 2.88,
            "roe_4q": 21.39,
            "gross_profit": 441792,
            "gross_margin": 54.82,
            "gross_margin_4q_avg": 52.29,
            "net_income": 51983,
            "net_income_4q": null,
            "revenue": 805887,
            "revenue_4q": null,
            "common_shares": 273,
            "book_valuer_per_share": 0.22,
            "book_valuer_per_share_4q_avg": 0.13,
            "equity": 2589023,
            "current_ratio": 859.92,
            "debt_ratio": 10.37,
            "inventory_turnover_ratio": null,
            "account_receivable_turnover_ratio": 2.76,
            "reinvestment_rate": null,
            "research_to_sale_ratio": 12.35,
            "price_fair": 2.1,
            "eps_avg_yearly": 0.06,
            "eps_latest_yearly": 0.08,
            "eps_growth_yearly": 200
        },
        "20044": {
            "year_quarter": 20044,
            "year": 2004,
            "quarter": 4,
            "eps": 0.02,
            "eps_growth_year": 586.15,
            "eps_4q": 0.05,
            "eps_4q_growth_year": 365.79,
            "roe": 7.4,
            "roe_4q": 28.790000000000003,
            "gross_profit": 576026,
            "gross_margin": 55.84,
            "gross_margin_4q_avg": 53.63,
            "net_income": 204100,
            "net_income_4q": null,
            "revenue": 1031501,
            "revenue_4q": null,
            "common_shares": 267,
            "book_valuer_per_share": 0.26,
            "book_valuer_per_share_4q_avg": 0.18,
            "equity": 2929056,
            "current_ratio": 791.34,
            "debt_ratio": 11.6,
            "inventory_turnover_ratio": null,
            "account_receivable_turnover_ratio": 2.82,
            "reinvestment_rate": null,
            "research_to_sale_ratio": 11.9,
            "price_fair": 2.33,
            "eps_avg_yearly": 0.07,
            "eps_latest_yearly": 0.08,
            "eps_growth_yearly": 133.33
        },
        "20051": {
            "year_quarter": 20051,
            "year": 2005,
            "quarter": 1,
            "eps": 0.03,
            "eps_growth_year": 432.23,
            "eps_4q": 0.07,
            "eps_4q_growth_year": 438.76,
            "roe": 11.62,
            "roe_4q": 30.89,
            "gross_profit": 709735,
            "gross_margin": 56.48,
            "gross_margin_4q_avg": 55.04,
            "net_income": 369193,
            "net_income_4q": null,
            "revenue": 1256516,
            "revenue_4q": null,
            "common_shares": 271,
            "book_valuer_per_share": 0.3,
            "book_valuer_per_share_4q_avg": 0.23,
            "equity": 3426862,
            "current_ratio": 803.01,
            "debt_ratio": 11.34,
            "inventory_turnover_ratio": null,
            "account_receivable_turnover_ratio": 3.05,
            "reinvestment_rate": null,
            "research_to_sale_ratio": 8.65,
            "price_fair": 2.8,
            "eps_avg_yearly": 0.08,
            "eps_latest_yearly": 0.12,
            "eps_growth_yearly": 150
        },
        "20052": {
            "year_quarter": 20052,
            "year": 2005,
            "quarter": 2,
            "eps": 0.03,
            "eps_growth_year": 302.16,
            "eps_4q": 0.1,
            "eps_4q_growth_year": 434.63,
            "roe": 9.29,
            "roe_4q": 31.189999999999994,
            "gross_profit": 786376,
            "gross_margin": 56.8,
            "gross_margin_4q_avg": 55.99,
            "net_income": 342814,
            "net_income_4q": null,
            "revenue": 1384495,
            "revenue_4q": null,
            "common_shares": 273,
            "book_valuer_per_share": 0.34,
            "book_valuer_per_share_4q_avg": 0.28,
            "equity": 3953857,
            "current_ratio": 813.88,
            "debt_ratio": 12.09,
            "inventory_turnover_ratio": null,
            "account_receivable_turnover_ratio": 2.96,
            "reinvestment_rate": null,
            "research_to_sale_ratio": 8.89,
            "price_fair": 3.08,
            "eps_avg_yearly": 0.09,
            "eps_latest_yearly": 0.12,
            "eps_growth_yearly": 120
        },
        "20053": {
            "year_quarter": 20053,
            "year": 2005,
            "quarter": 3,
            "eps": 0.03,
            "eps_growth_year": 97.95,
            "eps_4q": 0.11,
            "eps_4q_growth_year": 245,
            "roe": 5.98,
            "roe_4q": 34.29,
            "gross_profit": 923302,
            "gross_margin": 58.49,
            "gross_margin_4q_avg": 56.9,
            "net_income": 381182,
            "net_income_4q": null,
            "revenue": 1578456,
            "revenue_4q": null,
            "common_shares": 290,
            "book_valuer_per_share": 0.74,
            "book_valuer_per_share_4q_avg": 0.41,
            "equity": 8793068,
            "current_ratio": 1497.31,
            "debt_ratio": 6.96,
            "inventory_turnover_ratio": null,
            "account_receivable_turnover_ratio": 3.05,
            "reinvestment_rate": null,
            "research_to_sale_ratio": 11.26,
            "price_fair": 3.27,
            "eps_avg_yearly": 0.09,
            "eps_latest_yearly": 0.12,
            "eps_growth_yearly": 100
        },
        "20054": {
            "year_quarter": 20054,
            "year": 2005,
            "quarter": 4,
            "eps": 0.03,
            "eps_growth_year": 95.74,
            "eps_4q": 0.13,
            "eps_4q_growth_year": 170.94,
            "roe": 4.09,
            "roe_4q": 30.979999999999997,
            "gross_profit": 1142058,
            "gross_margin": 59.51,
            "gross_margin_4q_avg": 57.82,
            "net_income": 372209,
            "net_income_4q": null,
            "revenue": 1919093,
            "revenue_4q": null,
            "common_shares": 293,
            "book_valuer_per_share": 0.78,
            "book_valuer_per_share_4q_avg": 0.54,
            "equity": 9418957,
            "current_ratio": 1207.58,
            "debt_ratio": 8.3,
            "inventory_turnover_ratio": null,
            "account_receivable_turnover_ratio": 3.12,
            "reinvestment_rate": null,
            "research_to_sale_ratio": 9.89,
            "price_fair": 3.4,
            "eps_avg_yearly": 0.1,
            "eps_latest_yearly": 0.12,
            "eps_growth_yearly": 85.71
        },
        "20061": {
            "year_quarter": 20061,
            "year": 2006,
            "quarter": 1,
            "eps": 0.05,
            "eps_growth_year": 51.21,
            "eps_4q": 0.15,
            "eps_4q_growth_year": 97.56,
            "roe": 6.02,
            "roe_4q": 25.38,
            "gross_profit": 1349636,
            "gross_margin": 59.88,
            "gross_margin_4q_avg": 58.67,
            "net_income": 592291,
            "net_income_4q": null,
            "revenue": 2253755,
            "revenue_4q": null,
            "common_shares": 295,
            "book_valuer_per_share": 0.83,
            "book_valuer_per_share_4q_avg": 0.67,
            "equity": 10243268,
            "current_ratio": 975.07,
            "debt_ratio": 9.31,
            "inventory_turnover_ratio": null,
            "account_receivable_turnover_ratio": 2.94,
            "reinvestment_rate": null,
            "research_to_sale_ratio": 10.94,
            "price_fair": 3.85,
            "eps_avg_yearly": 0.11,
            "eps_latest_yearly": 0.2,
            "eps_growth_yearly": 108.33
        },
        "20062": {
            "year_quarter": 20062,
            "year": 2006,
            "quarter": 2,
            "eps": 0.06,
            "eps_growth_year": 94.84,
            "eps_4q": 0.17,
            "eps_4q_growth_year": 80.98,
            "roe": 6.11,
            "roe_4q": 22.2,
            "gross_profit": 1466959,
            "gross_margin": 59.73,
            "gross_margin_4q_avg": 59.4,
            "net_income": 721077,
            "net_income_4q": null,
            "revenue": 2455991,
            "revenue_4q": null,
            "common_shares": 303,
            "book_valuer_per_share": 1.07,
            "book_valuer_per_share_4q_avg": 0.86,
            "equity": 13357008,
            "current_ratio": 1131.35,
            "debt_ratio": 7.22,
            "inventory_turnover_ratio": null,
            "account_receivable_turnover_ratio": 2.84,
            "reinvestment_rate": null,
            "research_to_sale_ratio": 11.5,
            "price_fair": 4.36,
            "eps_avg_yearly": 0.12,
            "eps_latest_yearly": 0.24,
            "eps_growth_yearly": 105.19
        },
        "20063": {
            "year_quarter": 20063,
            "year": 2006,
            "quarter": 3,
            "eps": 0.06,
            "eps_growth_year": 79.42,
            "eps_4q": 0.2,
            "eps_4q_growth_year": 78.03,
            "roe": 5.28,
            "roe_4q": 21.5,
            "gross_profit": 1640945,
            "gross_margin": 61.01,
            "gross_margin_4q_avg": 60.03,
            "net_income": 733361,
            "net_income_4q": null,
            "revenue": 2689673,
            "revenue_4q": null,
            "common_shares": 304,
            "book_valuer_per_share": 1.14,
            "book_valuer_per_share_4q_avg": 0.96,
            "equity": 14397087,
            "current_ratio": 975.15,
            "debt_ratio": 8.26,
            "inventory_turnover_ratio": null,
            "account_receivable_turnover_ratio": 2.81,
            "reinvestment_rate": null,
            "research_to_sale_ratio": 11.62,
            "price_fair": 4.76,
            "eps_avg_yearly": 0.14,
            "eps_latest_yearly": 0.24,
            "eps_growth_yearly": 94.67
        },
        "20064": {
            "year_quarter": 20064,
            "year": 2006,
            "quarter": 4,
            "eps": 0.08,
            "eps_growth_year": 135.42,
            "eps_4q": 0.25,
            "eps_4q_growth_year": 91.03,
            "roe": 6.56,
            "roe_4q": 23.97,
            "gross_profit": 1922350,
            "gross_margin": 59.97,
            "gross_margin_4q_avg": 60.15,
            "net_income": 1030716,
            "net_income_4q": null,
            "revenue": 3205498,
            "revenue_4q": null,
            "common_shares": 309,
            "book_valuer_per_share": 1.23,
            "book_valuer_per_share_4q_avg": 1.07,
            "equity": 17039840,
            "current_ratio": 999.54,
            "debt_ratio": 7.76,
            "inventory_turnover_ratio": null,
            "account_receivable_turnover_ratio": 2.72,
            "reinvestment_rate": null,
            "research_to_sale_ratio": 12.07,
            "price_fair": 5.35,
            "eps_avg_yearly": 0.15,
            "eps_latest_yearly": 0.32,
            "eps_growth_yearly": 98.18
        },
        "20071": {
            "year_quarter": 20071,
            "year": 2007,
            "quarter": 1,
            "eps": 0.08,
            "eps_growth_year": 63.42,
            "eps_4q": 0.28,
            "eps_4q_growth_year": 90.6,
            "roe": 5.66,
            "roe_4q": 23.61,
            "gross_profit": 2193544,
            "gross_margin": 59.87,
            "gross_margin_4q_avg": 60.15,
            "net_income": 1002162,
            "net_income_4q": null,
            "revenue": 3663971,
            "revenue_4q": null,
            "common_shares": 310,
            "book_valuer_per_share": 1.32,
            "book_valuer_per_share_4q_avg": 1.19,
            "equity": 18377210,
            "current_ratio": 1122.55,
            "debt_ratio": 8.18,
            "inventory_turnover_ratio": null,
            "account_receivable_turnover_ratio": 2.62,
            "reinvestment_rate": null,
            "research_to_sale_ratio": 11.15,
            "price_fair": 5.83,
            "eps_avg_yearly": 0.17,
            "eps_latest_yearly": 0.32,
            "eps_growth_yearly": 90
        },
        "20072": {
            "year_quarter": 20072,
            "year": 2007,
            "quarter": 2,
            "eps": 0.07,
            "eps_growth_year": 26.09,
            "eps_4q": 0.29,
            "eps_4q_growth_year": 68.41,
            "roe": 4.86,
            "roe_4q": 22.36,
            "gross_profit": 2311730,
            "gross_margin": 59.7,
            "gross_margin_4q_avg": 60.14,
            "net_income": 925120,
            "net_income_4q": null,
            "revenue": 3871985,
            "revenue_4q": null,
            "common_shares": 311,
            "book_valuer_per_share": 1.41,
            "book_valuer_per_share_4q_avg": 1.28,
            "equity": 19659608,
            "current_ratio": 1126.26,
            "debt_ratio": 8.24,
            "inventory_turnover_ratio": null,
            "account_receivable_turnover_ratio": 2.48,
            "reinvestment_rate": null,
            "research_to_sale_ratio": 13.74,
            "price_fair": 6.14,
            "eps_avg_yearly": 0.18,
            "eps_latest_yearly": 0.28,
            "eps_growth_yearly": 79.23
        },
        "20073": {
            "year_quarter": 20073,
            "year": 2007,
            "quarter": 3,
            "eps": 0.08,
            "eps_growth_year": 43.15,
            "eps_4q": 0.32,
            "eps_4q_growth_year": 59.17,
            "roe": 5.26,
            "roe_4q": 22.34,
            "gross_profit": 2568772,
            "gross_margin": 60.71,
            "gross_margin_4q_avg": 60.06,
            "net_income": 1069989,
            "net_income_4q": null,
            "revenue": 4231351,
            "revenue_4q": null,
            "common_shares": 312,
            "book_valuer_per_share": 1.46,
            "book_valuer_per_share_4q_avg": 1.36,
            "equity": 21036771,
            "current_ratio": 882.6,
            "debt_ratio": 9.87,
            "inventory_turnover_ratio": null,
            "account_receivable_turnover_ratio": 2.39,
            "reinvestment_rate": 55.84,
            "research_to_sale_ratio": 12.97,
            "price_fair": 6.5,
            "eps_avg_yearly": 0.19,
            "eps_latest_yearly": 0.32,
            "eps_growth_yearly": 77.65
        },
        "20074": {
            "year_quarter": 20074,
            "year": 2007,
            "quarter": 4,
            "eps": 0.09,
            "eps_growth_year": 15.4,
            "eps_4q": 0.33,
            "eps_4q_growth_year": 33.93,
            "roe": 5.52,
            "roe_4q": 21.3,
            "gross_profit": 2870855,
            "gross_margin": 59.48,
            "gross_margin_4q_avg": 59.94,
            "net_income": 1206449,
            "net_income_4q": null,
            "revenue": 4826679,
            "revenue_4q": null,
            "common_shares": 313,
            "book_valuer_per_share": 1.59,
            "book_valuer_per_share_4q_avg": 1.45,
            "equity": 22689679,
            "current_ratio": 849.34,
            "debt_ratio": 10.44,
            "inventory_turnover_ratio": null,
            "account_receivable_turnover_ratio": 2.3,
            "reinvestment_rate": 52.99,
            "research_to_sale_ratio": 13.07,
            "price_fair": 6.91,
            "eps_avg_yearly": 0.2,
            "eps_latest_yearly": 0.36,
            "eps_growth_yearly": 75.81
        },
        "20081": {
            "year_quarter": 20081,
            "year": 2008,
            "quarter": 1,
            "eps": 0.18,
            "eps_growth_year": 129.62,
            "eps_4q": 0.44,
            "eps_4q_growth_year": 56.08,
            "roe": 5.56,
            "roe_4q": 21.199999999999996,
            "gross_profit": 3075507,
            "gross_margin": 59.3,
            "gross_margin_4q_avg": 59.8,
            "net_income": 1307086,
            "net_income_4q": null,
            "revenue": 5186043,
            "revenue_4q": null,
            "common_shares": 314,
            "book_valuer_per_share": 1.46,
            "book_valuer_per_share_4q_avg": 1.48,
            "equity": 24337535,
            "current_ratio": 628.53,
            "debt_ratio": 11.84,
            "inventory_turnover_ratio": null,
            "account_receivable_turnover_ratio": 2.13,
            "reinvestment_rate": 52.73,
            "research_to_sale_ratio": 12.98,
            "price_fair": 8.05,
            "eps_avg_yearly": 0.23,
            "eps_latest_yearly": 0.72,
            "eps_growth_yearly": 96.07
        },
        "20082": {
            "year_quarter": 20082,
            "year": 2008,
            "quarter": 2,
            "eps": 0.1,
            "eps_growth_year": 33.76,
            "eps_4q": 0.46,
            "eps_4q_growth_year": 56.45,
            "roe": 4.96,
            "roe_4q": 21.299999999999997,
            "gross_profit": 3219637,
            "gross_margin": 59.99,
            "gross_margin_4q_avg": 59.87,
            "net_income": 1247391,
            "net_income_4q": null,
            "revenue": 5367212,
            "revenue_4q": null,
            "common_shares": 314,
            "book_valuer_per_share": 1.58,
            "book_valuer_per_share_4q_avg": 1.52,
            "equity": 25913015,
            "current_ratio": 695.66,
            "debt_ratio": 11.2,
            "inventory_turnover_ratio": null,
            "account_receivable_turnover_ratio": 2.06,
            "reinvestment_rate": 50.55,
            "research_to_sale_ratio": 12.71,
            "price_fair": 8.84,
            "eps_avg_yearly": 0.25,
            "eps_latest_yearly": 0.4,
            "eps_growth_yearly": 84.96
        },
        "20083": {
            "year_quarter": 20083,
            "year": 2008,
            "quarter": 3,
            "eps": 0.1,
            "eps_growth_year": 20.09,
            "eps_4q": 0.48,
            "eps_4q_growth_year": 49.29,
            "roe": 4.83,
            "roe_4q": 20.869999999999997,
            "gross_profit": 3368001,
            "gross_margin": 60.78,
            "gross_margin_4q_avg": 59.89,
            "net_income": 1289938,
            "net_income_4q": null,
            "revenue": 5541391,
            "revenue_4q": null,
            "common_shares": 315,
            "book_valuer_per_share": 1.72,
            "book_valuer_per_share_4q_avg": 1.59,
            "equity": 27474862,
            "current_ratio": 807.58,
            "debt_ratio": 10.82,
            "inventory_turnover_ratio": null,
            "account_receivable_turnover_ratio": 2.14,
            "reinvestment_rate": 46.39,
            "research_to_sale_ratio": 12.71,
            "price_fair": 9.54,
            "eps_avg_yearly": 0.27,
            "eps_latest_yearly": 0.4,
            "eps_growth_yearly": 59.96
        },
        "20084": {
            "year_quarter": 20084,
            "year": 2008,
            "quarter": 4,
            "eps": 0.07,
            "eps_growth_year": -26.51,
            "eps_4q": 0.45,
            "eps_4q_growth_year": 36.03,
            "roe": 1.37,
            "roe_4q": 16.72,
            "gross_profit": 3510899,
            "gross_margin": 61.58,
            "gross_margin_4q_avg": 60.41,
            "net_income": 382444,
            "net_income_4q": null,
            "revenue": 5700904,
            "revenue_4q": null,
            "common_shares": 315,
            "book_valuer_per_share": 1.78,
            "book_valuer_per_share_4q_avg": 1.64,
            "equity": 28238862,
            "current_ratio": 876.52,
            "debt_ratio": 11.11,
            "inventory_turnover_ratio": null,
            "account_receivable_turnover_ratio": 2.2,
            "reinvestment_rate": 37.34,
            "research_to_sale_ratio": 12.86,
            "price_fair": 9.98,
            "eps_avg_yearly": 0.29,
            "eps_latest_yearly": 0.28,
            "eps_growth_yearly": 52.46
        },
        "20091": {
            "year_quarter": 20091,
            "year": 2009,
            "quarter": 1,
            "eps": 0.11,
            "eps_growth_year": -38.63,
            "eps_4q": 0.38,
            "eps_4q_growth_year": -12.4,
            "roe": 4.9,
            "roe_4q": 16.060000000000002,
            "gross_profit": 3407486,
            "gross_margin": 61.85,
            "gross_margin_4q_avg": 61.05,
            "net_income": 1422828,
            "net_income_4q": null,
            "revenue": 5508990,
            "revenue_4q": null,
            "common_shares": 316,
            "book_valuer_per_share": 1.91,
            "book_valuer_per_share_4q_avg": 1.75,
            "equity": 29848095,
            "current_ratio": 1011.09,
            "debt_ratio": 10.94,
            "inventory_turnover_ratio": null,
            "account_receivable_turnover_ratio": 2.12,
            "reinvestment_rate": 33.13,
            "research_to_sale_ratio": 11.65,
            "price_fair": 10.68,
            "eps_avg_yearly": 0.31,
            "eps_latest_yearly": 0.44,
            "eps_growth_yearly": 54.25
        },
        "20092": {
            "year_quarter": 20092,
            "year": 2009,
            "quarter": 2,
            "eps": 0.12,
            "eps_growth_year": 18.82,
            "eps_4q": 0.4,
            "eps_4q_growth_year": -13.1,
            "roe": 4.83,
            "roe_4q": 15.930000000000001,
            "gross_profit": 3414926,
            "gross_margin": 61.83,
            "gross_margin_4q_avg": 61.51,
            "net_income": 1484545,
            "net_income_4q": null,
            "revenue": 5522897,
            "revenue_4q": null,
            "common_shares": 316,
            "book_valuer_per_share": 2.05,
            "book_valuer_per_share_4q_avg": 1.87,
            "equity": 31594856,
            "current_ratio": 1191.17,
            "debt_ratio": 10.14,
            "inventory_turnover_ratio": null,
            "account_receivable_turnover_ratio": 2.05,
            "reinvestment_rate": 28.33,
            "research_to_sale_ratio": 12.81,
            "price_fair": 11.46,
            "eps_avg_yearly": 0.33,
            "eps_latest_yearly": 0.48,
            "eps_growth_yearly": 56.52
        },
        "20093": {
            "year_quarter": 20093,
            "year": 2009,
            "quarter": 3,
            "eps": 0.13,
            "eps_growth_year": 26.28,
            "eps_4q": 0.43,
            "eps_4q_growth_year": -10.61,
            "roe": 5.02,
            "roe_4q": 16.12,
            "gross_profit": 3718611,
            "gross_margin": 62.55,
            "gross_margin_4q_avg": 61.95,
            "net_income": 1638975,
            "net_income_4q": null,
            "revenue": 5944851,
            "revenue_4q": null,
            "common_shares": 317,
            "book_valuer_per_share": 2.21,
            "book_valuer_per_share_4q_avg": 1.99,
            "equity": 33721753,
            "current_ratio": 1135.06,
            "debt_ratio": 10.56,
            "inventory_turnover_ratio": null,
            "account_receivable_turnover_ratio": 2.08,
            "reinvestment_rate": 24.67,
            "research_to_sale_ratio": 12.74,
            "price_fair": 12.34,
            "eps_avg_yearly": 0.35,
            "eps_latest_yearly": 0.52,
            "eps_growth_yearly": 58.6
        },
        "20094": {
            "year_quarter": 20094,
            "year": 2009,
            "quarter": 4,
            "eps": 0.15,
            "eps_growth_year": 119.72,
            "eps_4q": 0.51,
            "eps_4q_growth_year": 12.83,
            "roe": 5.66,
            "roe_4q": 20.41,
            "gross_profit": 4265425,
            "gross_margin": 63.91,
            "gross_margin_4q_avg": 62.54,
            "net_income": 1974100,
            "net_income_4q": null,
            "revenue": 6673825,
            "revenue_4q": null,
            "common_shares": 318,
            "book_valuer_per_share": 2.39,
            "book_valuer_per_share_4q_avg": 2.14,
            "equity": 36004224,
            "current_ratio": 1061.59,
            "debt_ratio": 11.09,
            "inventory_turnover_ratio": null,
            "account_receivable_turnover_ratio": 2.19,
            "reinvestment_rate": 20.88,
            "research_to_sale_ratio": 11.03,
            "price_fair": 13.39,
            "eps_avg_yearly": 0.38,
            "eps_latest_yearly": 0.6,
            "eps_growth_yearly": 62.45
        },
        "20101": {
            "year_quarter": 20101,
            "year": 2010,
            "quarter": 1,
            "eps": 0.15,
            "eps_growth_year": 35.11,
            "eps_4q": 0.55,
            "eps_4q_growth_year": 44.04,
            "roe": 5.26,
            "roe_4q": 20.77,
            "gross_profit": 4323000,
            "gross_margin": 63.81,
            "gross_margin_4q_avg": 63.03,
            "net_income": 1955000,
            "net_income_4q": null,
            "revenue": 6775000,
            "revenue_4q": null,
            "common_shares": 318,
            "book_valuer_per_share": 2.54,
            "book_valuer_per_share_4q_avg": 2.3,
            "equity": 38283000,
            "current_ratio": 1065.43,
            "debt_ratio": 10.7,
            "inventory_turnover_ratio": null,
            "account_receivable_turnover_ratio": 2.16,
            "reinvestment_rate": 10.87,
            "research_to_sale_ratio": 12.07,
            "price_fair": 14.26,
            "eps_avg_yearly": 0.41,
            "eps_latest_yearly": 0.6,
            "eps_growth_yearly": 45.78
        },
        "20102": {
            "year_quarter": 20102,
            "year": 2010,
            "quarter": 2,
            "eps": 0.14,
            "eps_growth_year": 22.43,
            "eps_4q": 0.58,
            "eps_4q_growth_year": 43.93,
            "roe": 4.66,
            "roe_4q": 20.6,
            "gross_profit": 4353000,
            "gross_margin": 63.83,
            "gross_margin_4q_avg": 63.53,
            "net_income": 1840000,
            "net_income_4q": null,
            "revenue": 6820000,
            "revenue_4q": null,
            "common_shares": 319,
            "book_valuer_per_share": 2.66,
            "book_valuer_per_share_4q_avg": 2.45,
            "equity": 40613000,
            "current_ratio": 611.81,
            "debt_ratio": 15.47,
            "inventory_turnover_ratio": null,
            "account_receivable_turnover_ratio": 2.04,
            "reinvestment_rate": 10.21,
            "research_to_sale_ratio": 13.17,
            "price_fair": 14.96,
            "eps_avg_yearly": 0.43,
            "eps_latest_yearly": 0.56,
            "eps_growth_yearly": 39.11
        },
        "20103": {
            "year_quarter": 20103,
            "year": 2010,
            "quarter": 3,
            "eps": 0.17,
            "eps_growth_year": 31.14,
            "eps_4q": 0.62,
            "eps_4q_growth_year": 44.28,
            "roe": 5.17,
            "roe_4q": 20.75,
            "gross_profit": 4734000,
            "gross_margin": 64.97,
            "gross_margin_4q_avg": 64.13,
            "net_income": 2167000,
            "net_income_4q": null,
            "revenue": 7286000,
            "revenue_4q": null,
            "common_shares": 319,
            "book_valuer_per_share": 2.83,
            "book_valuer_per_share_4q_avg": 2.61,
            "equity": 43290000,
            "current_ratio": 462.45,
            "debt_ratio": 18.84,
            "inventory_turnover_ratio": null,
            "account_receivable_turnover_ratio": 1.75,
            "reinvestment_rate": 11.68,
            "research_to_sale_ratio": 13.64,
            "price_fair": 15.93,
            "eps_avg_yearly": 0.46,
            "eps_latest_yearly": 0.68,
            "eps_growth_yearly": 44.47
        },
        "20104": {
            "year_quarter": 20104,
            "year": 2010,
            "quarter": 4,
            "eps": 0.2,
            "eps_growth_year": 27.48,
            "eps_4q": 0.66,
            "eps_4q_growth_year": 28.92,
            "roe": 5.68,
            "roe_4q": 20.77,
            "gross_profit": 5494000,
            "gross_margin": 65.09,
            "gross_margin_4q_avg": 64.43,
            "net_income": 2543000,
            "net_income_4q": null,
            "revenue": 8440000,
            "revenue_4q": null,
            "common_shares": 321,
            "book_valuer_per_share": 3.03,
            "book_valuer_per_share_4q_avg": 2.77,
            "equity": 46241000,
            "current_ratio": 415.79,
            "debt_ratio": 20.07,
            "inventory_turnover_ratio": null,
            "account_receivable_turnover_ratio": 1.74,
            "reinvestment_rate": 18.86,
            "research_to_sale_ratio": 12.45,
            "price_fair": 16.98,
            "eps_avg_yearly": 0.49,
            "eps_latest_yearly": 0.8,
            "eps_growth_yearly": 40.55
        },
        "20111": {
            "year_quarter": 20111,
            "year": 2011,
            "quarter": 1,
            "eps": 0.17,
            "eps_growth_year": 9.93,
            "eps_4q": 0.67,
            "eps_4q_growth_year": 22.42,
            "roe": 3.78,
            "roe_4q": 19.29,
            "gross_profit": 5639000,
            "gross_margin": 65.76,
            "gross_margin_4q_avg": 64.91,
            "net_income": 1798000,
            "net_income_4q": null,
            "revenue": 8575000,
            "revenue_4q": null,
            "common_shares": 322,
            "book_valuer_per_share": 3.22,
            "book_valuer_per_share_4q_avg": 2.94,
            "equity": 48851000,
            "current_ratio": 464.1,
            "debt_ratio": 18.53,
            "inventory_turnover_ratio": null,
            "account_receivable_turnover_ratio": 1.75,
            "reinvestment_rate": 19.2,
            "research_to_sale_ratio": 14.3,
            "price_fair": 17.76,
            "eps_avg_yearly": 0.51,
            "eps_latest_yearly": 0.68,
            "eps_growth_yearly": 36.8
        },
        "20112": {
            "year_quarter": 20112,
            "year": 2011,
            "quarter": 2,
            "eps": 0.19,
            "eps_growth_year": 34.66,
            "eps_4q": 0.72,
            "eps_4q_growth_year": 25.45,
            "roe": 4.97,
            "roe_4q": 19.6,
            "gross_profit": 5854000,
            "gross_margin": 64.86,
            "gross_margin_4q_avg": 65.17,
            "net_income": 2505000,
            "net_income_4q": null,
            "revenue": 9026000,
            "revenue_4q": null,
            "common_shares": 323,
            "book_valuer_per_share": 3.4,
            "book_valuer_per_share_4q_avg": 3.12,
            "equity": 51991000,
            "current_ratio": 595.56,
            "debt_ratio": 19.84,
            "inventory_turnover_ratio": null,
            "account_receivable_turnover_ratio": 1.69,
            "reinvestment_rate": 20.36,
            "research_to_sale_ratio": 13.67,
            "price_fair": 18.81,
            "eps_avg_yearly": 0.54,
            "eps_latest_yearly": 0.76,
            "eps_growth_yearly": 42.87
        },
        "20113": {
            "year_quarter": 20113,
            "year": 2011,
            "quarter": 3,
            "eps": 0.21,
            "eps_growth_year": 23.99,
            "eps_4q": 0.76,
            "eps_4q_growth_year": 23.87,
            "roe": 5.11,
            "roe_4q": 19.54,
            "gross_profit": 6342000,
            "gross_margin": 65.25,
            "gross_margin_4q_avg": 65.24,
            "net_income": 2729000,
            "net_income_4q": null,
            "revenue": 9720000,
            "revenue_4q": null,
            "common_shares": 324,
            "book_valuer_per_share": 3.58,
            "book_valuer_per_share_4q_avg": 3.31,
            "equity": 54830000,
            "current_ratio": 563.03,
            "debt_ratio": 20.64,
            "inventory_turnover_ratio": null,
            "account_receivable_turnover_ratio": 1.66,
            "reinvestment_rate": 18.17,
            "research_to_sale_ratio": 14.44,
            "price_fair": 19.95,
            "eps_avg_yearly": 0.57,
            "eps_latest_yearly": 0.84,
            "eps_growth_yearly": 41.93
        },
        "20114": {
            "year_quarter": 20114,
            "year": 2011,
            "quarter": 4,
            "eps": 0.21,
            "eps_growth_year": 5.25,
            "eps_4q": 0.77,
            "eps_4q_growth_year": 17.5,
            "roe": 4.79,
            "roe_4q": 18.650000000000002,
            "gross_profit": 6882000,
            "gross_margin": 65.02,
            "gross_margin_4q_avg": 65.22,
            "net_income": 2705000,
            "net_income_4q": null,
            "revenue": 10584000,
            "revenue_4q": null,
            "common_shares": 325,
            "book_valuer_per_share": 3.79,
            "book_valuer_per_share_4q_avg": 3.5,
            "equity": 58145000,
            "current_ratio": 591.92,
            "debt_ratio": 19.88,
            "inventory_turnover_ratio": null,
            "account_receivable_turnover_ratio": 1.76,
            "reinvestment_rate": 15.85,
            "research_to_sale_ratio": 12.26,
            "price_fair": 21,
            "eps_avg_yearly": 0.6,
            "eps_latest_yearly": 0.84,
            "eps_growth_yearly": 38.8
        },
        "20121": {
            "year_quarter": 20121,
            "year": 2012,
            "quarter": 1,
            "eps": 0.22,
            "eps_growth_year": 31.41,
            "eps_4q": 0.82,
            "eps_4q_growth_year": 22.65,
            "roe": 4.82,
            "roe_4q": 19.689999999999998,
            "gross_profit": 6856000,
            "gross_margin": 64.41,
            "gross_margin_4q_avg": 64.89,
            "net_income": 2890000,
            "net_income_4q": null,
            "revenue": 10645000,
            "revenue_4q": null,
            "common_shares": 326,
            "book_valuer_per_share": 4.05,
            "book_valuer_per_share_4q_avg": 3.71,
            "equity": 61712000,
            "current_ratio": 583.65,
            "debt_ratio": 20,
            "inventory_turnover_ratio": null,
            "account_receivable_turnover_ratio": 1.79,
            "reinvestment_rate": 14.88,
            "research_to_sale_ratio": 13.54,
            "price_fair": 15.25,
            "eps_avg_yearly": 0.61,
            "eps_latest_yearly": 0.88,
            "eps_growth_yearly": 14.99
        },
        "20122": {
            "year_quarter": 20122,
            "year": 2012,
            "quarter": 2,
            "eps": 0.21,
            "eps_growth_year": 11.47,
            "eps_4q": 0.85,
            "eps_4q_growth_year": 17.3,
            "roe": 4.48,
            "roe_4q": 19.2,
            "gross_profit": 7130000,
            "gross_margin": 60.39,
            "gross_margin_4q_avg": 63.77,
            "net_income": 2833000,
            "net_income_4q": null,
            "revenue": 11807000,
            "revenue_4q": null,
            "common_shares": 327,
            "book_valuer_per_share": 3.57,
            "book_valuer_per_share_4q_avg": 3.75,
            "equity": 64721000,
            "current_ratio": 383.93,
            "debt_ratio": 24.79,
            "inventory_turnover_ratio": null,
            "account_receivable_turnover_ratio": 1.81,
            "reinvestment_rate": 17.52,
            "research_to_sale_ratio": 13.03,
            "price_fair": 22.29,
            "eps_avg_yearly": 0.64,
            "eps_latest_yearly": 0.84,
            "eps_growth_yearly": 24.97
        },
        "20123": {
            "year_quarter": 20123,
            "year": 2012,
            "quarter": 3,
            "eps": 0.16,
            "eps_growth_year": -22.32,
            "eps_4q": 0.8,
            "eps_4q_growth_year": 5,
            "roe": 3.25,
            "roe_4q": 17.34,
            "gross_profit": 7349000,
            "gross_margin": 55.24,
            "gross_margin_4q_avg": 61.27,
            "net_income": 2158000,
            "net_income_4q": null,
            "revenue": 13304000,
            "revenue_4q": null,
            "common_shares": 329,
            "book_valuer_per_share": 3.79,
            "book_valuer_per_share_4q_avg": 3.8,
            "equity": 68028000,
            "current_ratio": 393.66,
            "debt_ratio": 24.19,
            "inventory_turnover_ratio": 9.51,
            "account_receivable_turnover_ratio": 1.76,
            "reinvestment_rate": 21.63,
            "research_to_sale_ratio": 14.12,
            "price_fair": 18.93,
            "eps_avg_yearly": 0.65,
            "eps_latest_yearly": 0.64,
            "eps_growth_yearly": 19.01
        },
        "20124": {
            "year_quarter": 20124,
            "year": 2012,
            "quarter": 4,
            "eps": 0.24,
            "eps_growth_year": 14.37,
            "eps_4q": 0.83,
            "eps_4q_growth_year": 7.43,
            "roe": 4.16,
            "roe_4q": 16.71,
            "gross_profit": 8206000,
            "gross_margin": 56.91,
            "gross_margin_4q_avg": 59.24,
            "net_income": 2907000,
            "net_income_4q": null,
            "revenue": 14419000,
            "revenue_4q": null,
            "common_shares": 330,
            "book_valuer_per_share": 4.07,
            "book_valuer_per_share_4q_avg": 3.87,
            "equity": 71715000,
            "current_ratio": 421.66,
            "debt_ratio": 23.54,
            "inventory_turnover_ratio": 11.07,
            "account_receivable_turnover_ratio": 1.76,
            "reinvestment_rate": 22.78,
            "research_to_sale_ratio": 13.42,
            "price_fair": 24.33,
            "eps_avg_yearly": 0.7,
            "eps_latest_yearly": 0.96,
            "eps_growth_yearly": 39.01
        },
        "20131": {
            "year_quarter": 20131,
            "year": 2013,
            "quarter": 1,
            "eps": 0.26,
            "eps_growth_year": 19.71,
            "eps_4q": 0.87,
            "eps_4q_growth_year": 5.84,
            "roe": 4.79,
            "roe_4q": 16.68,
            "gross_profit": 7815000,
            "gross_margin": 60.34,
            "gross_margin_4q_avg": 58.22,
            "net_income": 3528000,
            "net_income_4q": null,
            "revenue": 12951000,
            "revenue_4q": null,
            "common_shares": 330,
            "book_valuer_per_share": 4.35,
            "book_valuer_per_share_4q_avg": 3.95,
            "equity": 75473000,
            "current_ratio": 473.95,
            "debt_ratio": 21.94,
            "inventory_turnover_ratio": 8.91,
            "account_receivable_turnover_ratio": 1.5,
            "reinvestment_rate": 23.02,
            "research_to_sale_ratio": 12.49,
            "price_fair": 25.64,
            "eps_avg_yearly": 0.73,
            "eps_latest_yearly": 1.04,
            "eps_growth_yearly": 26.81
        },
        "20132": {
            "year_quarter": 20132,
            "year": 2013,
            "quarter": 2,
            "eps": 0.2,
            "eps_growth_year": -4.27,
            "eps_4q": 0.86,
            "eps_4q_growth_year": 2.01,
            "roe": 3.6,
            "roe_4q": 15.8,
            "gross_profit": 7912000,
            "gross_margin": 60.36,
            "gross_margin_4q_avg": 58.21,
            "net_income": 2774000,
            "net_income_4q": null,
            "revenue": 13107000,
            "revenue_4q": null,
            "common_shares": 330,
            "book_valuer_per_share": 4.57,
            "book_valuer_per_share_4q_avg": 4.2,
            "equity": 78852000,
            "current_ratio": 436.17,
            "debt_ratio": 22.07,
            "inventory_turnover_ratio": 10.49,
            "account_receivable_turnover_ratio": 1.56,
            "reinvestment_rate": 24.26,
            "research_to_sale_ratio": 13.47,
            "price_fair": 21.65,
            "eps_avg_yearly": 0.75,
            "eps_latest_yearly": 0.8,
            "eps_growth_yearly": 18.77
        },
        "20133": {
            "year_quarter": 20133,
            "year": 2013,
            "quarter": 3,
            "eps": 0.23,
            "eps_growth_year": 44.01,
            "eps_4q": 0.94,
            "eps_4q_growth_year": 16.84,
            "roe": 3.91,
            "roe_4q": 16.46,
            "gross_profit": 8345000,
            "gross_margin": 60.67,
            "gross_margin_4q_avg": 59.57,
            "net_income": 3163000,
            "net_income_4q": null,
            "revenue": 13754000,
            "revenue_4q": null,
            "common_shares": 330,
            "book_valuer_per_share": 4.89,
            "book_valuer_per_share_4q_avg": 4.47,
            "equity": 82989000,
            "current_ratio": 475.7,
            "debt_ratio": 21.01,
            "inventory_turnover_ratio": 18.75,
            "account_receivable_turnover_ratio": 1.64,
            "reinvestment_rate": 29,
            "research_to_sale_ratio": 13.24,
            "price_fair": 23.66,
            "eps_avg_yearly": 0.78,
            "eps_latest_yearly": 0.92,
            "eps_growth_yearly": 20.44
        },
        "20134": {
            "year_quarter": 20134,
            "year": 2013,
            "quarter": 4,
            "eps": 0.2,
            "eps_growth_year": -13.45,
            "eps_4q": 0.9,
            "eps_4q_growth_year": 8.87,
            "roe": 4.34,
            "roe_4q": 16.64,
            "gross_profit": 9454000,
            "gross_margin": 60.19,
            "gross_margin_4q_avg": 60.39,
            "net_income": 3695000,
            "net_income_4q": null,
            "revenue": 15707000,
            "revenue_4q": null,
            "common_shares": 672,
            "book_valuer_per_share": 5.19,
            "book_valuer_per_share_4q_avg": 4.75,
            "equity": 87309000,
            "current_ratio": 458.17,
            "debt_ratio": 21.29,
            "inventory_turnover_ratio": null,
            "account_receivable_turnover_ratio": 1.75,
            "reinvestment_rate": 32.17,
            "research_to_sale_ratio": 12.31,
            "price_fair": 18.43,
            "eps_avg_yearly": 0.79,
            "eps_latest_yearly": 0.8,
            "eps_growth_yearly": 13.33
        },
        "20141": {
            "year_quarter": 20141,
            "year": 2014,
            "quarter": 1,
            "eps": 0.26,
            "eps_growth_year": -0.72,
            "eps_4q": 0.9,
            "eps_4q_growth_year": 3.28,
            "roe": 3.99,
            "roe_4q": 15.84,
            "gross_profit": 9459000,
            "gross_margin": 61.34,
            "gross_margin_4q_avg": 60.64,
            "net_income": 3569000,
            "net_income_4q": null,
            "revenue": 15420000,
            "revenue_4q": null,
            "common_shares": 674,
            "book_valuer_per_share": 5.35,
            "book_valuer_per_share_4q_avg": 5,
            "equity": 91711000,
            "current_ratio": 462.9,
            "debt_ratio": 21.3,
            "inventory_turnover_ratio": null,
            "account_receivable_turnover_ratio": 1.73,
            "reinvestment_rate": 33.57,
            "research_to_sale_ratio": 13.79,
            "price_fair": 25.2,
            "eps_avg_yearly": 0.82,
            "eps_latest_yearly": 1.04,
            "eps_growth_yearly": 20.83
        },
        "20142": {
            "year_quarter": 20142,
            "year": 2014,
            "quarter": 2,
            "eps": 0.25,
            "eps_growth_year": 21.52,
            "eps_4q": 0.95,
            "eps_4q_growth_year": 9.47,
            "roe": 3.65,
            "roe_4q": 15.89,
            "gross_profit": 9841000,
            "gross_margin": 61.68,
            "gross_margin_4q_avg": 60.97,
            "net_income": 3419000,
            "net_income_4q": null,
            "revenue": 15955000,
            "revenue_4q": null,
            "common_shares": 676,
            "book_valuer_per_share": 5.61,
            "book_valuer_per_share_4q_avg": 5.26,
            "equity": 95749000,
            "current_ratio": 455.66,
            "debt_ratio": 21.26,
            "inventory_turnover_ratio": 19.41,
            "account_receivable_turnover_ratio": 1.78,
            "reinvestment_rate": 35.06,
            "research_to_sale_ratio": 14.03,
            "price_fair": 26.65,
            "eps_avg_yearly": 0.85,
            "eps_latest_yearly": 1,
            "eps_growth_yearly": 21.54
        },
        "20143": {
            "year_quarter": 20143,
            "year": 2014,
            "quarter": 3,
            "eps": 0.21,
            "eps_growth_year": -8.87,
            "eps_4q": 0.93,
            "eps_4q_growth_year": -1.08,
            "roe": 3.01,
            "roe_4q": 14.99,
            "gross_profit": 9828000,
            "gross_margin": 59.48,
            "gross_margin_4q_avg": 60.67,
            "net_income": 2924000,
            "net_income_4q": null,
            "revenue": 16523000,
            "revenue_4q": null,
            "common_shares": 678,
            "book_valuer_per_share": 5.79,
            "book_valuer_per_share_4q_avg": 5.49,
            "equity": 98815000,
            "current_ratio": 447.07,
            "debt_ratio": 21.44,
            "inventory_turnover_ratio": 23.41,
            "account_receivable_turnover_ratio": 1.69,
            "reinvestment_rate": 32.88,
            "research_to_sale_ratio": 16.07,
            "price_fair": 18.96,
            "eps_avg_yearly": 0.86,
            "eps_latest_yearly": 0.84,
            "eps_growth_yearly": 12.18
        },
        "20144": {
            "year_quarter": 20144,
            "year": 2014,
            "quarter": 4,
            "eps": 0.27,
            "eps_growth_year": 32.34,
            "eps_4q": 0.99,
            "eps_4q_growth_year": 9.67,
            "roe": 3.66,
            "roe_4q": 14.31,
            "gross_profit": 11182000,
            "gross_margin": 61.77,
            "gross_margin_4q_avg": 61.07,
            "net_income": 3708000,
            "net_income_4q": null,
            "revenue": 18103000,
            "revenue_4q": null,
            "common_shares": 680,
            "book_valuer_per_share": 6.15,
            "book_valuer_per_share_4q_avg": 5.73,
            "equity": 103860000,
            "current_ratio": 468.78,
            "debt_ratio": 19.6,
            "inventory_turnover_ratio": null,
            "account_receivable_turnover_ratio": 1.74,
            "reinvestment_rate": 38.15,
            "research_to_sale_ratio": 15.54,
            "price_fair": 21.73,
            "eps_avg_yearly": 0.87,
            "eps_latest_yearly": 1.08,
            "eps_growth_yearly": 14.91
        },
        "20151": {
            "year_quarter": 20151,
            "year": 2015,
            "quarter": 1,
            "eps": 0.25,
            "eps_growth_year": -2,
            "eps_4q": 0.99,
            "eps_4q_growth_year": 9.32,
            "roe": 3.31,
            "roe_4q": 13.63,
            "gross_profit": 10902000,
            "gross_margin": 63.17,
            "gross_margin_4q_avg": 61.53,
            "net_income": 3515000,
            "net_income_4q": null,
            "revenue": 17258000,
            "revenue_4q": null,
            "common_shares": 682,
            "book_valuer_per_share": 6.48,
            "book_valuer_per_share_4q_avg": 6.01,
            "equity": 108448000,
            "current_ratio": 560.22,
            "debt_ratio": 18.7,
            "inventory_turnover_ratio": null,
            "account_receivable_turnover_ratio": 1.63,
            "reinvestment_rate": 40.07,
            "research_to_sale_ratio": 15.95,
            "price_fair": 23.93,
            "eps_avg_yearly": 0.89,
            "eps_latest_yearly": 1,
            "eps_growth_yearly": 16.81
        },
        "20152": {
            "year_quarter": 20152,
            "year": 2015,
            "quarter": 2,
            "eps": 0.25,
            "eps_growth_year": -0.94,
            "eps_4q": 0.98,
            "eps_4q_growth_year": 3.97,
            "roe": 3.57,
            "roe_4q": 13.549999999999999,
            "gross_profit": 11144000,
            "gross_margin": 62.86,
            "gross_margin_4q_avg": 61.82,
            "net_income": 3931000,
            "net_income_4q": null,
            "revenue": 17727000,
            "revenue_4q": null,
            "common_shares": 686,
            "book_valuer_per_share": 6.71,
            "book_valuer_per_share_4q_avg": 6.28,
            "equity": 111783000,
            "current_ratio": 484.76,
            "debt_ratio": 19.47,
            "inventory_turnover_ratio": null,
            "account_receivable_turnover_ratio": 1.74,
            "reinvestment_rate": 42.27,
            "research_to_sale_ratio": 15.73,
            "price_fair": 21.66,
            "eps_avg_yearly": 0.91,
            "eps_latest_yearly": 1,
            "eps_growth_yearly": 13.87
        },
        "20153": {
            "year_quarter": 20153,
            "year": 2015,
            "quarter": 3,
            "eps": 0.29,
            "eps_growth_year": 34.89,
            "eps_4q": 1.06,
            "eps_4q_growth_year": 14.31,
            "roe": 3.49,
            "roe_4q": 14.030000000000001,
            "gross_profit": 11638000,
            "gross_margin": 62.32,
            "gross_margin_4q_avg": 62.53,
            "net_income": 3979000,
            "net_income_4q": null,
            "revenue": 18675000,
            "revenue_4q": null,
            "common_shares": 688,
            "book_valuer_per_share": 7.02,
            "book_valuer_per_share_4q_avg": 6.59,
            "equity": 116241000,
            "current_ratio": 477.34,
            "debt_ratio": 19.43,
            "inventory_turnover_ratio": null,
            "account_receivable_turnover_ratio": 1.83,
            "reinvestment_rate": 44.02,
            "research_to_sale_ratio": 17.3,
            "price_fair": 23.4,
            "eps_avg_yearly": 0.93,
            "eps_latest_yearly": 1.16,
            "eps_growth_yearly": 15.23
        },
        "20154": {
            "year_quarter": 20154,
            "year": 2015,
            "quarter": 4,
            "eps": 0.35,
            "eps_growth_year": 31.14,
            "eps_4q": 1.14,
            "eps_4q_growth_year": 15.18,
            "roe": 4.16,
            "roe_4q": 14.530000000000001,
            "gross_profit": 13141000,
            "gross_margin": 61.61,
            "gross_margin_4q_avg": 62.49,
            "net_income": 4923000,
            "net_income_4q": null,
            "revenue": 21329000,
            "revenue_4q": null,
            "common_shares": 687,
            "book_valuer_per_share": 7.32,
            "book_valuer_per_share_4q_avg": 6.88,
            "equity": 120331000,
            "current_ratio": 466.67,
            "debt_ratio": 18.4,
            "inventory_turnover_ratio": null,
            "account_receivable_turnover_ratio": 1.75,
            "reinvestment_rate": 43.48,
            "research_to_sale_ratio": 16.46,
            "price_fair": 29.27,
            "eps_avg_yearly": 0.96,
            "eps_latest_yearly": 1.4,
            "eps_growth_yearly": 20.41
        },
        "20161": {
            "year_quarter": 20161,
            "year": 2016,
            "quarter": 1,
            "eps": 0.3,
            "eps_growth_year": 18.01,
            "eps_4q": 1.19,
            "eps_4q_growth_year": 20.44,
            "roe": 3.45,
            "roe_4q": 14.670000000000002,
            "gross_profit": 12609000,
            "gross_margin": 62.25,
            "gross_margin_4q_avg": 62.26,
            "net_income": 4207000,
            "net_income_4q": null,
            "revenue": 20257000,
            "revenue_4q": null,
            "common_shares": 687,
            "book_valuer_per_share": 7.57,
            "book_valuer_per_share_4q_avg": 7.16,
            "equity": 123569001,
            "current_ratio": 514.33,
            "debt_ratio": 17.48,
            "inventory_turnover_ratio": null,
            "account_receivable_turnover_ratio": 1.51,
            "reinvestment_rate": 43.07,
            "research_to_sale_ratio": 16.62,
            "price_fair": 25.2,
            "eps_avg_yearly": 0.98,
            "eps_latest_yearly": 1.2,
            "eps_growth_yearly": 15.64
        },
        "20162": {
            "year_quarter": 20162,
            "year": 2016,
            "quarter": 2,
            "eps": 0.35,
            "eps_growth_year": 41.83,
            "eps_4q": 1.29,
            "eps_4q_growth_year": 31.23,
            "roe": 3.88,
            "roe_4q": 14.98,
            "gross_profit": 13370000,
            "gross_margin": 62.19,
            "gross_margin_4q_avg": 62.09,
            "net_income": 4877000,
            "net_income_4q": null,
            "revenue": 21500000,
            "revenue_4q": null,
            "common_shares": 687,
            "book_valuer_per_share": 7.91,
            "book_valuer_per_share_4q_avg": 7.46,
            "equity": 127879000,
            "current_ratio": 543.44,
            "debt_ratio": 17.12,
            "inventory_turnover_ratio": null,
            "account_receivable_turnover_ratio": 1.67,
            "reinvestment_rate": 43.24,
            "research_to_sale_ratio": 15.64,
            "price_fair": 31.49,
            "eps_avg_yearly": 1.02,
            "eps_latest_yearly": 1.4,
            "eps_growth_yearly": 20.95
        },
        "20163": {
            "year_quarter": 20163,
            "year": 2016,
            "quarter": 3,
            "eps": 0.36,
            "eps_growth_year": 26.44,
            "eps_4q": 1.37,
            "eps_4q_growth_year": 29.2,
            "roe": 3.86,
            "roe_4q": 15.350000000000001,
            "gross_profit": 13752000,
            "gross_margin": 61.25,
            "gross_margin_4q_avg": 61.83,
            "net_income": 5061000,
            "net_income_4q": null,
            "revenue": 22451000,
            "revenue_4q": null,
            "common_shares": 689,
            "book_valuer_per_share": 8.32,
            "book_valuer_per_share_4q_avg": 7.78,
            "equity": 134103000,
            "current_ratio": 688.03,
            "debt_ratio": 16.16,
            "inventory_turnover_ratio": null,
            "account_receivable_turnover_ratio": 1.78,
            "reinvestment_rate": 41.77,
            "research_to_sale_ratio": 16.02,
            "price_fair": 37.36,
            "eps_avg_yearly": 1.07,
            "eps_latest_yearly": 1.44,
            "eps_growth_yearly": 27.61
        },
        "20164": {
            "year_quarter": 20164,
            "year": 2016,
            "quarter": 4,
            "eps": 0.39,
            "eps_growth_year": 9.21,
            "eps_4q": 1.4,
            "eps_4q_growth_year": 22.55,
            "roe": 3.9,
            "roe_4q": 15.09,
            "gross_profit": 15403000,
            "gross_margin": 59.1,
            "gross_margin_4q_avg": 61.2,
            "net_income": 5333000,
            "net_income_4q": null,
            "revenue": 26064000,
            "revenue_4q": null,
            "common_shares": 691,
            "book_valuer_per_share": 8.63,
            "book_valuer_per_share_4q_avg": 8.11,
            "equity": 139036000,
            "current_ratio": 629.08,
            "debt_ratio": 16.99,
            "inventory_turnover_ratio": 25.78,
            "account_receivable_turnover_ratio": 1.96,
            "reinvestment_rate": 42.08,
            "research_to_sale_ratio": 13.9,
            "price_fair": 30.05,
            "eps_avg_yearly": 1.11,
            "eps_latest_yearly": 1.56,
            "eps_growth_yearly": 17.2
        },
        "20171": {
            "year_quarter": 20171,
            "year": 2017,
            "quarter": 1,
            "eps": 0.39,
            "eps_growth_year": 28.47,
            "eps_4q": 1.48,
            "eps_4q_growth_year": 25.03,
            "roe": 3.82,
            "roe_4q": 15.46,
            "gross_profit": 14955000,
            "gross_margin": 60.42,
            "gross_margin_4q_avg": 60.74,
            "net_income": 5426000,
            "net_income_4q": null,
            "revenue": 24750000,
            "revenue_4q": null,
            "common_shares": 692,
            "book_valuer_per_share": 9.05,
            "book_valuer_per_share_4q_avg": 8.48,
            "equity": 144949000,
            "current_ratio": 713.12,
            "debt_ratio": 16.1,
            "inventory_turnover_ratio": 35.75,
            "account_receivable_turnover_ratio": 1.82,
            "reinvestment_rate": 42.77,
            "research_to_sale_ratio": 15.93,
            "price_fair": 28.57,
            "eps_avg_yearly": 1.14,
            "eps_latest_yearly": 1.56,
            "eps_growth_yearly": 15.11
        },
        "20172": {
            "year_quarter": 20172,
            "year": 2017,
            "quarter": 2,
            "eps": 0.41,
            "eps_growth_year": 16.31,
            "eps_4q": 1.54,
            "eps_4q_growth_year": 19.45,
            "roe": 2.4,
            "roe_4q": 13.979999999999999,
            "gross_profit": 15637000,
            "gross_margin": 60.12,
            "gross_margin_4q_avg": 60.22,
            "net_income": 3524000,
            "net_income_4q": null,
            "revenue": 26010000,
            "revenue_4q": null,
            "common_shares": 693,
            "book_valuer_per_share": 9.29,
            "book_valuer_per_share_4q_avg": 8.82,
            "equity": 148286000,
            "current_ratio": 601.48,
            "debt_ratio": 16.98,
            "inventory_turnover_ratio": 30.6,
            "account_receivable_turnover_ratio": 1.87,
            "reinvestment_rate": 42.31,
            "research_to_sale_ratio": 16.04,
            "price_fair": 38.28,
            "eps_avg_yearly": 1.19,
            "eps_latest_yearly": 1.64,
            "eps_growth_yearly": 22.17
        },
        "20173": {
            "year_quarter": 20173,
            "year": 2017,
            "quarter": 3,
            "eps": 0.48,
            "eps_growth_year": 32.02,
            "eps_4q": 1.66,
            "eps_4q_growth_year": 21.32,
            "roe": 4.41,
            "roe_4q": 14.530000000000001,
            "gross_profit": 16624000,
            "gross_margin": 59.86,
            "gross_margin_4q_avg": 59.88,
            "net_income": 6732000,
            "net_income_4q": null,
            "revenue": 27772000,
            "revenue_4q": null,
            "common_shares": 695,
            "book_valuer_per_share": 9.89,
            "book_valuer_per_share_4q_avg": 9.22,
            "equity": 157099999,
            "current_ratio": 576.74,
            "debt_ratio": 17.11,
            "inventory_turnover_ratio": 19.17,
            "account_receivable_turnover_ratio": 1.82,
            "reinvestment_rate": 41.98,
            "research_to_sale_ratio": 15.14,
            "price_fair": 40.94,
            "eps_avg_yearly": 1.25,
            "eps_latest_yearly": 1.92,
            "eps_growth_yearly": 22.68
        },
        "20174": {
            "year_quarter": 20174,
            "year": 2017,
            "quarter": 4,
            "eps": 0.49,
            "eps_growth_year": 27,
            "eps_4q": 1.76,
            "eps_4q_growth_year": 25.94,
            "roe": 4.4,
            "roe_4q": 15.030000000000001,
            "gross_profit": 18056000,
            "gross_margin": 55.86,
            "gross_margin_4q_avg": 59.07,
            "net_income": 6804000,
            "net_income_4q": null,
            "revenue": 32323000,
            "revenue_4q": null,
            "common_shares": 695,
            "book_valuer_per_share": 9.58,
            "book_valuer_per_share_4q_avg": 9.45,
            "equity": 152501999,
            "current_ratio": 514.03,
            "debt_ratio": 22.7,
            "inventory_turnover_ratio": 18.85,
            "account_receivable_turnover_ratio": 1.89,
            "reinvestment_rate": 41.98,
            "research_to_sale_ratio": 13.32,
            "price_fair": 46.38,
            "eps_avg_yearly": 1.33,
            "eps_latest_yearly": 1.96,
            "eps_growth_yearly": 26.47
        },
        "20181": {
            "year_quarter": 20181,
            "year": 2018,
            "quarter": 1,
            "eps": 0.67,
            "eps_growth_year": 72.5,
            "eps_4q": 2.04,
            "eps_4q_growth_year": 37.55,
            "roe": 6,
            "roe_4q": 17.21,
            "gross_profit": 17679000,
            "gross_margin": 56.76,
            "gross_margin_4q_avg": 58.15,
            "net_income": 9401000,
            "net_income_4q": null,
            "revenue": 31146000,
            "revenue_4q": null,
            "common_shares": 695,
            "book_valuer_per_share": 10.08,
            "book_valuer_per_share_4q_avg": 9.71,
            "equity": 160825000,
            "current_ratio": 487.36,
            "debt_ratio": 22.28,
            "inventory_turnover_ratio": 19.45,
            "account_receivable_turnover_ratio": 1.75,
            "reinvestment_rate": 48.76,
            "research_to_sale_ratio": 16.18,
            "price_fair": 49.96,
            "eps_avg_yearly": 1.43,
            "eps_latest_yearly": 2.68,
            "eps_growth_yearly": 28.15
        },
        "20182": {
            "year_quarter": 20182,
            "year": 2018,
            "quarter": 2,
            "eps": 0.5,
            "eps_growth_year": 22.95,
            "eps_4q": 2.14,
            "eps_4q_growth_year": 38.52,
            "roe": 1.98,
            "roe_4q": 16.79,
            "gross_profit": 18774000,
            "gross_margin": 57.49,
            "gross_margin_4q_avg": 57.49,
            "net_income": 3195000,
            "net_income_4q": null,
            "revenue": 32657000,
            "revenue_4q": null,
            "common_shares": 696,
            "book_valuer_per_share": 10.16,
            "book_valuer_per_share_4q_avg": 9.93,
            "equity": 162000000,
            "current_ratio": 415.2,
            "debt_ratio": 23.44,
            "inventory_turnover_ratio": 20.81,
            "account_receivable_turnover_ratio": 1.92,
            "reinvestment_rate": 51.21,
            "research_to_sale_ratio": 15.66,
            "price_fair": 48.82,
            "eps_avg_yearly": 1.49,
            "eps_latest_yearly": 2,
            "eps_growth_yearly": 22.77
        },
        "20183": {
            "year_quarter": 20183,
            "year": 2018,
            "quarter": 3,
            "eps": 0.65,
            "eps_growth_year": 36.51,
            "eps_4q": 2.31,
            "eps_4q_growth_year": 39.36,
            "roe": 5.54,
            "roe_4q": 17.92,
            "gross_profit": 19459000,
            "gross_margin": 57.67,
            "gross_margin_4q_avg": 56.95,
            "net_income": 9192000,
            "net_income_4q": null,
            "revenue": 33740000,
            "revenue_4q": null,
            "common_shares": 696,
            "book_valuer_per_share": 10.74,
            "book_valuer_per_share_4q_avg": 10.14,
            "equity": 169840000,
            "current_ratio": 414.37,
            "debt_ratio": 23.34,
            "inventory_turnover_ratio": 14.95,
            "account_receivable_turnover_ratio": 1.91,
            "reinvestment_rate": 48.93,
            "research_to_sale_ratio": 15.51,
            "price_fair": 56,
            "eps_avg_yearly": 1.6,
            "eps_latest_yearly": 2.6,
            "eps_growth_yearly": 34.27
        },
        "20184": {
            "year_quarter": 20184,
            "year": 2018,
            "quarter": 4,
            "eps": 0.64,
            "eps_growth_year": 30.33,
            "eps_4q": 2.46,
            "eps_4q_growth_year": 39.56,
            "roe": 5.15,
            "roe_4q": 18.67,
            "gross_profit": 21358000,
            "gross_margin": 54.38,
            "gross_margin_4q_avg": 56.58,
            "net_income": 8948000,
            "net_income_4q": null,
            "revenue": 39276000,
            "revenue_4q": null,
            "common_shares": 696,
            "book_valuer_per_share": 11.32,
            "book_valuer_per_share_4q_avg": 10.58,
            "equity": 177628000,
            "current_ratio": 391.9,
            "debt_ratio": 23.7,
            "inventory_turnover_ratio": 15.45,
            "account_receivable_turnover_ratio": 2,
            "reinvestment_rate": 49.46,
            "research_to_sale_ratio": 15.36,
            "price_fair": 59.24,
            "eps_avg_yearly": 1.69,
            "eps_latest_yearly": 2.56,
            "eps_growth_yearly": 26.74
        },
        "20191": {
            "year_quarter": 20191,
            "year": 2019,
            "quarter": 1,
            "eps": 0.57,
            "eps_growth_year": -13.92,
            "eps_4q": 2.37,
            "eps_4q_growth_year": 15.86,
            "roe": 3.69,
            "roe_4q": 16.36,
            "gross_profit": 20327000,
            "gross_margin": 55.94,
            "gross_margin_4q_avg": 56.37,
            "net_income": 6657000,
            "net_income_4q": null,
            "revenue": 36339000,
            "revenue_4q": null,
            "common_shares": 695,
            "book_valuer_per_share": 11.76,
            "book_valuer_per_share_4q_avg": 11,
            "equity": 183472000,
            "current_ratio": 395.9,
            "debt_ratio": 25.22,
            "inventory_turnover_ratio": 14.83,
            "account_receivable_turnover_ratio": 1.8,
            "reinvestment_rate": 56.86,
            "research_to_sale_ratio": 16.59,
            "price_fair": 62.04,
            "eps_avg_yearly": 1.77,
            "eps_latest_yearly": 2.28,
            "eps_growth_yearly": 25.86
        },
        "20192": {
            "year_quarter": 20192,
            "year": 2019,
            "quarter": 2,
            "eps": 0.71,
            "eps_growth_year": 41.98,
            "eps_4q": 2.58,
            "eps_4q_growth_year": 20.63,
            "roe": 5.3,
            "roe_4q": 19.68,
            "gross_profit": 21648000,
            "gross_margin": 55.59,
            "gross_margin_4q_avg": 55.9,
            "net_income": 9947000,
            "net_income_4q": null,
            "revenue": 38944000,
            "revenue_4q": null,
            "common_shares": 696,
            "book_valuer_per_share": 12.41,
            "book_valuer_per_share_4q_avg": 11.56,
            "equity": 192192000,
            "current_ratio": 398.48,
            "debt_ratio": 25.25,
            "inventory_turnover_ratio": 17.15,
            "account_receivable_turnover_ratio": 1.92,
            "reinvestment_rate": 54.54,
            "research_to_sale_ratio": 15.95,
            "price_fair": 66.06,
            "eps_avg_yearly": 1.89,
            "eps_latest_yearly": 2.84,
            "eps_growth_yearly": 32
        },
        "20193": {
            "year_quarter": 20193,
            "year": 2019,
            "quarter": 3,
            "eps": 0.51,
            "eps_growth_year": -22.48,
            "eps_4q": 2.43,
            "eps_4q_growth_year": 5.15,
            "roe": 3.65,
            "roe_4q": 17.79,
            "gross_profit": 22931000,
            "gross_margin": 56.62,
            "gross_margin_4q_avg": 55.63,
            "net_income": 7068000,
            "net_income_4q": null,
            "revenue": 40499000,
            "revenue_4q": null,
            "common_shares": 691,
            "book_valuer_per_share": 12.68,
            "book_valuer_per_share_4q_avg": 12.04,
            "equity": 194969001,
            "current_ratio": 378.23,
            "debt_ratio": 25.88,
            "inventory_turnover_ratio": 14.86,
            "account_receivable_turnover_ratio": 1.91,
            "reinvestment_rate": 57.14,
            "research_to_sale_ratio": 16.18,
            "price_fair": 60.13,
            "eps_avg_yearly": 1.94,
            "eps_latest_yearly": 2.04,
            "eps_growth_yearly": 20.96
        },
        "20194": {
            "year_quarter": 20194,
            "year": 2019,
            "quarter": 4,
            "eps": 0.72,
            "eps_growth_year": 12.7,
            "eps_4q": 2.51,
            "eps_4q_growth_year": 2.1,
            "roe": 5.38,
            "roe_4q": 18.02,
            "gross_profit": 25055000,
            "gross_margin": 54.38,
            "gross_margin_4q_avg": 55.63,
            "net_income": 10671000,
            "net_income_4q": null,
            "revenue": 46075000,
            "revenue_4q": null,
            "common_shares": 688,
            "book_valuer_per_share": 12.99,
            "book_valuer_per_share_4q_avg": 12.46,
            "equity": 201442000,
            "current_ratio": 337.41,
            "debt_ratio": 26.99,
            "inventory_turnover_ratio": 17.52,
            "account_receivable_turnover_ratio": 1.9,
            "reinvestment_rate": 57.85,
            "research_to_sale_ratio": 15.67,
            "price_fair": 71.23,
            "eps_avg_yearly": 2.04,
            "eps_latest_yearly": 2.88,
            "eps_growth_yearly": 26.08
        },
        "20201": {
            "year_quarter": 20201,
            "year": 2020,
            "quarter": 1,
            "eps": 0.49,
            "eps_growth_year": -13.96,
            "eps_4q": 2.43,
            "eps_4q_growth_year": 2.72,
            "roe": 3.37,
            "roe_4q": 17.7,
            "gross_profit": 22177000,
            "gross_margin": 53.88,
            "gross_margin_4q_avg": 55.12,
            "net_income": 6836000,
            "net_income_4q": null,
            "revenue": 41159000,
            "revenue_4q": null,
            "common_shares": 684,
            "book_valuer_per_share": 13.24,
            "book_valuer_per_share_4q_avg": 12.83,
            "equity": 203659000,
            "current_ratio": 365.82,
            "debt_ratio": 25.51,
            "inventory_turnover_ratio": 20.11,
            "account_receivable_turnover_ratio": 1.61,
            "reinvestment_rate": 57.54,
            "research_to_sale_ratio": 16.57,
            "price_fair": 65.94,
            "eps_avg_yearly": 2.08,
            "eps_latest_yearly": 1.96,
            "eps_growth_yearly": 21.66
        },
        "20202": {
            "year_quarter": 20202,
            "year": 2020,
            "quarter": 2,
            "eps": 0.51,
            "eps_growth_year": -28.72,
            "eps_4q": 2.23,
            "eps_4q_growth_year": -13.59,
            "roe": 3.39,
            "roe_4q": 15.790000000000001,
            "gross_profit": 19744000,
            "gross_margin": 51.55,
            "gross_margin_4q_avg": 54.11,
            "net_income": 6959000,
            "net_income_4q": null,
            "revenue": 38297000,
            "revenue_4q": null,
            "common_shares": 681,
            "book_valuer_per_share": 13.56,
            "book_valuer_per_share_4q_avg": 13.12,
            "equity": 207322000,
            "current_ratio": 341.45,
            "debt_ratio": 25.56,
            "inventory_turnover_ratio": 21.78,
            "account_receivable_turnover_ratio": 1.69,
            "reinvestment_rate": 58,
            "research_to_sale_ratio": 17.95,
            "price_fair": 60.53,
            "eps_avg_yearly": 2.12,
            "eps_latest_yearly": 2.04,
            "eps_growth_yearly": 18.52
        },
        "20203": {
            "year_quarter": 20203,
            "year": 2020,
            "quarter": 3,
            "eps": 0.82,
            "eps_growth_year": 61.99,
            "eps_4q": 2.54,
            "eps_4q_growth_year": 4.56,
            "roe": 5.35,
            "roe_4q": 17.49,
            "gross_profit": 25056000,
            "gross_margin": 54.27,
            "gross_margin_4q_avg": 53.52,
            "net_income": 11247000,
            "net_income_4q": null,
            "revenue": 46173000,
            "revenue_4q": null,
            "common_shares": 678,
            "book_valuer_per_share": 14.06,
            "book_valuer_per_share_4q_avg": 13.46,
            "equity": 212920000,
            "current_ratio": 341.01,
            "debt_ratio": 28.85,
            "inventory_turnover_ratio": 25.6,
            "account_receivable_turnover_ratio": 1.96,
            "reinvestment_rate": 57.76,
            "research_to_sale_ratio": 14.85,
            "price_fair": 78.31,
            "eps_avg_yearly": 2.24,
            "eps_latest_yearly": 3.28,
            "eps_growth_yearly": 33
        },
        "20204": {
            "year_quarter": 20204,
            "year": 2020,
            "quarter": 4,
            "eps": 1.04,
            "eps_growth_year": 45.19,
            "eps_4q": 2.86,
            "eps_4q_growth_year": 14.13,
            "roe": 6.99,
            "roe_4q": 19.1,
            "gross_profit": 30818000,
            "gross_margin": 54.16,
            "gross_margin_4q_avg": 53.47,
            "net_income": 15227000,
            "net_income_4q": null,
            "revenue": 56898000,
            "revenue_4q": null,
            "common_shares": 675,
            "book_valuer_per_share": 14.8,
            "book_valuer_per_share_4q_avg": 13.92,
            "equity": 222544001,
            "current_ratio": 306.68,
            "debt_ratio": 30.37,
            "inventory_turnover_ratio": 33.37,
            "account_receivable_turnover_ratio": 2,
            "reinvestment_rate": 59.14,
            "research_to_sale_ratio": 12.34,
            "price_fair": 84,
            "eps_avg_yearly": 2.4,
            "eps_latest_yearly": 4.16,
            "eps_growth_yearly": 37.62
        },
        "20211": {
            "year_quarter": 20211,
            "year": 2021,
            "quarter": 1,
            "eps": 1.31,
            "eps_growth_year": 166.21,
            "eps_4q": 3.69,
            "eps_4q_growth_year": 51.67,
            "roe": 7.92,
            "roe_4q": 23.65,
            "gross_profit": 31211000,
            "gross_margin": 56.43,
            "gross_margin_4q_avg": 54.1,
            "net_income": 17930000,
            "net_income_4q": null,
            "revenue": 55314000,
            "revenue_4q": null,
            "common_shares": 671,
            "book_valuer_per_share": 15.34,
            "book_valuer_per_share_4q_avg": 14.44,
            "equity": 230013000,
            "current_ratio": 310.42,
            "debt_ratio": 29.68,
            "inventory_turnover_ratio": 29.83,
            "account_receivable_turnover_ratio": 1.85,
            "reinvestment_rate": 57.85,
            "research_to_sale_ratio": 13.53,
            "price_fair": 92.05,
            "eps_avg_yearly": 2.63,
            "eps_latest_yearly": 5.24,
            "eps_growth_yearly": 44.11
        },
        "20212": {
            "year_quarter": 20212,
            "year": 2021,
            "quarter": 2,
            "eps": 1.36,
            "eps_growth_year": 169.11,
            "eps_4q": 4.54,
            "eps_4q_growth_year": 104.05,
            "roe": 7.92,
            "roe_4q": 28.18,
            "gross_profit": 35653000,
            "gross_margin": 57.62,
            "gross_margin_4q_avg": 55.62,
            "net_income": 18525000,
            "net_income_4q": null,
            "revenue": 61880000,
            "revenue_4q": null,
            "common_shares": 668,
            "book_valuer_per_share": 15.99,
            "book_valuer_per_share_4q_avg": 15.05,
            "equity": 237565000,
            "current_ratio": 315.2,
            "debt_ratio": 29.17,
            "inventory_turnover_ratio": 29.22,
            "account_receivable_turnover_ratio": 2.02,
            "reinvestment_rate": 53.31,
            "research_to_sale_ratio": 12.4,
            "price_fair": 100.36,
            "eps_avg_yearly": 2.87,
            "eps_latest_yearly": 5.44,
            "eps_growth_yearly": 43.79
        },
        "20213": {
            "year_quarter": 20213,
            "year": 2021,
            "quarter": 3,
            "eps": 1.4,
            "eps_growth_year": 70.69,
            "eps_4q": 5.12,
            "eps_4q_growth_year": 101.66,
            "roe": 7.86,
            "roe_4q": 30.690000000000005,
            "gross_profit": 37497000,
            "gross_margin": 57.58,
            "gross_margin_4q_avg": 56.45,
            "net_income": 18936000,
            "net_income_4q": null,
            "revenue": 65118000,
            "revenue_4q": null,
            "common_shares": 665,
            "book_valuer_per_share": 16.58,
            "book_valuer_per_share_4q_avg": 15.68,
            "equity": 244567000,
            "current_ratio": 298,
            "debt_ratio": 29.6,
            "inventory_turnover_ratio": 25.28,
            "account_receivable_turnover_ratio": 1.93,
            "reinvestment_rate": 49.81,
            "research_to_sale_ratio": 11.82,
            "price_fair": 108.41,
            "eps_avg_yearly": 3.1,
            "eps_latest_yearly": 5.6,
            "eps_growth_yearly": 40.25
        },
        "20214": {
            "year_quarter": 20214,
            "year": 2021,
            "quarter": 4,
            "eps": 1.44,
            "eps_growth_year": 37.74,
            "eps_4q": 5.52,
            "eps_4q_growth_year": 92.54,
            "roe": 8.32,
            "roe_4q": 32.02,
            "gross_profit": 42337000,
            "gross_margin": 56.21,
            "gross_margin_4q_avg": 56.96,
            "net_income": 20642000,
            "net_income_4q": null,
            "revenue": 75325000,
            "revenue_4q": null,
            "common_shares": 662,
            "book_valuer_per_share": 17.16,
            "book_valuer_per_share_4q_avg": 16.27,
            "equity": 251635000,
            "current_ratio": 292.81,
            "debt_ratio": 29.96,
            "inventory_turnover_ratio": 26.95,
            "account_receivable_turnover_ratio": 2.01,
            "reinvestment_rate": 44.26,
            "research_to_sale_ratio": 11.56,
            "price_fair": 116.73,
            "eps_avg_yearly": 3.34,
            "eps_latest_yearly": 5.76,
            "eps_growth_yearly": 40.45
        },
        "20221": {
            "year_quarter": 20221,
            "year": 2022,
            "quarter": 1,
            "eps": 1.23,
            "eps_growth_year": -6.34,
            "eps_4q": 5.43,
            "eps_4q_growth_year": 47.4,
            "roe": 6.5,
            "roe_4q": 30.6,
            "gross_profit": 38412000,
            "gross_margin": 56.48,
            "gross_margin_4q_avg": 56.97,
            "net_income": 16436000,
            "net_income_4q": null,
            "revenue": 68011000,
            "revenue_4q": null,
            "common_shares": 659,
            "book_valuer_per_share": 17.43,
            "book_valuer_per_share_4q_avg": 16.79,
            "equity": 254004000,
            "current_ratio": 287.1,
            "debt_ratio": 28.87,
            "inventory_turnover_ratio": 23.32,
            "account_receivable_turnover_ratio": 1.79,
            "reinvestment_rate": 44.9,
            "research_to_sale_ratio": 13.41,
            "price_fair": 121.63,
            "eps_avg_yearly": 3.48,
            "eps_latest_yearly": 4.92,
            "eps_growth_yearly": 27.62
        },
        "20222": {
            "year_quarter": 20222,
            "year": 2022,
            "quarter": 2,
            "eps": 1.21,
            "eps_growth_year": -11.31,
            "eps_4q": 5.28,
            "eps_4q_growth_year": 16.21,
            "roe": 6.28,
            "roe_4q": 28.96,
            "gross_profit": 39581000,
            "gross_margin": 56.8,
            "gross_margin_4q_avg": 56.77,
            "net_income": 16002000,
            "net_income_4q": null,
            "revenue": 69685000,
            "revenue_4q": null,
            "common_shares": 13078,
            "book_valuer_per_share": 17.59,
            "book_valuer_per_share_4q_avg": 17.19,
            "equity": 255419000,
            "current_ratio": 280.95,
            "debt_ratio": 28.09,
            "inventory_turnover_ratio": 17.98,
            "account_receivable_turnover_ratio": 1.92,
            "reinvestment_rate": 40.91,
            "research_to_sale_ratio": 14.12,
            "price_fair": 127.84,
            "eps_avg_yearly": 3.65,
            "eps_latest_yearly": 4.84,
            "eps_growth_yearly": 33.55
        },
        "20223": {
            "year_quarter": 20223,
            "year": 2022,
            "quarter": 3,
            "eps": 1.06,
            "eps_growth_year": -24.11,
            "eps_4q": 4.94,
            "eps_4q_growth_year": -3.53,
            "roe": 5.47,
            "roe_4q": 26.57,
            "gross_profit": 37934000,
            "gross_margin": 54.9,
            "gross_margin_4q_avg": 56.1,
            "net_income": 13910000,
            "net_income_4q": null,
            "revenue": 69092000,
            "revenue_4q": null,
            "common_shares": 12971,
            "book_valuer_per_share": 17.16,
            "book_valuer_per_share_4q_avg": 17.34,
            "equity": 253626000,
            "current_ratio": 251.76,
            "debt_ratio": 29.21,
            "inventory_turnover_ratio": 12.13,
            "account_receivable_turnover_ratio": 1.89,
            "reinvestment_rate": 38.3,
            "research_to_sale_ratio": 14.87,
            "price_fair": 123.74,
            "eps_avg_yearly": 3.76,
            "eps_latest_yearly": 4.24,
            "eps_growth_yearly": 22.95
        },
        "20224": {
            "year_quarter": 20224,
            "year": 2022,
            "quarter": 4,
            "eps": 1.05,
            "eps_growth_year": -26.87,
            "eps_4q": 4.55,
            "eps_4q_growth_year": -17.43,
            "roe": 5.35,
            "roe_4q": 23.6,
            "gross_profit": 40706000,
            "gross_margin": 53.53,
            "gross_margin_4q_avg": 55.43,
            "net_income": 13624000,
            "net_income_4q": null,
            "revenue": 76048000,
            "revenue_4q": null,
            "common_shares": 12849,
            "book_valuer_per_share": 17.52,
            "book_valuer_per_share_4q_avg": 17.43,
            "equity": 256144000,
            "current_ratio": 237.8,
            "debt_ratio": 29.87,
            "inventory_turnover_ratio": 12.13,
            "account_receivable_turnover_ratio": 1.99,
            "reinvestment_rate": 34.99,
            "research_to_sale_ratio": 13.5,
            "price_fair": 127.69,
            "eps_avg_yearly": 3.86,
            "eps_latest_yearly": 4.2,
            "eps_growth_yearly": 23.1
        },
        "20231": {
            "year_quarter": 20231,
            "year": 2023,
            "quarter": 1,
            "eps": 1.34,
            "eps_growth_year": 8.99,
            "eps_4q": 4.66,
            "eps_4q_growth_year": -14.13,
            "roe": 5.82,
            "roe_4q": 22.92,
            "gross_profit": 39856000,
            "gross_margin": 57.11,
            "gross_margin_4q_avg": 55.59,
            "net_income": 15051000,
            "net_income_4q": null,
            "revenue": 69787000,
            "revenue_4q": null,
            "common_shares": 12722,
            "book_valuer_per_share": 18.07,
            "book_valuer_per_share_4q_avg": 17.59,
            "equity": 260894000,
            "current_ratio": 235.26,
            "debt_ratio": 29.39,
            "inventory_turnover_ratio": 12.01,
            "account_receivable_turnover_ratio": 1.83,
            "reinvestment_rate": 34.93,
            "research_to_sale_ratio": 14.88,
            "price_fair": 141.75,
            "eps_avg_yearly": 4.05,
            "eps_latest_yearly": 5.36,
            "eps_growth_yearly": 32.74
        },
        "20232": {
            "year_quarter": 20232,
            "year": 2023,
            "quarter": 2,
            "eps": 1.44,
            "eps_growth_year": 19.44,
            "eps_4q": 4.9,
            "eps_4q_growth_year": -7.17,
            "roe": 6.96,
            "roe_4q": 23.6,
            "gross_profit": 42707000,
            "gross_margin": 57.24,
            "gross_margin_4q_avg": 55.7,
            "net_income": 18368000,
            "net_income_4q": null,
            "revenue": 74604000,
            "revenue_4q": null,
            "common_shares": 12629,
            "book_valuer_per_share": 18.68,
            "book_valuer_per_share_4q_avg": 17.86,
            "equity": 267141000,
            "current_ratio": 217.21,
            "debt_ratio": 30.26,
            "inventory_turnover_ratio": 14.03,
            "account_receivable_turnover_ratio": 1.99,
            "reinvestment_rate": 32.9,
            "research_to_sale_ratio": 14.18,
            "price_fair": 148.14,
            "eps_avg_yearly": 4.23,
            "eps_latest_yearly": 5.76,
            "eps_growth_yearly": 28.47
        },
        "20233": {
            "year_quarter": 20233,
            "year": 2023,
            "quarter": 3,
            "eps": 1.56,
            "eps_growth_year": 46.72,
            "eps_4q": 5.4,
            "eps_4q_growth_year": 9.21,
            "roe": 7.29,
            "roe_4q": 25.42,
            "gross_profit": 43487000,
            "gross_margin": 56.7,
            "gross_margin_4q_avg": 56.15,
            "net_income": 19689000,
            "net_income_4q": null,
            "revenue": 76693000,
            "revenue_4q": null,
            "common_shares": 12541,
            "book_valuer_per_share": 19.31,
            "book_valuer_per_share_4q_avg": 18.4,
            "equity": 273202000,
            "current_ratio": 204.31,
            "debt_ratio": 31.13,
            "inventory_turnover_ratio": 12.8,
            "account_receivable_turnover_ratio": 1.92,
            "reinvestment_rate": 30.47,
            "research_to_sale_ratio": 14.65,
            "price_fair": 157.33,
            "eps_avg_yearly": 4.5,
            "eps_latest_yearly": 6.24,
            "eps_growth_yearly": 37.59
        }
    },
    "months": {
        "2004-08": {
            "month": "2004-08",
            "price": "105.26",
            "revenue": 0
        },
        "2004-09": {
            "month": "2004-09",
            "price": "113.23",
            "revenue": 0
        },
        "2004-10": {
            "month": "2004-10",
            "price": "153.23",
            "revenue": 0
        },
        "2004-11": {
            "month": "2004-11",
            "price": "8.71",
            "revenue": 0
        },
        "2004-12": {
            "month": "2004-12",
            "price": "9.09",
            "revenue": 0
        },
        "2005-01": {
            "month": "2005-01",
            "price": "9.64",
            "revenue": 0
        },
        "2005-02": {
            "month": "2005-02",
            "price": "9.75",
            "revenue": 0
        },
        "2005-03": {
            "month": "2005-03",
            "price": "9.06",
            "revenue": 0
        },
        "2005-04": {
            "month": "2005-04",
            "price": "9.96",
            "revenue": 0
        },
        "2005-05": {
            "month": "2005-05",
            "price": "11.99",
            "revenue": 0
        },
        "2005-06": {
            "month": "2005-06",
            "price": "14.38",
            "revenue": 0
        },
        "2005-07": {
            "month": "2005-07",
            "price": "14.91",
            "revenue": 0
        },
        "2005-08": {
            "month": "2005-08",
            "price": "14.35",
            "revenue": 0
        },
        "2005-09": {
            "month": "2005-09",
            "price": "15.21",
            "revenue": 0
        },
        "2005-10": {
            "month": "2005-10",
            "price": "16.12",
            "revenue": 0
        },
        "2005-11": {
            "month": "2005-11",
            "price": "19.96",
            "revenue": 0
        },
        "2005-12": {
            "month": "2005-12",
            "price": "20.95",
            "revenue": 0
        },
        "2006-01": {
            "month": "2006-01",
            "price": "22.29",
            "revenue": 0
        },
        "2006-02": {
            "month": "2006-02",
            "price": "18.50",
            "revenue": 0
        },
        "2006-03": {
            "month": "2006-03",
            "price": "17.94",
            "revenue": 0
        },
        "2006-04": {
            "month": "2006-04",
            "price": "20.69",
            "revenue": 0
        },
        "2006-05": {
            "month": "2006-05",
            "price": "19.19",
            "revenue": 0
        },
        "2006-06": {
            "month": "2006-06",
            "price": "19.68",
            "revenue": 0
        },
        "2006-07": {
            "month": "2006-07",
            "price": "20.18",
            "revenue": 0
        },
        "2006-08": {
            "month": "2006-08",
            "price": "18.85",
            "revenue": 0
        },
        "2006-09": {
            "month": "2006-09",
            "price": "19.85",
            "revenue": 0
        },
        "2006-10": {
            "month": "2006-10",
            "price": "22.03",
            "revenue": 0
        },
        "2006-11": {
            "month": "2006-11",
            "price": "24.28",
            "revenue": 0
        },
        "2006-12": {
            "month": "2006-12",
            "price": "23.67",
            "revenue": 0
        },
        "2007-01": {
            "month": "2007-01",
            "price": "24.53",
            "revenue": 0
        },
        "2007-02": {
            "month": "2007-02",
            "price": "23.36",
            "revenue": 0
        },
        "2007-03": {
            "month": "2007-03",
            "price": "22.65",
            "revenue": 0
        },
        "2007-04": {
            "month": "2007-04",
            "price": "23.62",
            "revenue": 0
        },
        "2007-05": {
            "month": "2007-05",
            "price": "23.65",
            "revenue": 0
        },
        "2007-06": {
            "month": "2007-06",
            "price": "25.75",
            "revenue": 0
        },
        "2007-07": {
            "month": "2007-07",
            "price": "26.62",
            "revenue": 0
        },
        "2007-08": {
            "month": "2007-08",
            "price": "25.49",
            "revenue": 0
        },
        "2007-09": {
            "month": "2007-09",
            "price": "27.02",
            "revenue": 0
        },
        "2007-10": {
            "month": "2007-10",
            "price": "31.77",
            "revenue": 0
        },
        "2007-11": {
            "month": "2007-11",
            "price": "33.82",
            "revenue": 0
        },
        "2007-12": {
            "month": "2007-12",
            "price": "34.77",
            "revenue": 0
        },
        "2008-01": {
            "month": "2008-01",
            "price": "30.59",
            "revenue": 0
        },
        "2008-02": {
            "month": "2008-02",
            "price": "25.19",
            "revenue": 0
        },
        "2008-03": {
            "month": "2008-03",
            "price": "22.02",
            "revenue": 0
        },
        "2008-04": {
            "month": "2008-04",
            "price": "24.88",
            "revenue": 0
        },
        "2008-05": {
            "month": "2008-05",
            "price": "28.80",
            "revenue": 0
        },
        "2008-06": {
            "month": "2008-06",
            "price": "27.82",
            "revenue": 0
        },
        "2008-07": {
            "month": "2008-07",
            "price": "25.50",
            "revenue": 0
        },
        "2008-08": {
            "month": "2008-08",
            "price": "24.30",
            "revenue": 0
        },
        "2008-09": {
            "month": "2008-09",
            "price": "21.61",
            "revenue": 0
        },
        "2008-10": {
            "month": "2008-10",
            "price": "18.00",
            "revenue": 0
        },
        "2008-11": {
            "month": "2008-11",
            "price": "15.23",
            "revenue": 0
        },
        "2008-12": {
            "month": "2008-12",
            "price": "14.98",
            "revenue": 0
        },
        "2009-01": {
            "month": "2009-01",
            "price": "15.94",
            "revenue": 0
        },
        "2009-02": {
            "month": "2009-02",
            "price": "17.48",
            "revenue": 0
        },
        "2009-03": {
            "month": "2009-03",
            "price": "16.43",
            "revenue": 0
        },
        "2009-04": {
            "month": "2009-04",
            "price": "18.88",
            "revenue": 0
        },
        "2009-05": {
            "month": "2009-05",
            "price": "20.00",
            "revenue": 0
        },
        "2009-06": {
            "month": "2009-06",
            "price": "21.19",
            "revenue": 0
        },
        "2009-07": {
            "month": "2009-07",
            "price": "21.36",
            "revenue": 0
        },
        "2009-08": {
            "month": "2009-08",
            "price": "22.90",
            "revenue": 0
        },
        "2009-09": {
            "month": "2009-09",
            "price": "24.03",
            "revenue": 0
        },
        "2009-10": {
            "month": "2009-10",
            "price": "26.51",
            "revenue": 0
        },
        "2009-11": {
            "month": "2009-11",
            "price": "28.35",
            "revenue": 0
        },
        "2009-12": {
            "month": "2009-12",
            "price": "29.96",
            "revenue": 0
        },
        "2010-01": {
            "month": "2010-01",
            "price": "28.93",
            "revenue": 0
        },
        "2010-02": {
            "month": "2010-02",
            "price": "26.74",
            "revenue": 0
        },
        "2010-03": {
            "month": "2010-03",
            "price": "28.05",
            "revenue": 0
        },
        "2010-04": {
            "month": "2010-04",
            "price": "27.85",
            "revenue": 0
        },
        "2010-05": {
            "month": "2010-05",
            "price": "24.87",
            "revenue": 0
        },
        "2010-06": {
            "month": "2010-06",
            "price": "24.22",
            "revenue": 0
        },
        "2010-07": {
            "month": "2010-07",
            "price": "23.65",
            "revenue": 0
        },
        "2010-08": {
            "month": "2010-08",
            "price": "23.97",
            "revenue": 0
        },
        "2010-09": {
            "month": "2010-09",
            "price": "24.73",
            "revenue": 0
        },
        "2010-10": {
            "month": "2010-10",
            "price": "28.80",
            "revenue": 0
        },
        "2010-11": {
            "month": "2010-11",
            "price": "30.10",
            "revenue": 0
        },
        "2010-12": {
            "month": "2010-12",
            "price": "29.58",
            "revenue": 0
        },
        "2011-01": {
            "month": "2011-01",
            "price": "30.77",
            "revenue": 0
        },
        "2011-02": {
            "month": "2011-02",
            "price": "30.84",
            "revenue": 0
        },
        "2011-03": {
            "month": "2011-03",
            "price": "29.11",
            "revenue": 0
        },
        "2011-04": {
            "month": "2011-04",
            "price": "27.73",
            "revenue": 0
        },
        "2011-05": {
            "month": "2011-05",
            "price": "26.47",
            "revenue": 0
        },
        "2011-06": {
            "month": "2011-06",
            "price": "25.14",
            "revenue": 0
        },
        "2011-07": {
            "month": "2011-07",
            "price": "28.69",
            "revenue": 0
        },
        "2011-08": {
            "month": "2011-08",
            "price": "27.36",
            "revenue": 0
        },
        "2011-09": {
            "month": "2011-09",
            "price": "26.61",
            "revenue": 0
        },
        "2011-10": {
            "month": "2011-10",
            "price": "28.09",
            "revenue": 0
        },
        "2011-11": {
            "month": "2011-11",
            "price": "29.72",
            "revenue": 0
        },
        "2011-12": {
            "month": "2011-12",
            "price": "31.37",
            "revenue": 0
        },
        "2012-01": {
            "month": "2012-01",
            "price": "30.74",
            "revenue": 0
        },
        "2012-02": {
            "month": "2012-02",
            "price": "30.32",
            "revenue": 0
        },
        "2012-03": {
            "month": "2012-03",
            "price": "31.36",
            "revenue": 0
        },
        "2012-04": {
            "month": "2012-04",
            "price": "30.97",
            "revenue": 0
        },
        "2012-05": {
            "month": "2012-05",
            "price": "30.27",
            "revenue": 0
        },
        "2012-06": {
            "month": "2012-06",
            "price": "28.53",
            "revenue": 0
        },
        "2012-07": {
            "month": "2012-07",
            "price": "29.80",
            "revenue": 0
        },
        "2012-08": {
            "month": "2012-08",
            "price": "33.13",
            "revenue": 0
        },
        "2012-09": {
            "month": "2012-09",
            "price": "35.92",
            "revenue": 0
        },
        "2012-10": {
            "month": "2012-10",
            "price": "36.30",
            "revenue": 0
        },
        "2012-11": {
            "month": "2012-11",
            "price": "33.51",
            "revenue": 0
        },
        "2012-12": {
            "month": "2012-12",
            "price": "35.16",
            "revenue": 0
        },
        "2013-01": {
            "month": "2013-01",
            "price": "36.71",
            "revenue": 0
        },
        "2013-02": {
            "month": "2013-02",
            "price": "39.30",
            "revenue": 0
        },
        "2013-03": {
            "month": "2013-03",
            "price": "40.90",
            "revenue": 0
        },
        "2013-04": {
            "month": "2013-04",
            "price": "39.82",
            "revenue": 0
        },
        "2013-05": {
            "month": "2013-05",
            "price": "43.83",
            "revenue": 0
        },
        "2013-06": {
            "month": "2013-06",
            "price": "43.86",
            "revenue": 0
        },
        "2013-07": {
            "month": "2013-07",
            "price": "45.07",
            "revenue": 0
        },
        "2013-08": {
            "month": "2013-08",
            "price": "43.75",
            "revenue": 0
        },
        "2013-09": {
            "month": "2013-09",
            "price": "44.26",
            "revenue": 0
        },
        "2013-10": {
            "month": "2013-10",
            "price": "46.93",
            "revenue": 0
        },
        "2013-11": {
            "month": "2013-11",
            "price": "51.54",
            "revenue": 0
        },
        "2013-12": {
            "month": "2013-12",
            "price": "54.22",
            "revenue": 0
        },
        "2014-01": {
            "month": "2014-01",
            "price": "56.82",
            "revenue": 0
        },
        "2014-02": {
            "month": "2014-02",
            "price": "59.51",
            "revenue": 0
        },
        "2014-03": {
            "month": "2014-03",
            "price": "59.12",
            "revenue": 0
        },
        "2014-04": {
            "month": "2014-04",
            "price": "30.03",
            "revenue": 0
        },
        "2014-05": {
            "month": "2014-05",
            "price": "27.15",
            "revenue": 0
        },
        "2014-06": {
            "month": "2014-06",
            "price": "28.36",
            "revenue": 0
        },
        "2014-07": {
            "month": "2014-07",
            "price": "29.62",
            "revenue": 0
        },
        "2014-08": {
            "month": "2014-08",
            "price": "29.17",
            "revenue": 0
        },
        "2014-09": {
            "month": "2014-09",
            "price": "29.61",
            "revenue": 0
        },
        "2014-10": {
            "month": "2014-10",
            "price": "27.88",
            "revenue": 0
        },
        "2014-11": {
            "month": "2014-11",
            "price": "27.63",
            "revenue": 0
        },
        "2014-12": {
            "month": "2014-12",
            "price": "26.46",
            "revenue": 0
        },
        "2015-01": {
            "month": "2015-01",
            "price": "25.80",
            "revenue": 0
        },
        "2015-02": {
            "month": "2015-02",
            "price": "27.05",
            "revenue": 0
        },
        "2015-03": {
            "month": "2015-03",
            "price": "28.30",
            "revenue": 0
        },
        "2015-04": {
            "month": "2015-04",
            "price": "27.47",
            "revenue": 0
        },
        "2015-05": {
            "month": "2015-05",
            "price": "27.38",
            "revenue": 0
        },
        "2015-06": {
            "month": "2015-06",
            "price": "27.54",
            "revenue": 0
        },
        "2015-07": {
            "month": "2015-07",
            "price": "30.87",
            "revenue": 0
        },
        "2015-08": {
            "month": "2015-08",
            "price": "33.38",
            "revenue": 0
        },
        "2015-09": {
            "month": "2015-09",
            "price": "32.39",
            "revenue": 0
        },
        "2015-10": {
            "month": "2015-10",
            "price": "34.58",
            "revenue": 0
        },
        "2015-11": {
            "month": "2015-11",
            "price": "37.98",
            "revenue": 0
        },
        "2015-12": {
            "month": "2015-12",
            "price": "38.55",
            "revenue": 0
        },
        "2016-01": {
            "month": "2016-01",
            "price": "36.83",
            "revenue": 0
        },
        "2016-02": {
            "month": "2016-02",
            "price": "36.22",
            "revenue": 0
        },
        "2016-03": {
            "month": "2016-03",
            "price": "37.34",
            "revenue": 0
        },
        "2016-04": {
            "month": "2016-04",
            "price": "37.83",
            "revenue": 0
        },
        "2016-05": {
            "month": "2016-05",
            "price": "36.33",
            "revenue": 0
        },
        "2016-06": {
            "month": "2016-06",
            "price": "35.98",
            "revenue": 0
        },
        "2016-07": {
            "month": "2016-07",
            "price": "37.05",
            "revenue": 0
        },
        "2016-08": {
            "month": "2016-08",
            "price": "40.01",
            "revenue": 0
        },
        "2016-09": {
            "month": "2016-09",
            "price": "40.08",
            "revenue": 0
        },
        "2016-10": {
            "month": "2016-10",
            "price": "40.68",
            "revenue": 0
        },
        "2016-11": {
            "month": "2016-11",
            "price": "39.24",
            "revenue": 0
        },
        "2016-12": {
            "month": "2016-12",
            "price": "40.03",
            "revenue": 0
        },
        "2017-01": {
            "month": "2017-01",
            "price": "41.51",
            "revenue": 0
        },
        "2017-02": {
            "month": "2017-02",
            "price": "41.84",
            "revenue": 0
        },
        "2017-03": {
            "month": "2017-03",
            "price": "42.69",
            "revenue": 0
        },
        "2017-04": {
            "month": "2017-04",
            "price": "43.07",
            "revenue": 0
        },
        "2017-05": {
            "month": "2017-05",
            "price": "48.08",
            "revenue": 0
        },
        "2017-06": {
            "month": "2017-06",
            "price": "48.67",
            "revenue": 0
        },
        "2017-07": {
            "month": "2017-07",
            "price": "48.17",
            "revenue": 0
        },
        "2017-08": {
            "month": "2017-08",
            "price": "46.90",
            "revenue": 0
        },
        "2017-09": {
            "month": "2017-09",
            "price": "47.29",
            "revenue": 0
        },
        "2017-10": {
            "month": "2017-10",
            "price": "49.96",
            "revenue": 0
        },
        "2017-11": {
            "month": "2017-11",
            "price": "52.35",
            "revenue": 0
        },
        "2017-12": {
            "month": "2017-12",
            "price": "52.70",
            "revenue": 0
        },
        "2018-01": {
            "month": "2018-01",
            "price": "56.97",
            "revenue": 0
        },
        "2018-02": {
            "month": "2018-02",
            "price": "54.59",
            "revenue": 0
        },
        "2018-03": {
            "month": "2018-03",
            "price": "54.69",
            "revenue": 0
        },
        "2018-04": {
            "month": "2018-04",
            "price": "52.00",
            "revenue": 0
        },
        "2018-05": {
            "month": "2018-05",
            "price": "53.74",
            "revenue": 0
        },
        "2018-06": {
            "month": "2018-06",
            "price": "57.47",
            "revenue": 0
        },
        "2018-07": {
            "month": "2018-07",
            "price": "60.06",
            "revenue": 0
        },
        "2018-08": {
            "month": "2018-08",
            "price": "62.03",
            "revenue": 0
        },
        "2018-09": {
            "month": "2018-09",
            "price": "59.25",
            "revenue": 0
        },
        "2018-10": {
            "month": "2018-10",
            "price": "56.06",
            "revenue": 0
        },
        "2018-11": {
            "month": "2018-11",
            "price": "53.31",
            "revenue": 0
        },
        "2018-12": {
            "month": "2018-12",
            "price": "52.40",
            "revenue": 0
        },
        "2019-01": {
            "month": "2019-01",
            "price": "54.05",
            "revenue": 0
        },
        "2019-02": {
            "month": "2019-02",
            "price": "56.07",
            "revenue": 0
        },
        "2019-03": {
            "month": "2019-03",
            "price": "59.22",
            "revenue": 0
        },
        "2019-04": {
            "month": "2019-04",
            "price": "61.57",
            "revenue": 0
        },
        "2019-05": {
            "month": "2019-05",
            "price": "57.77",
            "revenue": 0
        },
        "2019-06": {
            "month": "2019-06",
            "price": "54.15",
            "revenue": 0
        },
        "2019-07": {
            "month": "2019-07",
            "price": "57.65",
            "revenue": 0
        },
        "2019-08": {
            "month": "2019-08",
            "price": "59.11",
            "revenue": 0
        },
        "2019-09": {
            "month": "2019-09",
            "price": "61.07",
            "revenue": 0
        },
        "2019-10": {
            "month": "2019-10",
            "price": "61.62",
            "revenue": 0
        },
        "2019-11": {
            "month": "2019-11",
            "price": "65.14",
            "revenue": 0
        },
        "2019-12": {
            "month": "2019-12",
            "price": "67.05",
            "revenue": 0
        },
        "2020-01": {
            "month": "2020-01",
            "price": "71.81",
            "revenue": 0
        },
        "2020-02": {
            "month": "2020-02",
            "price": "73.14",
            "revenue": 0
        },
        "2020-03": {
            "month": "2020-03",
            "price": "59.26",
            "revenue": 0
        },
        "2020-04": {
            "month": "2020-04",
            "price": "61.51",
            "revenue": 0
        },
        "2020-05": {
            "month": "2020-05",
            "price": "69.07",
            "revenue": 0
        },
        "2020-06": {
            "month": "2020-06",
            "price": "71.58",
            "revenue": 0
        },
        "2020-07": {
            "month": "2020-07",
            "price": "75.77",
            "revenue": 0
        },
        "2020-08": {
            "month": "2020-08",
            "price": "77.25",
            "revenue": 0
        },
        "2020-09": {
            "month": "2020-09",
            "price": "75.58",
            "revenue": 0
        },
        "2020-10": {
            "month": "2020-10",
            "price": "77.10",
            "revenue": 0
        },
        "2020-11": {
            "month": "2020-11",
            "price": "87.17",
            "revenue": 0
        },
        "2020-12": {
            "month": "2020-12",
            "price": "88.39",
            "revenue": 0
        },
        "2021-01": {
            "month": "2021-01",
            "price": "90.01",
            "revenue": 0
        },
        "2021-02": {
            "month": "2021-02",
            "price": "102.90",
            "revenue": 0
        },
        "2021-03": {
            "month": "2021-03",
            "price": "102.38",
            "revenue": 0
        },
        "2021-04": {
            "month": "2021-04",
            "price": "113.65",
            "revenue": 0
        },
        "2021-05": {
            "month": "2021-05",
            "price": "115.43",
            "revenue": 0
        },
        "2021-06": {
            "month": "2021-06",
            "price": "121.05",
            "revenue": 0
        },
        "2021-07": {
            "month": "2021-07",
            "price": "128.56",
            "revenue": 0
        },
        "2021-08": {
            "month": "2021-08",
            "price": "138.37",
            "revenue": 0
        },
        "2021-09": {
            "month": "2021-09",
            "price": "141.18",
            "revenue": 0
        },
        "2021-10": {
            "month": "2021-10",
            "price": "140.11",
            "revenue": 0
        },
        "2021-11": {
            "month": "2021-11",
            "price": "146.76",
            "revenue": 0
        },
        "2021-12": {
            "month": "2021-12",
            "price": "145.15",
            "revenue": 0
        },
        "2022-01": {
            "month": "2022-01",
            "price": "135.96",
            "revenue": 0
        },
        "2022-02": {
            "month": "2022-02",
            "price": "136.71",
            "revenue": 0
        },
        "2022-03": {
            "month": "2022-03",
            "price": "134.98",
            "revenue": 0
        },
        "2022-04": {
            "month": "2022-04",
            "price": "128.07",
            "revenue": 0
        },
        "2022-05": {
            "month": "2022-05",
            "price": "113.19",
            "revenue": 0
        },
        "2022-06": {
            "month": "2022-06",
            "price": "112.43",
            "revenue": 0
        },
        "2022-07": {
            "month": "2022-07",
            "price": "112.65",
            "revenue": 0
        },
        "2022-08": {
            "month": "2022-08",
            "price": "116.26",
            "revenue": 0
        },
        "2022-09": {
            "month": "2022-09",
            "price": "103.33",
            "revenue": 0
        },
        "2022-10": {
            "month": "2022-10",
            "price": "98.88",
            "revenue": 0
        },
        "2022-11": {
            "month": "2022-11",
            "price": "93.91",
            "revenue": 0
        },
        "2022-12": {
            "month": "2022-12",
            "price": "92.32",
            "revenue": 0
        },
        "2023-01": {
            "month": "2023-01",
            "price": "93.04",
            "revenue": 0
        },
        "2023-02": {
            "month": "2023-02",
            "price": "96.42",
            "revenue": 0
        },
        "2023-03": {
            "month": "2023-03",
            "price": "98.06",
            "revenue": 0
        },
        "2023-04": {
            "month": "2023-04",
            "price": "105.71",
            "revenue": 0
        },
        "2023-05": {
            "month": "2023-05",
            "price": "116.12",
            "revenue": 0
        },
        "2023-06": {
            "month": "2023-06",
            "price": "122.53",
            "revenue": 0
        },
        "2023-07": {
            "month": "2023-07",
            "price": "123.05",
            "revenue": 0
        },
        "2023-08": {
            "month": "2023-08",
            "price": "130.55",
            "revenue": 0
        },
        "2023-09": {
            "month": "2023-09",
            "price": "134.30",
            "revenue": 0
        },
        "2023-10": {
            "month": "2023-10",
            "price": "134.18",
            "revenue": 0
        },
        "2023-11": {
            "month": "2023-11",
            "price": "133.38",
            "revenue": 0
        },
        "2023-12": {
            "month": "2023-12",
            "price": "135.57",
            "revenue": 0
        }
    }
}
