{
    "summary": {
        "stock_name": "Goldman Sachs Group Inc",
        "stock_id": "GS",
        "category": "Finance",
        "main_business": "高盛集團是一家全球領先的投資銀行，證券和投資管理公司，為包括公司，金融機構，政府和個人在內的眾多多元化客戶群提供廣泛的金融服務。",
        "website_url": "https://www.goldmansachs.com/",
        "ceo": "David M. Solomon",
        "pe_ratio": 11,
        "report_year_from": 1999,
        "report_year_to": 2022,
        "age": 24,
        "eps_negative_percentage": 0,
        "eps_growth_avg": {
            "last_all": 17.2,
            "last_2y": 24.09,
            "last_4y": 18.19,
            "last_8y": 12.81,
            "last_12y": 10.08,
            "last_16y": 14.83,
            "last_20y": 17.2,
            "at_2006_last_3y": 49.82,
            "at_2007_last_3y": 43.2,
            "at_2008_last_3y": 11.84,
            "at_2009_last_3y": 30.27,
            "at_2010_last_3y": 4.16,
            "at_2011_last_3y": -19.06,
            "at_2012_last_3y": 25.85,
            "at_2013_last_3y": 3.95,
            "at_2014_last_3y": 14.73,
            "at_2015_last_3y": 30.82,
            "at_2016_last_3y": 4.26,
            "at_2017_last_3y": 6.07,
            "at_2018_last_3y": 9.15,
            "at_2019_last_3y": 8.03,
            "at_2020_last_3y": 24.23,
            "at_2021_last_3y": 34.49,
            "at_2022_last_3y": 16.2,
            "at_2023_last_3y": 16.2,
            "at_2006_last_all": 36.85,
            "at_2007_last_all": 34.96,
            "at_2008_last_all": 18.59,
            "at_2009_last_all": 28.77,
            "at_2010_last_all": 22.32,
            "at_2011_last_all": 13.36,
            "at_2012_last_all": 21.23,
            "at_2013_last_all": 20.5,
            "at_2014_last_all": 19.99,
            "at_2015_last_all": 18.34,
            "at_2016_last_all": 16.71,
            "at_2017_last_all": 16.89,
            "at_2018_last_all": 17.44,
            "at_2019_last_all": 16.05,
            "at_2020_last_all": 18.29,
            "at_2021_last_all": 20.41,
            "at_2022_last_all": 17.2,
            "at_2023_last_all": 17.2
        },
        "latest_eps": 26.1,
        "latest_price": 296.99,
        "latest_roe": 6.69,
        "latest_gross_margin": null,
        "latest_equity": 117000000,
        "latest_revenue": 28527000,
        "latest_gross_profit": null,
        "latest_net_income": 2058000,
        "latest_debt_ratio": 92.58,
        "latest_current_ratio": null,
        "latest_account_receivable_turnover_ratio": null,
        "latest_inventory_turnover_ratio": null,
        "latest_reinvestment_rate": null,
        "latest_research_to_sale_ratio": null
    },
    "eps_dividends": {
        "1999": {
            "cash": 0.24,
            "stock": 0,
            "eps": 0
        },
        "2000": {
            "cash": 0.48,
            "stock": 0,
            "eps": 0
        },
        "2001": {
            "cash": 0.48,
            "stock": 0,
            "eps": 4.73
        },
        "2002": {
            "cash": 0.48,
            "stock": 0,
            "eps": 4.02
        },
        "2003": {
            "cash": 0.62,
            "stock": 0,
            "eps": 6.11
        },
        "2004": {
            "cash": 1,
            "stock": 0,
            "eps": 8.91
        },
        "2005": {
            "cash": 1,
            "stock": 0,
            "eps": 11.25
        },
        "2006": {
            "cash": 1.2999999999999998,
            "stock": 0,
            "eps": 19.71
        },
        "2007": {
            "cash": 0.35,
            "stock": 0,
            "eps": 24.74
        },
        "2008": {
            "cash": 1.0499999999999998,
            "stock": 0,
            "eps": 5.04
        },
        "2009": {
            "cash": 1.0499999999999998,
            "stock": 0,
            "eps": 21.77
        },
        "2010": {
            "cash": 1.4,
            "stock": 0,
            "eps": 15.4
        },
        "2011": {
            "cash": 1.4,
            "stock": 0,
            "eps": 5.03
        },
        "2012": {
            "cash": 1.77,
            "stock": 0,
            "eps": 14.62
        },
        "2013": {
            "cash": 2.05,
            "stock": 0,
            "eps": 16.43
        },
        "2014": {
            "cash": 2.25,
            "stock": 0,
            "eps": 18.71
        },
        "2015": {
            "cash": 2.55,
            "stock": 0,
            "eps": 18.15
        },
        "2016": {
            "cash": 2.6,
            "stock": 0,
            "eps": 17.02
        },
        "2017": {
            "cash": 2.9,
            "stock": 0,
            "eps": 20.36
        },
        "2018": {
            "cash": 3.1500000000000004,
            "stock": 0,
            "eps": 25.69
        },
        "2019": {
            "cash": 4.15,
            "stock": 0,
            "eps": 23.77
        },
        "2020": {
            "cash": 5,
            "stock": 0,
            "eps": 37.7
        },
        "2021": {
            "cash": 6.5,
            "stock": 0,
            "eps": 60.57
        },
        "2022": {
            "cash": 9,
            "stock": 0,
            "eps": 32.1
        },
        "2023": {
            "cash": 10,
            "stock": 0,
            "eps": 21.92
        }
    },
    "dividends": {
        "1999-08-27": {
            "cash": 0.12,
            "stock": 0
        },
        "1999-11-22": {
            "cash": 0.12,
            "stock": 0
        },
        "2000-02-24": {
            "cash": 0.12,
            "stock": 0
        },
        "2000-05-25": {
            "cash": 0.12,
            "stock": 0
        },
        "2000-08-24": {
            "cash": 0.12,
            "stock": 0
        },
        "2000-11-20": {
            "cash": 0.12,
            "stock": 0
        },
        "2001-02-21": {
            "cash": 0.12,
            "stock": 0
        },
        "2001-05-24": {
            "cash": 0.12,
            "stock": 0
        },
        "2001-08-30": {
            "cash": 0.12,
            "stock": 0
        },
        "2001-11-26": {
            "cash": 0.12,
            "stock": 0
        },
        "2002-02-21": {
            "cash": 0.12,
            "stock": 0
        },
        "2002-05-30": {
            "cash": 0.12,
            "stock": 0
        },
        "2002-08-29": {
            "cash": 0.12,
            "stock": 0
        },
        "2002-11-25": {
            "cash": 0.12,
            "stock": 0
        },
        "2003-02-27": {
            "cash": 0.12,
            "stock": 0
        },
        "2003-08-28": {
            "cash": 0.25,
            "stock": 0
        },
        "2003-11-24": {
            "cash": 0.25,
            "stock": 0
        },
        "2004-02-26": {
            "cash": 0.25,
            "stock": 0
        },
        "2004-05-27": {
            "cash": 0.25,
            "stock": 0
        },
        "2004-08-26": {
            "cash": 0.25,
            "stock": 0
        },
        "2004-11-22": {
            "cash": 0.25,
            "stock": 0
        },
        "2005-02-24": {
            "cash": 0.25,
            "stock": 0
        },
        "2005-05-26": {
            "cash": 0.25,
            "stock": 0
        },
        "2005-08-25": {
            "cash": 0.25,
            "stock": 0
        },
        "2005-11-21": {
            "cash": 0.25,
            "stock": 0
        },
        "2006-02-23": {
            "cash": 0.25,
            "stock": 0
        },
        "2006-05-25": {
            "cash": 0.35,
            "stock": 0
        },
        "2006-08-24": {
            "cash": 0.35,
            "stock": 0
        },
        "2006-11-20": {
            "cash": 0.35,
            "stock": 0
        },
        "2007-02-22": {
            "cash": 0.35,
            "stock": 0
        },
        "2008-05-29": {
            "cash": 0.35,
            "stock": 0
        },
        "2008-08-28": {
            "cash": 0.35,
            "stock": 0
        },
        "2008-11-24": {
            "cash": 0.35,
            "stock": 0
        },
        "2009-06-25": {
            "cash": 0.35,
            "stock": 0
        },
        "2009-09-24": {
            "cash": 0.35,
            "stock": 0
        },
        "2009-12-30": {
            "cash": 0.35,
            "stock": 0
        },
        "2010-03-30": {
            "cash": 0.35,
            "stock": 0
        },
        "2010-06-29": {
            "cash": 0.35,
            "stock": 0
        },
        "2010-09-29": {
            "cash": 0.35,
            "stock": 0
        },
        "2010-12-30": {
            "cash": 0.35,
            "stock": 0
        },
        "2011-03-30": {
            "cash": 0.35,
            "stock": 0
        },
        "2011-06-29": {
            "cash": 0.35,
            "stock": 0
        },
        "2011-09-29": {
            "cash": 0.35,
            "stock": 0
        },
        "2011-12-29": {
            "cash": 0.35,
            "stock": 0
        },
        "2012-03-29": {
            "cash": 0.35,
            "stock": 0
        },
        "2012-06-28": {
            "cash": 0.46,
            "stock": 0
        },
        "2012-09-27": {
            "cash": 0.46,
            "stock": 0
        },
        "2012-12-28": {
            "cash": 0.5,
            "stock": 0
        },
        "2013-03-28": {
            "cash": 0.5,
            "stock": 0
        },
        "2013-06-27": {
            "cash": 0.5,
            "stock": 0
        },
        "2013-09-27": {
            "cash": 0.5,
            "stock": 0
        },
        "2013-12-30": {
            "cash": 0.55,
            "stock": 0
        },
        "2014-03-28": {
            "cash": 0.55,
            "stock": 0
        },
        "2014-06-27": {
            "cash": 0.55,
            "stock": 0
        },
        "2014-09-29": {
            "cash": 0.55,
            "stock": 0
        },
        "2014-12-30": {
            "cash": 0.6,
            "stock": 0
        },
        "2015-03-30": {
            "cash": 0.6,
            "stock": 0
        },
        "2015-06-29": {
            "cash": 0.65,
            "stock": 0
        },
        "2015-09-29": {
            "cash": 0.65,
            "stock": 0
        },
        "2015-12-30": {
            "cash": 0.65,
            "stock": 0
        },
        "2016-03-30": {
            "cash": 0.65,
            "stock": 0
        },
        "2016-06-29": {
            "cash": 0.65,
            "stock": 0
        },
        "2016-09-29": {
            "cash": 0.65,
            "stock": 0
        },
        "2016-12-29": {
            "cash": 0.65,
            "stock": 0
        },
        "2017-03-30": {
            "cash": 0.65,
            "stock": 0
        },
        "2017-06-29": {
            "cash": 0.75,
            "stock": 0
        },
        "2017-09-28": {
            "cash": 0.75,
            "stock": 0
        },
        "2017-12-28": {
            "cash": 0.75,
            "stock": 0
        },
        "2018-03-29": {
            "cash": 0.75,
            "stock": 0
        },
        "2018-06-28": {
            "cash": 0.8,
            "stock": 0
        },
        "2018-09-27": {
            "cash": 0.8,
            "stock": 0
        },
        "2018-12-28": {
            "cash": 0.8,
            "stock": 0
        },
        "2019-03-28": {
            "cash": 0.8,
            "stock": 0
        },
        "2019-06-27": {
            "cash": 0.85,
            "stock": 0
        },
        "2019-09-27": {
            "cash": 1.25,
            "stock": 0
        },
        "2019-12-30": {
            "cash": 1.25,
            "stock": 0
        },
        "2020-03-30": {
            "cash": 1.25,
            "stock": 0
        },
        "2020-06-29": {
            "cash": 1.25,
            "stock": 0
        },
        "2020-09-29": {
            "cash": 1.25,
            "stock": 0
        },
        "2020-12-30": {
            "cash": 1.25,
            "stock": 0
        },
        "2021-03-30": {
            "cash": 1.25,
            "stock": 0
        },
        "2021-06-29": {
            "cash": 1.25,
            "stock": 0
        },
        "2021-09-29": {
            "cash": 2,
            "stock": 0
        },
        "2021-12-30": {
            "cash": 2,
            "stock": 0
        },
        "2022-03-30": {
            "cash": 2,
            "stock": 0
        },
        "2022-06-29": {
            "cash": 2,
            "stock": 0
        },
        "2022-09-29": {
            "cash": 2.5,
            "stock": 0
        },
        "2022-12-29": {
            "cash": 2.5,
            "stock": 0
        },
        "2023-03-30": {
            "cash": 2.5,
            "stock": 0
        },
        "2023-06-29": {
            "cash": 2.5,
            "stock": 0
        },
        "2023-09-29": {
            "cash": 2.5,
            "stock": 0
        },
        "2023-12-29": {
            "cash": 2.5,
            "stock": 0
        }
    },
    "prices": {
        "200101": "111.31",
        "200102": "103.83",
        "200103": "88.89",
        "200104": "90.10",
        "200105": "96.83",
        "200106": "91.39",
        "200107": "83.56",
        "200108": "81.05",
        "200109": "71.63",
        "200110": "79.95",
        "200111": "87.98",
        "200112": "91.50",
        "200201": "89.83",
        "200202": "82.07",
        "200203": "89.34",
        "200204": "83.43",
        "200205": "78.15",
        "200206": "73.18",
        "200207": "72.29",
        "200208": "76.34",
        "200209": "70.46",
        "200210": "68.21",
        "200211": "75.89",
        "200212": "72.84",
        "200301": "71.33",
        "200302": "66.95",
        "200303": "67.96",
        "200304": "74.55",
        "200305": "76.46",
        "200306": "86.87",
        "200307": "86.81",
        "200308": "86.59",
        "200309": "89.59",
        "200310": "88.15",
        "200311": "95.28",
        "200312": "98.17",
        "200401": "99.24",
        "200402": "104.23",
        "200403": "104.31",
        "200404": "102.37",
        "200405": "93.62",
        "200406": "91.95",
        "200407": "89.47",
        "200408": "87.10",
        "200409": "92.54",
        "200410": "94.38",
        "200411": "102.59",
        "200412": "106.14",
        "200501": "104.29",
        "200502": "110.25",
        "200503": "110.02",
        "200504": "108.55",
        "200505": "100.91",
        "200506": "100.77",
        "200507": "107.30",
        "200508": "110.98",
        "200509": "117.39",
        "200510": "119.50",
        "200511": "130.12",
        "200512": "128.87",
        "200601": "132.92",
        "200602": "142.75",
        "200603": "148.80",
        "200604": "162.52",
        "200605": "154.13",
        "200606": "147.71",
        "200607": "147.04",
        "200608": "151.51",
        "200609": "160.91",
        "200610": "182.15",
        "200611": "192.58",
        "200612": "200.56",
        "200701": "209.56",
        "200702": "213.70",
        "200703": "202.87",
        "200704": "214.61",
        "200705": "226.48",
        "200706": "224.78",
        "200707": "211.38",
        "200708": "178.33",
        "200709": "195.90",
        "200710": "230.02",
        "200711": "221.12",
        "200712": "213.22",
        "200801": "196.46",
        "200802": "182.30",
        "200803": "166.05",
        "200804": "178.12",
        "200805": "185.93",
        "200806": "175.54",
        "200807": "176.05",
        "200808": "166.37",
        "200809": "141.86",
        "200810": "110.63",
        "200811": "71.53",
        "200812": "73.93",
        "200901": "78.74",
        "200902": "89.78",
        "200903": "96.18",
        "200904": "120.06",
        "200905": "137.15",
        "200906": "144.78",
        "200907": "154.17",
        "200908": "163.35",
        "200909": "175.90",
        "200910": "183.42",
        "200911": "172.97",
        "200912": "164.99",
        "201001": "164.56",
        "201002": "155.16",
        "201003": "171.04",
        "201004": "166.88",
        "201005": "142.95",
        "201006": "137.39",
        "201007": "142.54",
        "201008": "148.22",
        "201009": "147.87",
        "201010": "154.77",
        "201011": "164.05",
        "201012": "166.05",
        "201101": "168.62",
        "201102": "165.86",
        "201103": "159.52",
        "201104": "156.40",
        "201105": "143.21",
        "201106": "134.14",
        "201107": "133.40",
        "201108": "117.61",
        "201109": "102.38",
        "201110": "100.40",
        "201111": "97.57",
        "201112": "94.75",
        "201201": "102.82",
        "201202": "115.31",
        "201203": "122.19",
        "201204": "116.42",
        "201205": "102.23",
        "201206": "93.68",
        "201207": "96.61",
        "201208": "103.51",
        "201209": "115.95",
        "201210": "120.81",
        "201211": "118.89",
        "201212": "122.44",
        "201301": "139.94",
        "201302": "152.03",
        "201303": "150.79",
        "201304": "144.35",
        "201305": "154.31",
        "201306": "159.52",
        "201307": "160.10",
        "201308": "160.45",
        "201309": "162.56",
        "201310": "158.80",
        "201311": "164.89",
        "201312": "171.69",
        "201401": "173.32",
        "201402": "163.36",
        "201403": "167.42",
        "201404": "159.11",
        "201405": "158.55",
        "201406": "166.44",
        "201407": "170.75",
        "201408": "173.70",
        "201409": "182.98",
        "201410": "182.04",
        "201411": "190.04",
        "201412": "192.29",
        "201501": "181.59",
        "201502": "186.71",
        "201503": "189.39",
        "201504": "196.32",
        "201505": "202.78",
        "201506": "211.75",
        "201507": "208.92",
        "201508": "196.78",
        "201509": "181.91",
        "201510": "183.16",
        "201511": "192.34",
        "201512": "182.71",
        "201601": "160.74",
        "201602": "149.52",
        "201603": "154.06",
        "201604": "160.08",
        "201605": "158.63",
        "201606": "149.68",
        "201607": "156.79",
        "201608": "164.03",
        "201609": "166.48",
        "201610": "171.44",
        "201611": "200.07",
        "201612": "237.66",
        "201701": "238.36",
        "201702": "244.69",
        "201703": "241.47",
        "201704": "224.45",
        "201705": "221.87",
        "201706": "220.56",
        "201707": "224.84",
        "201708": "225.04",
        "201709": "226.87",
        "201710": "241.89",
        "201711": "240.27",
        "201712": "254.27",
        "201801": "259.36",
        "201802": "260.95",
        "201803": "260.80",
        "201804": "250.09",
        "201805": "236.84",
        "201806": "228.55",
        "201807": "230.13",
        "201808": "235.59",
        "201809": "231.73",
        "201810": "220.62",
        "201811": "207.70",
        "201812": "172.25",
        "201901": "188.03",
        "201902": "196.17",
        "201903": "194.87",
        "201904": "202.79",
        "201905": "197.24",
        "201906": "193.54",
        "201907": "213.61",
        "201908": "202.35",
        "201909": "211.64",
        "201910": "206.56",
        "201911": "220.23",
        "201912": "225.36",
        "202001": "241.72",
        "202002": "231.12",
        "202003": "167.88",
        "202004": "173.82",
        "202005": "182.96",
        "202006": "205.31",
        "202007": "205.05",
        "202008": "205.81",
        "202009": "199.43",
        "202010": "202.91",
        "202011": "218.12",
        "202012": "246.38",
        "202101": "287.31",
        "202102": "306.06",
        "202103": "335.52",
        "202104": "336.31",
        "202105": "363.34",
        "202106": "373.35",
        "202107": "371.60",
        "202108": "402.27",
        "202109": "397.16",
        "202110": "399.71",
        "202111": "401.45",
        "202112": "386.94",
        "202201": "371.21",
        "202202": "357.71",
        "202203": "333.78",
        "202204": "322.55",
        "202205": "312.37",
        "202206": "299.63",
        "202207": "307.88",
        "202208": "341.76",
        "202209": "319.86",
        "202210": "314.97",
        "202211": "374.06",
        "202212": "355.45",
        "202301": "353.76",
        "202302": "367.90",
        "202303": "326.82",
        "202304": "333.72",
        "202305": "326.03",
        "202306": "327.12",
        "202307": "336.80",
        "202308": "335.32",
        "202309": "330.04",
        "202310": "306.14"
    },
    "quarters": {
        "20011": {
            "year_quarter": 20011,
            "year": 2001,
            "quarter": 1,
            "eps": 1.51,
            "eps_growth_year": -14.47,
            "eps_4q": 5.85,
            "eps_4q_growth_year": 10.8,
            "roe": 4.52,
            "roe_4q": 4.52,
            "gross_profit": null,
            "gross_margin": null,
            "gross_margin_4q_avg": 0,
            "net_income": 768000,
            "net_income_4q": null,
            "revenue": 9502000,
            "revenue_4q": null,
            "common_shares": 5000,
            "book_valuer_per_share": 36.24,
            "book_valuer_per_share_4q_avg": 36.24,
            "equity": 17438000,
            "current_ratio": null,
            "debt_ratio": 94.28,
            "inventory_turnover_ratio": null,
            "account_receivable_turnover_ratio": null,
            "reinvestment_rate": null,
            "research_to_sale_ratio": null,
            "price_fair": 0,
            "eps_avg_yearly": 0,
            "eps_latest_yearly": 0,
            "eps_growth_yearly": 0
        },
        "20012": {
            "year_quarter": 20012,
            "year": 2001,
            "quarter": 2,
            "eps": 1.17,
            "eps_growth_year": -21.36,
            "eps_4q": 5.53,
            "eps_4q_growth_year": -8.81,
            "roe": 3.25,
            "roe_4q": 7.77,
            "gross_profit": null,
            "gross_margin": null,
            "gross_margin_4q_avg": 0,
            "net_income": 577000,
            "net_income_4q": null,
            "revenue": 8158000,
            "revenue_4q": null,
            "common_shares": 5000,
            "book_valuer_per_share": 37.55,
            "book_valuer_per_share_4q_avg": 36.9,
            "equity": 18016000,
            "current_ratio": null,
            "debt_ratio": 93.93,
            "inventory_turnover_ratio": null,
            "account_receivable_turnover_ratio": null,
            "reinvestment_rate": null,
            "research_to_sale_ratio": null,
            "price_fair": 0,
            "eps_avg_yearly": 0,
            "eps_latest_yearly": 0,
            "eps_growth_yearly": 0
        },
        "20013": {
            "year_quarter": 20013,
            "year": 2001,
            "quarter": 3,
            "eps": 0.99,
            "eps_growth_year": -39.41,
            "eps_4q": 4.88,
            "eps_4q_growth_year": -23.41,
            "roe": 2.6,
            "roe_4q": 10.37,
            "gross_profit": null,
            "gross_margin": null,
            "gross_margin_4q_avg": 0,
            "net_income": 468000,
            "net_income_4q": null,
            "revenue": 7360000,
            "revenue_4q": null,
            "common_shares": 5000,
            "book_valuer_per_share": 37.42,
            "book_valuer_per_share_4q_avg": 37.07,
            "equity": 17958000,
            "current_ratio": null,
            "debt_ratio": 94.05,
            "inventory_turnover_ratio": null,
            "account_receivable_turnover_ratio": null,
            "reinvestment_rate": null,
            "research_to_sale_ratio": null,
            "price_fair": 0,
            "eps_avg_yearly": 0,
            "eps_latest_yearly": 0,
            "eps_growth_yearly": 0
        },
        "20014": {
            "year_quarter": 20014,
            "year": 2001,
            "quarter": 4,
            "eps": 1.06,
            "eps_growth_year": -12.14,
            "eps_4q": 4.74,
            "eps_4q_growth_year": -22.37,
            "roe": 2.75,
            "roe_4q": 13.12,
            "gross_profit": null,
            "gross_margin": null,
            "gross_margin_4q_avg": 0,
            "net_income": 497000,
            "net_income_4q": null,
            "revenue": 6118000,
            "revenue_4q": null,
            "common_shares": 5000,
            "book_valuer_per_share": 38.28,
            "book_valuer_per_share_4q_avg": 37.37,
            "equity": 18231000,
            "current_ratio": null,
            "debt_ratio": 94.16,
            "inventory_turnover_ratio": null,
            "account_receivable_turnover_ratio": null,
            "reinvestment_rate": null,
            "research_to_sale_ratio": null,
            "price_fair": 0,
            "eps_avg_yearly": 0,
            "eps_latest_yearly": 0,
            "eps_growth_yearly": 0
        },
        "20021": {
            "year_quarter": 20021,
            "year": 2002,
            "quarter": 1,
            "eps": 0.98,
            "eps_growth_year": -35.19,
            "eps_4q": 4.2,
            "eps_4q_growth_year": -28.08,
            "roe": 2.85,
            "roe_4q": 11.45,
            "gross_profit": null,
            "gross_margin": null,
            "gross_margin_4q_avg": 0,
            "net_income": 524000,
            "net_income_4q": null,
            "revenue": 5700000,
            "revenue_4q": null,
            "common_shares": 5000,
            "book_valuer_per_share": 38.97,
            "book_valuer_per_share_4q_avg": 38.06,
            "equity": 18495000,
            "current_ratio": null,
            "debt_ratio": 94.04,
            "inventory_turnover_ratio": null,
            "account_receivable_turnover_ratio": null,
            "reinvestment_rate": null,
            "research_to_sale_ratio": null,
            "price_fair": 11.76,
            "eps_avg_yearly": 3.92,
            "eps_latest_yearly": 3.92,
            "eps_growth_yearly": -30.19
        },
        "20022": {
            "year_quarter": 20022,
            "year": 2002,
            "quarter": 2,
            "eps": 1.06,
            "eps_growth_year": -9.72,
            "eps_4q": 4.09,
            "eps_4q_growth_year": -25.99,
            "roe": 3.01,
            "roe_4q": 11.209999999999999,
            "gross_profit": null,
            "gross_margin": null,
            "gross_margin_4q_avg": 0,
            "net_income": 563000,
            "net_income_4q": null,
            "revenue": 6234000,
            "revenue_4q": null,
            "common_shares": 5000,
            "book_valuer_per_share": 40.05,
            "book_valuer_per_share_4q_avg": 38.68,
            "equity": 18858000,
            "current_ratio": null,
            "debt_ratio": 94.24,
            "inventory_turnover_ratio": null,
            "account_receivable_turnover_ratio": null,
            "reinvestment_rate": null,
            "research_to_sale_ratio": null,
            "price_fair": 45.83,
            "eps_avg_yearly": 4.08,
            "eps_latest_yearly": 4.24,
            "eps_growth_yearly": 1.23
        },
        "20023": {
            "year_quarter": 20023,
            "year": 2002,
            "quarter": 3,
            "eps": 1,
            "eps_growth_year": 1.38,
            "eps_4q": 4.1,
            "eps_4q_growth_year": -15.96,
            "roe": 2.77,
            "roe_4q": 11.379999999999999,
            "gross_profit": null,
            "gross_margin": null,
            "gross_margin_4q_avg": 0,
            "net_income": 522000,
            "net_income_4q": null,
            "revenue": 5872000,
            "revenue_4q": null,
            "common_shares": 5000,
            "book_valuer_per_share": 39.36,
            "book_valuer_per_share_4q_avg": 39.17,
            "equity": 18844000,
            "current_ratio": null,
            "debt_ratio": 94.61,
            "inventory_turnover_ratio": null,
            "account_receivable_turnover_ratio": null,
            "reinvestment_rate": null,
            "research_to_sale_ratio": null,
            "price_fair": 12.16,
            "eps_avg_yearly": 4.05,
            "eps_latest_yearly": 4,
            "eps_growth_yearly": -6.73
        },
        "20024": {
            "year_quarter": 20024,
            "year": 2002,
            "quarter": 4,
            "eps": 0.98,
            "eps_growth_year": -7.41,
            "eps_4q": 4.03,
            "eps_4q_growth_year": -15.02,
            "roe": 2.67,
            "roe_4q": 11.299999999999999,
            "gross_profit": null,
            "gross_margin": null,
            "gross_margin_4q_avg": 0,
            "net_income": 505000,
            "net_income_4q": null,
            "revenue": 5048000,
            "revenue_4q": null,
            "common_shares": 5000,
            "book_valuer_per_share": 40.18,
            "book_valuer_per_share_4q_avg": 39.64,
            "equity": 19003000,
            "current_ratio": null,
            "debt_ratio": 94.66,
            "inventory_turnover_ratio": null,
            "account_receivable_turnover_ratio": null,
            "reinvestment_rate": null,
            "research_to_sale_ratio": null,
            "price_fair": 12.06,
            "eps_avg_yearly": 4.02,
            "eps_latest_yearly": 3.92,
            "eps_growth_yearly": -7.04
        },
        "20031": {
            "year_quarter": 20031,
            "year": 2003,
            "quarter": 1,
            "eps": 1.29,
            "eps_growth_year": 31.86,
            "eps_4q": 4.34,
            "eps_4q_growth_year": 3.17,
            "roe": 3.44,
            "roe_4q": 11.889999999999999,
            "gross_profit": null,
            "gross_margin": null,
            "gross_margin_4q_avg": 0,
            "net_income": 662000,
            "net_income_4q": null,
            "revenue": 6094000,
            "revenue_4q": null,
            "common_shares": 5000,
            "book_valuer_per_share": 41.47,
            "book_valuer_per_share_4q_avg": 40.27,
            "equity": 19514000,
            "current_ratio": null,
            "debt_ratio": 94.75,
            "inventory_turnover_ratio": null,
            "account_receivable_turnover_ratio": null,
            "reinvestment_rate": null,
            "research_to_sale_ratio": null,
            "price_fair": 126.04,
            "eps_avg_yearly": 4.25,
            "eps_latest_yearly": 5.16,
            "eps_growth_yearly": 19.67
        },
        "20032": {
            "year_quarter": 20032,
            "year": 2003,
            "quarter": 2,
            "eps": 1.36,
            "eps_growth_year": 28.48,
            "eps_4q": 4.64,
            "eps_4q_growth_year": 13.44,
            "roe": 3.51,
            "roe_4q": 12.389999999999999,
            "gross_profit": null,
            "gross_margin": null,
            "gross_margin_4q_avg": 0,
            "net_income": 695000,
            "net_income_4q": null,
            "revenue": 5985000,
            "revenue_4q": null,
            "common_shares": 5000,
            "book_valuer_per_share": 42.89,
            "book_valuer_per_share_4q_avg": 40.98,
            "equity": 20042000,
            "current_ratio": null,
            "debt_ratio": 95.05,
            "inventory_turnover_ratio": null,
            "account_receivable_turnover_ratio": null,
            "reinvestment_rate": null,
            "research_to_sale_ratio": null,
            "price_fair": 133.44,
            "eps_avg_yearly": 4.45,
            "eps_latest_yearly": 5.44,
            "eps_growth_yearly": 20.01
        },
        "20033": {
            "year_quarter": 20033,
            "year": 2003,
            "quarter": 3,
            "eps": 1.32,
            "eps_growth_year": 31.9,
            "eps_4q": 4.96,
            "eps_4q_growth_year": 20.86,
            "roe": 3.34,
            "roe_4q": 12.959999999999999,
            "gross_profit": null,
            "gross_margin": null,
            "gross_margin_4q_avg": 0,
            "net_income": 677000,
            "net_income_4q": null,
            "revenue": 5715000,
            "revenue_4q": null,
            "common_shares": 5000,
            "book_valuer_per_share": 43.18,
            "book_valuer_per_share_4q_avg": 41.93,
            "equity": 20438000,
            "current_ratio": null,
            "debt_ratio": 94.81,
            "inventory_turnover_ratio": null,
            "account_receivable_turnover_ratio": null,
            "reinvestment_rate": null,
            "research_to_sale_ratio": null,
            "price_fair": 116.29,
            "eps_avg_yearly": 4.57,
            "eps_latest_yearly": 5.28,
            "eps_growth_yearly": 15.47
        },
        "20034": {
            "year_quarter": 20034,
            "year": 2003,
            "quarter": 4,
            "eps": 2.14,
            "eps_growth_year": 118.44,
            "eps_4q": 6.12,
            "eps_4q_growth_year": 52.09,
            "roe": 4.62,
            "roe_4q": 14.909999999999998,
            "gross_profit": null,
            "gross_margin": null,
            "gross_margin_4q_avg": 0,
            "net_income": 971000,
            "net_income_4q": null,
            "revenue": 5829000,
            "revenue_4q": null,
            "common_shares": 5000,
            "book_valuer_per_share": 35.2,
            "book_valuer_per_share_4q_avg": 40.69,
            "equity": 21632000,
            "current_ratio": null,
            "debt_ratio": 94.64,
            "inventory_turnover_ratio": null,
            "account_receivable_turnover_ratio": null,
            "reinvestment_rate": null,
            "research_to_sale_ratio": null,
            "price_fair": 177.28,
            "eps_avg_yearly": 5.07,
            "eps_latest_yearly": 8.56,
            "eps_growth_yearly": 44.6
        },
        "20041": {
            "year_quarter": 20041,
            "year": 2004,
            "quarter": 1,
            "eps": 2.5,
            "eps_growth_year": 93.39,
            "eps_4q": 7.33,
            "eps_4q_growth_year": 68.97,
            "roe": 5.9,
            "roe_4q": 17.369999999999997,
            "gross_profit": null,
            "gross_margin": null,
            "gross_margin_4q_avg": 0,
            "net_income": 1293000,
            "net_income_4q": null,
            "revenue": 7905000,
            "revenue_4q": null,
            "common_shares": 5000,
            "book_valuer_per_share": 35.81,
            "book_valuer_per_share_4q_avg": 39.27,
            "equity": 22235000,
            "current_ratio": null,
            "debt_ratio": 94.98,
            "inventory_turnover_ratio": null,
            "account_receivable_turnover_ratio": null,
            "reinvestment_rate": null,
            "research_to_sale_ratio": null,
            "price_fair": 196.47,
            "eps_avg_yearly": 5.61,
            "eps_latest_yearly": 10,
            "eps_growth_yearly": 47.12
        },
        "20042": {
            "year_quarter": 20042,
            "year": 2004,
            "quarter": 2,
            "eps": 2.31,
            "eps_growth_year": 69.69,
            "eps_4q": 8.28,
            "eps_4q_growth_year": 78.44,
            "roe": 5.23,
            "roe_4q": 19.09,
            "gross_profit": null,
            "gross_margin": null,
            "gross_margin_4q_avg": 0,
            "net_income": 1187000,
            "net_income_4q": null,
            "revenue": 7676000,
            "revenue_4q": null,
            "common_shares": 5000,
            "book_valuer_per_share": 48.17,
            "book_valuer_per_share_4q_avg": 40.59,
            "equity": 23152000,
            "current_ratio": null,
            "debt_ratio": 95.05,
            "inventory_turnover_ratio": null,
            "account_receivable_turnover_ratio": null,
            "reinvestment_rate": null,
            "research_to_sale_ratio": null,
            "price_fair": 209.16,
            "eps_avg_yearly": 5.98,
            "eps_latest_yearly": 9.24,
            "eps_growth_yearly": 39.37
        },
        "20043": {
            "year_quarter": 20043,
            "year": 2004,
            "quarter": 3,
            "eps": 1.74,
            "eps_growth_year": 31.56,
            "eps_4q": 8.7,
            "eps_4q_growth_year": 75.34,
            "roe": 3.77,
            "roe_4q": 19.52,
            "gross_profit": null,
            "gross_margin": null,
            "gross_margin_4q_avg": 0,
            "net_income": 879000,
            "net_income_4q": null,
            "revenue": 6803000,
            "revenue_4q": null,
            "common_shares": 6000,
            "book_valuer_per_share": 48.59,
            "book_valuer_per_share_4q_avg": 41.94,
            "equity": 23514000,
            "current_ratio": null,
            "debt_ratio": 95.17,
            "inventory_turnover_ratio": null,
            "account_receivable_turnover_ratio": null,
            "reinvestment_rate": null,
            "research_to_sale_ratio": null,
            "price_fair": 212.29,
            "eps_avg_yearly": 6.07,
            "eps_latest_yearly": 6.96,
            "eps_growth_yearly": 26.82
        },
        "20044": {
            "year_quarter": 20044,
            "year": 2004,
            "quarter": 4,
            "eps": 2.36,
            "eps_growth_year": 10.03,
            "eps_4q": 8.91,
            "eps_4q_growth_year": 45.57,
            "roe": 4.91,
            "roe_4q": 19.810000000000002,
            "gross_profit": null,
            "gross_margin": null,
            "gross_margin_4q_avg": 0,
            "net_income": 1194000,
            "net_income_4q": null,
            "revenue": 7455000,
            "revenue_4q": null,
            "common_shares": 6000,
            "book_valuer_per_share": 52.14,
            "book_valuer_per_share_4q_avg": 46.18,
            "equity": 25079000,
            "current_ratio": null,
            "debt_ratio": 95.28,
            "inventory_turnover_ratio": null,
            "account_receivable_turnover_ratio": null,
            "reinvestment_rate": null,
            "research_to_sale_ratio": null,
            "price_fair": 222.13,
            "eps_avg_yearly": 6.35,
            "eps_latest_yearly": 9.44,
            "eps_growth_yearly": 36.46
        },
        "20051": {
            "year_quarter": 20051,
            "year": 2005,
            "quarter": 1,
            "eps": 2.94,
            "eps_growth_year": 17.39,
            "eps_4q": 9.35,
            "eps_4q_growth_year": 27.52,
            "roe": 5.91,
            "roe_4q": 19.82,
            "gross_profit": null,
            "gross_margin": null,
            "gross_margin_4q_avg": 0,
            "net_income": 1512000,
            "net_income_4q": null,
            "revenue": 9964000,
            "revenue_4q": null,
            "common_shares": 6000,
            "book_valuer_per_share": 54.51,
            "book_valuer_per_share_4q_avg": 50.85,
            "equity": 26075000,
            "current_ratio": null,
            "debt_ratio": 95.63,
            "inventory_turnover_ratio": null,
            "account_receivable_turnover_ratio": null,
            "reinvestment_rate": null,
            "research_to_sale_ratio": null,
            "price_fair": 236.71,
            "eps_avg_yearly": 6.76,
            "eps_latest_yearly": 11.76,
            "eps_growth_yearly": 41.22
        },
        "20052": {
            "year_quarter": 20052,
            "year": 2005,
            "quarter": 2,
            "eps": 1.71,
            "eps_growth_year": -26.08,
            "eps_4q": 8.74,
            "eps_4q_growth_year": 5.61,
            "roe": 3.3,
            "roe_4q": 17.89,
            "gross_profit": null,
            "gross_margin": null,
            "gross_margin_4q_avg": 0,
            "net_income": 865000,
            "net_income_4q": null,
            "revenue": 8949000,
            "revenue_4q": null,
            "common_shares": 6000,
            "book_valuer_per_share": 54.9,
            "book_valuer_per_share_4q_avg": 52.54,
            "equity": 26395000,
            "current_ratio": null,
            "debt_ratio": 95.77,
            "inventory_turnover_ratio": null,
            "account_receivable_turnover_ratio": null,
            "reinvestment_rate": null,
            "research_to_sale_ratio": null,
            "price_fair": 236.9,
            "eps_avg_yearly": 6.77,
            "eps_latest_yearly": 6.84,
            "eps_growth_yearly": 26.32
        },
        "20053": {
            "year_quarter": 20053,
            "year": 2005,
            "quarter": 3,
            "eps": 3.25,
            "eps_growth_year": 86.93,
            "eps_4q": 10.26,
            "eps_4q_growth_year": 17.94,
            "roe": 6.1,
            "roe_4q": 20.22,
            "gross_profit": null,
            "gross_margin": null,
            "gross_margin_4q_avg": 0,
            "net_income": 1617000,
            "net_income_4q": null,
            "revenue": 12333000,
            "revenue_4q": null,
            "common_shares": 6000,
            "book_valuer_per_share": 57.01,
            "book_valuer_per_share_4q_avg": 54.64,
            "equity": 26607000,
            "current_ratio": null,
            "debt_ratio": 96.03,
            "inventory_turnover_ratio": null,
            "account_receivable_turnover_ratio": null,
            "reinvestment_rate": null,
            "research_to_sale_ratio": null,
            "price_fair": 251.44,
            "eps_avg_yearly": 7.18,
            "eps_latest_yearly": 13,
            "eps_growth_yearly": 48.58
        },
        "20054": {
            "year_quarter": 20054,
            "year": 2005,
            "quarter": 4,
            "eps": 3.35,
            "eps_growth_year": 41.9,
            "eps_4q": 11.24,
            "eps_4q_growth_year": 26.19,
            "roe": 5.98,
            "roe_4q": 21.29,
            "gross_profit": null,
            "gross_margin": null,
            "gross_margin_4q_avg": 0,
            "net_income": 1632000,
            "net_income_4q": null,
            "revenue": 12145000,
            "revenue_4q": null,
            "common_shares": 6000,
            "book_valuer_per_share": 60.05,
            "book_valuer_per_share_4q_avg": 56.62,
            "equity": 28002000,
            "current_ratio": null,
            "debt_ratio": 96.04,
            "inventory_turnover_ratio": null,
            "account_receivable_turnover_ratio": null,
            "reinvestment_rate": null,
            "research_to_sale_ratio": null,
            "price_fair": 265.04,
            "eps_avg_yearly": 7.57,
            "eps_latest_yearly": 13.4,
            "eps_growth_yearly": 46.31
        },
        "20061": {
            "year_quarter": 20061,
            "year": 2006,
            "quarter": 1,
            "eps": 5.08,
            "eps_growth_year": 72.91,
            "eps_4q": 13.39,
            "eps_4q_growth_year": 43.21,
            "roe": 8.71,
            "roe_4q": 24.09,
            "gross_profit": null,
            "gross_margin": null,
            "gross_margin_4q_avg": 0,
            "net_income": 2479000,
            "net_income_4q": null,
            "revenue": 17246000,
            "revenue_4q": null,
            "common_shares": 6000,
            "book_valuer_per_share": 62.99,
            "book_valuer_per_share_4q_avg": 58.74,
            "equity": 28915000,
            "current_ratio": null,
            "debt_ratio": 96.19,
            "inventory_turnover_ratio": null,
            "account_receivable_turnover_ratio": null,
            "reinvestment_rate": null,
            "research_to_sale_ratio": null,
            "price_fair": 300.91,
            "eps_avg_yearly": 8.6,
            "eps_latest_yearly": 20.32,
            "eps_growth_yearly": 61.11
        },
        "20062": {
            "year_quarter": 20062,
            "year": 2006,
            "quarter": 2,
            "eps": 4.78,
            "eps_growth_year": 179.69,
            "eps_4q": 16.46,
            "eps_4q_growth_year": 88.21,
            "roe": 7.62,
            "roe_4q": 28.410000000000004,
            "gross_profit": null,
            "gross_margin": null,
            "gross_margin_4q_avg": 0,
            "net_income": 2312000,
            "net_income_4q": null,
            "revenue": 18002000,
            "revenue_4q": null,
            "common_shares": 6000,
            "book_valuer_per_share": 67.73,
            "book_valuer_per_share_4q_avg": 61.95,
            "equity": 31800000,
            "current_ratio": null,
            "debt_ratio": 96.02,
            "inventory_turnover_ratio": null,
            "account_receivable_turnover_ratio": null,
            "reinvestment_rate": null,
            "research_to_sale_ratio": null,
            "price_fair": 333.46,
            "eps_avg_yearly": 9.53,
            "eps_latest_yearly": 19.12,
            "eps_growth_yearly": 57.59
        },
        "20063": {
            "year_quarter": 20063,
            "year": 2006,
            "quarter": 3,
            "eps": 3.26,
            "eps_growth_year": 0.11,
            "eps_4q": 16.46,
            "eps_4q_growth_year": 60.47,
            "roe": 4.88,
            "roe_4q": 27.19,
            "gross_profit": null,
            "gross_margin": null,
            "gross_margin_4q_avg": 0,
            "net_income": 1594000,
            "net_income_4q": null,
            "revenue": 15979000,
            "revenue_4q": null,
            "common_shares": 6000,
            "book_valuer_per_share": 70.86,
            "book_valuer_per_share_4q_avg": 65.41,
            "equity": 33493000,
            "current_ratio": null,
            "debt_ratio": 95.8,
            "inventory_turnover_ratio": null,
            "account_receivable_turnover_ratio": null,
            "reinvestment_rate": null,
            "research_to_sale_ratio": null,
            "price_fair": 353.24,
            "eps_avg_yearly": 10.09,
            "eps_latest_yearly": 13.04,
            "eps_growth_yearly": 51.06
        },
        "20064": {
            "year_quarter": 20064,
            "year": 2006,
            "quarter": 4,
            "eps": 6.59,
            "eps_growth_year": 97.02,
            "eps_4q": 19.71,
            "eps_4q_growth_year": 75.25,
            "roe": 9.1,
            "roe_4q": 30.310000000000002,
            "gross_profit": null,
            "gross_margin": null,
            "gross_margin_4q_avg": 0,
            "net_income": 3152000,
            "net_income_4q": null,
            "revenue": 18126000,
            "revenue_4q": null,
            "common_shares": 6000,
            "book_valuer_per_share": 65.43,
            "book_valuer_per_share_4q_avg": 66.75,
            "equity": 35786000,
            "current_ratio": null,
            "debt_ratio": 95.73,
            "inventory_turnover_ratio": null,
            "account_receivable_turnover_ratio": null,
            "reinvestment_rate": null,
            "research_to_sale_ratio": null,
            "price_fair": 402.33,
            "eps_avg_yearly": 11.5,
            "eps_latest_yearly": 26.36,
            "eps_growth_yearly": 77.09
        },
        "20071": {
            "year_quarter": 20071,
            "year": 2007,
            "quarter": 1,
            "eps": 6.67,
            "eps_growth_year": 31.43,
            "eps_4q": 21.3,
            "eps_4q_growth_year": 59.15,
            "roe": 8.8,
            "roe_4q": 30.4,
            "gross_profit": null,
            "gross_margin": null,
            "gross_margin_4q_avg": 0,
            "net_income": 3197000,
            "net_income_4q": null,
            "revenue": 22280000,
            "revenue_4q": null,
            "common_shares": 6000,
            "book_valuer_per_share": 68.58,
            "book_valuer_per_share_4q_avg": 68.15,
            "equity": 36900000,
            "current_ratio": null,
            "debt_ratio": 95.96,
            "inventory_turnover_ratio": null,
            "account_receivable_turnover_ratio": null,
            "reinvestment_rate": null,
            "research_to_sale_ratio": null,
            "price_fair": 449.4,
            "eps_avg_yearly": 12.84,
            "eps_latest_yearly": 26.68,
            "eps_growth_yearly": 69.49
        },
        "20072": {
            "year_quarter": 20072,
            "year": 2007,
            "quarter": 2,
            "eps": 4.93,
            "eps_growth_year": 3.1,
            "eps_4q": 21.45,
            "eps_4q_growth_year": 30.35,
            "roe": 6.19,
            "roe_4q": 28.970000000000002,
            "gross_profit": null,
            "gross_margin": null,
            "gross_margin_4q_avg": 0,
            "net_income": 2333000,
            "net_income_4q": null,
            "revenue": 20351000,
            "revenue_4q": null,
            "common_shares": 6000,
            "book_valuer_per_share": 73.25,
            "book_valuer_per_share_4q_avg": 69.53,
            "equity": 38459000,
            "current_ratio": null,
            "debt_ratio": 95.92,
            "inventory_turnover_ratio": null,
            "account_receivable_turnover_ratio": null,
            "reinvestment_rate": null,
            "research_to_sale_ratio": null,
            "price_fair": 480.64,
            "eps_avg_yearly": 13.73,
            "eps_latest_yearly": 19.72,
            "eps_growth_yearly": 61.61
        },
        "20073": {
            "year_quarter": 20073,
            "year": 2007,
            "quarter": 3,
            "eps": 6.13,
            "eps_growth_year": 88.34,
            "eps_4q": 24.33,
            "eps_4q_growth_year": 47.81,
            "roe": 7.36,
            "roe_4q": 31.450000000000003,
            "gross_profit": null,
            "gross_margin": null,
            "gross_margin_4q_avg": 0,
            "net_income": 2854000,
            "net_income_4q": null,
            "revenue": 23803000,
            "revenue_4q": null,
            "common_shares": 6000,
            "book_valuer_per_share": 76.83,
            "book_valuer_per_share_4q_avg": 71.02,
            "equity": 39118000,
            "current_ratio": null,
            "debt_ratio": 96.26,
            "inventory_turnover_ratio": null,
            "account_receivable_turnover_ratio": null,
            "reinvestment_rate": null,
            "research_to_sale_ratio": null,
            "price_fair": 522.73,
            "eps_avg_yearly": 14.94,
            "eps_latest_yearly": 24.52,
            "eps_growth_yearly": 68.43
        },
        "20074": {
            "year_quarter": 20074,
            "year": 2007,
            "quarter": 4,
            "eps": 7.01,
            "eps_growth_year": 6.29,
            "eps_4q": 24.74,
            "eps_4q_growth_year": 25.55,
            "roe": 7.85,
            "roe_4q": 30.200000000000003,
            "gross_profit": null,
            "gross_margin": null,
            "gross_margin_4q_avg": 0,
            "net_income": 3215000,
            "net_income_4q": null,
            "revenue": 21534000,
            "revenue_4q": null,
            "common_shares": 6000,
            "book_valuer_per_share": 88.58,
            "book_valuer_per_share_4q_avg": 76.81,
            "equity": 42800000,
            "current_ratio": null,
            "debt_ratio": 96.18,
            "inventory_turnover_ratio": null,
            "account_receivable_turnover_ratio": null,
            "reinvestment_rate": null,
            "research_to_sale_ratio": null,
            "price_fair": 565.34,
            "eps_avg_yearly": 16.15,
            "eps_latest_yearly": 28.04,
            "eps_growth_yearly": 56.49
        },
        "20081": {
            "year_quarter": 20081,
            "year": 2008,
            "quarter": 1,
            "eps": 3.23,
            "eps_growth_year": -51.51,
            "eps_4q": 21.31,
            "eps_4q_growth_year": 0.02,
            "roe": 3.54,
            "roe_4q": 24.94,
            "gross_profit": null,
            "gross_margin": null,
            "gross_margin_4q_avg": 0,
            "net_income": 1511000,
            "net_income_4q": null,
            "revenue": 18629000,
            "revenue_4q": null,
            "common_shares": 6000,
            "book_valuer_per_share": 86.97,
            "book_valuer_per_share_4q_avg": 81.41,
            "equity": 42629000,
            "current_ratio": null,
            "debt_ratio": 96.41,
            "inventory_turnover_ratio": null,
            "account_receivable_turnover_ratio": null,
            "reinvestment_rate": null,
            "research_to_sale_ratio": null,
            "price_fair": 571.73,
            "eps_avg_yearly": 16.34,
            "eps_latest_yearly": 12.92,
            "eps_growth_yearly": 38.8
        },
        "20082": {
            "year_quarter": 20082,
            "year": 2008,
            "quarter": 2,
            "eps": 4.58,
            "eps_growth_year": -6.97,
            "eps_4q": 20.96,
            "eps_4q_growth_year": -2.27,
            "roe": 4.77,
            "roe_4q": 23.519999999999996,
            "gross_profit": null,
            "gross_margin": null,
            "gross_margin_4q_avg": 0,
            "net_income": 2087000,
            "net_income_4q": null,
            "revenue": 17643000,
            "revenue_4q": null,
            "common_shares": 6000,
            "book_valuer_per_share": 92.28,
            "book_valuer_per_share_4q_avg": 86.17,
            "equity": 44818000,
            "current_ratio": null,
            "debt_ratio": 95.88,
            "inventory_turnover_ratio": null,
            "account_receivable_turnover_ratio": null,
            "reinvestment_rate": null,
            "research_to_sale_ratio": null,
            "price_fair": 591.59,
            "eps_avg_yearly": 16.9,
            "eps_latest_yearly": 18.32,
            "eps_growth_yearly": 51.15
        },
        "20083": {
            "year_quarter": 20083,
            "year": 2008,
            "quarter": 3,
            "eps": 1.81,
            "eps_growth_year": -70.55,
            "eps_4q": 16.64,
            "eps_4q_growth_year": -31.62,
            "roe": 1.87,
            "roe_4q": 18.03,
            "gross_profit": null,
            "gross_margin": null,
            "gross_margin_4q_avg": 0,
            "net_income": 845000,
            "net_income_4q": null,
            "revenue": 13625000,
            "revenue_4q": null,
            "common_shares": 6000,
            "book_valuer_per_share": 94.46,
            "book_valuer_per_share_4q_avg": 90.57,
            "equity": 45599000,
            "current_ratio": null,
            "debt_ratio": 95.78,
            "inventory_turnover_ratio": null,
            "account_receivable_turnover_ratio": null,
            "reinvestment_rate": null,
            "research_to_sale_ratio": null,
            "price_fair": 592.2,
            "eps_avg_yearly": 16.92,
            "eps_latest_yearly": 7.24,
            "eps_growth_yearly": 42.2
        },
        "20084": {
            "year_quarter": 20084,
            "year": 2008,
            "quarter": 4,
            "eps": -4.58,
            "eps_growth_year": -165.4,
            "eps_4q": 5.04,
            "eps_4q_growth_year": -79.62,
            "roe": -3.86,
            "roe_4q": 6.32,
            "gross_profit": null,
            "gross_margin": null,
            "gross_margin_4q_avg": 0,
            "net_income": -2121000,
            "net_income_4q": null,
            "revenue": 3682000,
            "revenue_4q": null,
            "common_shares": 7000,
            "book_valuer_per_share": 96.82,
            "book_valuer_per_share_4q_avg": 92.63,
            "equity": 64369000,
            "current_ratio": null,
            "debt_ratio": 92.72,
            "inventory_turnover_ratio": null,
            "account_receivable_turnover_ratio": null,
            "reinvestment_rate": null,
            "research_to_sale_ratio": null,
            "price_fair": 609.65,
            "eps_avg_yearly": 17.42,
            "eps_latest_yearly": 7.24,
            "eps_growth_yearly": 35.51
        },
        "20091": {
            "year_quarter": 20091,
            "year": 2009,
            "quarter": 1,
            "eps": 3.39,
            "eps_growth_year": 4.84,
            "eps_4q": 5.2,
            "eps_4q_growth_year": -75.6,
            "roe": 2.84,
            "roe_4q": 5.619999999999999,
            "gross_profit": null,
            "gross_margin": null,
            "gross_margin_4q_avg": 0,
            "net_income": 1814000,
            "net_income_4q": null,
            "revenue": 11880000,
            "revenue_4q": null,
            "common_shares": 7000,
            "book_valuer_per_share": 90.66,
            "book_valuer_per_share_4q_avg": 93.56,
            "equity": 63553000,
            "current_ratio": null,
            "debt_ratio": 93.13,
            "inventory_turnover_ratio": null,
            "account_receivable_turnover_ratio": null,
            "reinvestment_rate": null,
            "research_to_sale_ratio": null,
            "price_fair": 623.8,
            "eps_avg_yearly": 17.82,
            "eps_latest_yearly": 7.24,
            "eps_growth_yearly": 31.03
        },
        "20092": {
            "year_quarter": 20092,
            "year": 2009,
            "quarter": 2,
            "eps": 4.93,
            "eps_growth_year": 7.6,
            "eps_4q": 5.55,
            "eps_4q_growth_year": -73.54,
            "roe": 5.44,
            "roe_4q": 6.290000000000002,
            "gross_profit": null,
            "gross_margin": null,
            "gross_margin_4q_avg": 0,
            "net_income": 3435000,
            "net_income_4q": null,
            "revenue": 15189000,
            "revenue_4q": null,
            "common_shares": 7000,
            "book_valuer_per_share": 99.63,
            "book_valuer_per_share_4q_avg": 95.39,
            "equity": 62813000,
            "current_ratio": null,
            "debt_ratio": 92.94,
            "inventory_turnover_ratio": null,
            "account_receivable_turnover_ratio": null,
            "reinvestment_rate": null,
            "research_to_sale_ratio": null,
            "price_fair": 656,
            "eps_avg_yearly": 18.74,
            "eps_latest_yearly": 19.72,
            "eps_growth_yearly": 55.96
        },
        "20093": {
            "year_quarter": 20093,
            "year": 2009,
            "quarter": 3,
            "eps": 5.25,
            "eps_growth_year": 190.49,
            "eps_4q": 8.99,
            "eps_4q_growth_year": -45.97,
            "roe": 4.97,
            "roe_4q": 9.39,
            "gross_profit": null,
            "gross_margin": null,
            "gross_margin_4q_avg": 0,
            "net_income": 3188000,
            "net_income_4q": null,
            "revenue": 13682000,
            "revenue_4q": null,
            "common_shares": 8000,
            "book_valuer_per_share": 104.21,
            "book_valuer_per_share_4q_avg": 97.83,
            "equity": 65354000,
            "current_ratio": null,
            "debt_ratio": 92.59,
            "inventory_turnover_ratio": null,
            "account_receivable_turnover_ratio": null,
            "reinvestment_rate": null,
            "research_to_sale_ratio": null,
            "price_fair": 676,
            "eps_avg_yearly": 19.31,
            "eps_latest_yearly": 21,
            "eps_growth_yearly": 32.08
        },
        "20094": {
            "year_quarter": 20094,
            "year": 2009,
            "quarter": 4,
            "eps": 8.2,
            "eps_growth_year": null,
            "eps_4q": 21.77,
            "eps_4q_growth_year": 331.79,
            "roe": 7.27,
            "roe_4q": 20.52,
            "gross_profit": null,
            "gross_margin": null,
            "gross_margin_4q_avg": 0,
            "net_income": 4948000,
            "net_income_4q": null,
            "revenue": 10922000,
            "revenue_4q": null,
            "common_shares": 8000,
            "book_valuer_per_share": 114.22,
            "book_valuer_per_share_4q_avg": 102.18,
            "equity": 70714000,
            "current_ratio": null,
            "debt_ratio": 91.67,
            "inventory_turnover_ratio": null,
            "account_receivable_turnover_ratio": null,
            "reinvestment_rate": null,
            "research_to_sale_ratio": null,
            "price_fair": 724.5,
            "eps_avg_yearly": 20.7,
            "eps_latest_yearly": 32.8,
            "eps_growth_yearly": 47.26
        },
        "20101": {
            "year_quarter": 20101,
            "year": 2010,
            "quarter": 1,
            "eps": 5.59,
            "eps_growth_year": 64.73,
            "eps_4q": 23.96,
            "eps_4q_growth_year": 361.02,
            "roe": 4.81,
            "roe_4q": 22.49,
            "gross_profit": null,
            "gross_margin": null,
            "gross_margin_4q_avg": 0,
            "net_income": 3456000,
            "net_income_4q": null,
            "revenue": 14358000,
            "revenue_4q": null,
            "common_shares": 8000,
            "book_valuer_per_share": 116.7,
            "book_valuer_per_share_4q_avg": 108.69,
            "equity": 72944000,
            "current_ratio": null,
            "debt_ratio": 91.72,
            "inventory_turnover_ratio": null,
            "account_receivable_turnover_ratio": null,
            "reinvestment_rate": null,
            "research_to_sale_ratio": null,
            "price_fair": 696.47,
            "eps_avg_yearly": 20.85,
            "eps_latest_yearly": 22.36,
            "eps_growth_yearly": 23.41
        },
        "20102": {
            "year_quarter": 20102,
            "year": 2010,
            "quarter": 2,
            "eps": 2.75,
            "eps_growth_year": -44.22,
            "eps_4q": 21.78,
            "eps_4q_growth_year": 292.73,
            "roe": 0.84,
            "roe_4q": 17.889999999999997,
            "gross_profit": null,
            "gross_margin": null,
            "gross_margin_4q_avg": 0,
            "net_income": 613000,
            "net_income_4q": null,
            "revenue": 10524000,
            "revenue_4q": null,
            "common_shares": 8000,
            "book_valuer_per_share": 118.27,
            "book_valuer_per_share_4q_avg": 113.35,
            "equity": 73819000,
            "current_ratio": null,
            "debt_ratio": 91.64,
            "inventory_turnover_ratio": null,
            "account_receivable_turnover_ratio": null,
            "reinvestment_rate": null,
            "research_to_sale_ratio": null,
            "price_fair": 417.12,
            "eps_avg_yearly": 20.27,
            "eps_latest_yearly": 11,
            "eps_growth_yearly": 10.58
        },
        "20103": {
            "year_quarter": 20103,
            "year": 2010,
            "quarter": 3,
            "eps": 2.98,
            "eps_growth_year": -43.21,
            "eps_4q": 19.52,
            "eps_4q_growth_year": 117.12,
            "roe": 2.54,
            "roe_4q": 15.459999999999999,
            "gross_profit": null,
            "gross_margin": null,
            "gross_margin_4q_avg": 0,
            "net_income": 1898000,
            "net_income_4q": null,
            "revenue": 10712000,
            "revenue_4q": null,
            "common_shares": 8000,
            "book_valuer_per_share": 122.84,
            "book_valuer_per_share_4q_avg": 118.01,
            "equity": 75657000,
            "current_ratio": null,
            "debt_ratio": 91.67,
            "inventory_turnover_ratio": null,
            "account_receivable_turnover_ratio": null,
            "reinvestment_rate": null,
            "research_to_sale_ratio": null,
            "price_fair": 647.1,
            "eps_avg_yearly": 20.19,
            "eps_latest_yearly": 11.92,
            "eps_growth_yearly": 22.06
        },
        "20104": {
            "year_quarter": 20104,
            "year": 2010,
            "quarter": 4,
            "eps": 4.08,
            "eps_growth_year": -50.23,
            "eps_4q": 15.4,
            "eps_4q_growth_year": -29.26,
            "roe": 3.12,
            "roe_4q": 11.309999999999999,
            "gross_profit": null,
            "gross_margin": null,
            "gross_margin_4q_avg": 0,
            "net_income": 2387000,
            "net_income_4q": null,
            "revenue": 10373000,
            "revenue_4q": null,
            "common_shares": 8000,
            "book_valuer_per_share": 127.83,
            "book_valuer_per_share_4q_avg": 121.41,
            "equity": 77356000,
            "current_ratio": null,
            "debt_ratio": 91.51,
            "inventory_turnover_ratio": null,
            "account_receivable_turnover_ratio": null,
            "reinvestment_rate": null,
            "research_to_sale_ratio": null,
            "price_fair": 261.25,
            "eps_avg_yearly": 19.47,
            "eps_latest_yearly": 16.32,
            "eps_growth_yearly": 3.42
        },
        "20111": {
            "year_quarter": 20111,
            "year": 2011,
            "quarter": 1,
            "eps": 1.81,
            "eps_growth_year": -67.55,
            "eps_4q": 11.63,
            "eps_4q_growth_year": -51.49,
            "roe": 3.65,
            "roe_4q": 10.149999999999999,
            "gross_profit": null,
            "gross_margin": null,
            "gross_margin_4q_avg": 0,
            "net_income": 2735000,
            "net_income_4q": null,
            "revenue": 13643000,
            "revenue_4q": null,
            "common_shares": 8000,
            "book_valuer_per_share": 123.82,
            "book_valuer_per_share_4q_avg": 123.19,
            "equity": 72469000,
            "current_ratio": null,
            "debt_ratio": 92.24,
            "inventory_turnover_ratio": null,
            "account_receivable_turnover_ratio": null,
            "reinvestment_rate": null,
            "research_to_sale_ratio": null,
            "price_fair": 54.24,
            "eps_avg_yearly": 18.08,
            "eps_latest_yearly": 7.24,
            "eps_growth_yearly": -12.82
        },
        "20112": {
            "year_quarter": 20112,
            "year": 2011,
            "quarter": 2,
            "eps": 1.85,
            "eps_growth_year": -32.87,
            "eps_4q": 10.72,
            "eps_4q_growth_year": -50.78,
            "roe": 1.5,
            "roe_4q": 10.809999999999999,
            "gross_profit": null,
            "gross_margin": null,
            "gross_margin_4q_avg": 0,
            "net_income": 1087000,
            "net_income_4q": null,
            "revenue": 9549000,
            "revenue_4q": null,
            "common_shares": 8000,
            "book_valuer_per_share": 126.16,
            "book_valuer_per_share_4q_avg": 125.16,
            "equity": 72356000,
            "current_ratio": null,
            "debt_ratio": 92.28,
            "inventory_turnover_ratio": null,
            "account_receivable_turnover_ratio": null,
            "reinvestment_rate": null,
            "research_to_sale_ratio": null,
            "price_fair": 51.6,
            "eps_avg_yearly": 17.2,
            "eps_latest_yearly": 7.4,
            "eps_growth_yearly": -4.74
        },
        "20113": {
            "year_quarter": 20113,
            "year": 2011,
            "quarter": 3,
            "eps": -0.81,
            "eps_growth_year": -127.24,
            "eps_4q": 6.93,
            "eps_4q_growth_year": -64.5,
            "roe": -0.55,
            "roe_4q": 7.72,
            "gross_profit": null,
            "gross_margin": null,
            "gross_margin_4q_avg": 0,
            "net_income": -393000,
            "net_income_4q": null,
            "revenue": 5585000,
            "revenue_4q": null,
            "common_shares": 8000,
            "book_valuer_per_share": 124.9,
            "book_valuer_per_share_4q_avg": 125.68,
            "equity": 70088000,
            "current_ratio": null,
            "debt_ratio": 92.61,
            "inventory_turnover_ratio": null,
            "account_receivable_turnover_ratio": null,
            "reinvestment_rate": null,
            "research_to_sale_ratio": null,
            "price_fair": 49.91,
            "eps_avg_yearly": 16.64,
            "eps_latest_yearly": 7.4,
            "eps_growth_yearly": -12.59
        },
        "20114": {
            "year_quarter": 20114,
            "year": 2011,
            "quarter": 4,
            "eps": 2.18,
            "eps_growth_year": -46.58,
            "eps_4q": 5.03,
            "eps_4q_growth_year": -67.35,
            "roe": 1.44,
            "roe_4q": 6.039999999999999,
            "gross_profit": null,
            "gross_margin": null,
            "gross_margin_4q_avg": 0,
            "net_income": 1013000,
            "net_income_4q": null,
            "revenue": 8016000,
            "revenue_4q": null,
            "common_shares": 8000,
            "book_valuer_per_share": 127.32,
            "book_valuer_per_share_4q_avg": 125.55,
            "equity": 70379000,
            "current_ratio": null,
            "debt_ratio": 92.38,
            "inventory_turnover_ratio": null,
            "account_receivable_turnover_ratio": null,
            "reinvestment_rate": null,
            "research_to_sale_ratio": null,
            "price_fair": 47.06,
            "eps_avg_yearly": 15.69,
            "eps_latest_yearly": 7.4,
            "eps_growth_yearly": -18.43
        },
        "20121": {
            "year_quarter": 20121,
            "year": 2012,
            "quarter": 1,
            "eps": 4.14,
            "eps_growth_year": 128.27,
            "eps_4q": 7.35,
            "eps_4q_growth_year": -36.75,
            "roe": 2.97,
            "roe_4q": 5.36,
            "gross_profit": null,
            "gross_margin": null,
            "gross_margin_4q_avg": 0,
            "net_income": 2109000,
            "net_income_4q": null,
            "revenue": 11801000,
            "revenue_4q": null,
            "common_shares": 8000,
            "book_valuer_per_share": 127.59,
            "book_valuer_per_share_4q_avg": 126.49,
            "equity": 71656000,
            "current_ratio": null,
            "debt_ratio": 92.46,
            "inventory_turnover_ratio": null,
            "account_receivable_turnover_ratio": null,
            "reinvestment_rate": null,
            "research_to_sale_ratio": null,
            "price_fair": 559.65,
            "eps_avg_yearly": 15.99,
            "eps_latest_yearly": 16.56,
            "eps_growth_yearly": 29.52
        },
        "20122": {
            "year_quarter": 20122,
            "year": 2012,
            "quarter": 2,
            "eps": 1.93,
            "eps_growth_year": 4.44,
            "eps_4q": 7.44,
            "eps_4q_growth_year": -30.65,
            "roe": 1.33,
            "roe_4q": 5.19,
            "gross_profit": null,
            "gross_margin": null,
            "gross_margin_4q_avg": 0,
            "net_income": 962000,
            "net_income_4q": null,
            "revenue": 8592000,
            "revenue_4q": null,
            "common_shares": 8000,
            "book_valuer_per_share": 130.16,
            "book_valuer_per_share_4q_avg": 127.49,
            "equity": 72855000,
            "current_ratio": null,
            "debt_ratio": 92.32,
            "inventory_turnover_ratio": null,
            "account_receivable_turnover_ratio": null,
            "reinvestment_rate": null,
            "research_to_sale_ratio": null,
            "price_fair": 45.32,
            "eps_avg_yearly": 15.11,
            "eps_latest_yearly": 7.72,
            "eps_growth_yearly": -2.21
        },
        "20123": {
            "year_quarter": 20123,
            "year": 2012,
            "quarter": 3,
            "eps": 3.05,
            "eps_growth_year": null,
            "eps_4q": 11.3,
            "eps_4q_growth_year": 63.14,
            "roe": 2.06,
            "roe_4q": 7.800000000000001,
            "gross_profit": null,
            "gross_margin": null,
            "gross_margin_4q_avg": 0,
            "net_income": 1512000,
            "net_income_4q": null,
            "revenue": 10144000,
            "revenue_4q": null,
            "common_shares": 8000,
            "book_valuer_per_share": 133.72,
            "book_valuer_per_share_4q_avg": 129.7,
            "equity": 73687000,
            "current_ratio": null,
            "debt_ratio": 92.24,
            "inventory_turnover_ratio": null,
            "account_receivable_turnover_ratio": null,
            "reinvestment_rate": null,
            "research_to_sale_ratio": null,
            "price_fair": 543.2,
            "eps_avg_yearly": 15.52,
            "eps_latest_yearly": 12.2,
            "eps_growth_yearly": 37.29
        },
        "20124": {
            "year_quarter": 20124,
            "year": 2012,
            "quarter": 4,
            "eps": 5.5,
            "eps_growth_year": 152.32,
            "eps_4q": 14.62,
            "eps_4q_growth_year": 190.83,
            "roe": 3.87,
            "roe_4q": 10.23,
            "gross_profit": null,
            "gross_margin": null,
            "gross_margin_4q_avg": 0,
            "net_income": 2892000,
            "net_income_4q": null,
            "revenue": 11127000,
            "revenue_4q": null,
            "common_shares": 8000,
            "book_valuer_per_share": 138.49,
            "book_valuer_per_share_4q_avg": 132.49,
            "equity": 75716000,
            "current_ratio": null,
            "debt_ratio": 91.93,
            "inventory_turnover_ratio": null,
            "account_receivable_turnover_ratio": null,
            "reinvestment_rate": null,
            "research_to_sale_ratio": null,
            "price_fair": 560.65,
            "eps_avg_yearly": 16.02,
            "eps_latest_yearly": 22,
            "eps_growth_yearly": 59.14
        },
        "20131": {
            "year_quarter": 20131,
            "year": 2013,
            "quarter": 1,
            "eps": 3.78,
            "eps_growth_year": -8.64,
            "eps_4q": 14.26,
            "eps_4q_growth_year": 93.99,
            "roe": 2.96,
            "roe_4q": 10.22,
            "gross_profit": null,
            "gross_margin": null,
            "gross_margin_4q_avg": 0,
            "net_income": 2260000,
            "net_income_4q": null,
            "revenue": 11773000,
            "revenue_4q": null,
            "common_shares": 8000,
            "book_valuer_per_share": 143.98,
            "book_valuer_per_share_4q_avg": 136.59,
            "equity": 77228000,
            "current_ratio": null,
            "debt_ratio": 91.95,
            "inventory_turnover_ratio": null,
            "account_receivable_turnover_ratio": null,
            "reinvestment_rate": null,
            "research_to_sale_ratio": null,
            "price_fair": 558.4,
            "eps_avg_yearly": 15.95,
            "eps_latest_yearly": 15.12,
            "eps_growth_yearly": 45.98
        },
        "20132": {
            "year_quarter": 20132,
            "year": 2013,
            "quarter": 2,
            "eps": 3.92,
            "eps_growth_year": 103.3,
            "eps_4q": 16.26,
            "eps_4q_growth_year": 118.65,
            "roe": 2.49,
            "roe_4q": 11.38,
            "gross_profit": null,
            "gross_margin": null,
            "gross_margin_4q_avg": 0,
            "net_income": 1931000,
            "net_income_4q": null,
            "revenue": 10449000,
            "revenue_4q": null,
            "common_shares": 8000,
            "book_valuer_per_share": 147.28,
            "book_valuer_per_share_4q_avg": 140.87,
            "equity": 78043000,
            "current_ratio": null,
            "debt_ratio": 91.68,
            "inventory_turnover_ratio": null,
            "account_receivable_turnover_ratio": null,
            "reinvestment_rate": null,
            "research_to_sale_ratio": null,
            "price_fair": 548.3,
            "eps_avg_yearly": 15.67,
            "eps_latest_yearly": 15.68,
            "eps_growth_yearly": 34.06
        },
        "20133": {
            "year_quarter": 20133,
            "year": 2013,
            "quarter": 3,
            "eps": 3.08,
            "eps_growth_year": 0.93,
            "eps_4q": 16.29,
            "eps_4q_growth_year": 44.1,
            "roe": 1.95,
            "roe_4q": 11.27,
            "gross_profit": null,
            "gross_margin": null,
            "gross_margin_4q_avg": 0,
            "net_income": 1517000,
            "net_income_4q": null,
            "revenue": 8280000,
            "revenue_4q": null,
            "common_shares": 8000,
            "book_valuer_per_share": 149.4,
            "book_valuer_per_share_4q_avg": 144.79,
            "equity": 77616000,
            "current_ratio": null,
            "debt_ratio": 91.59,
            "inventory_turnover_ratio": null,
            "account_receivable_turnover_ratio": null,
            "reinvestment_rate": null,
            "research_to_sale_ratio": null,
            "price_fair": 526.6,
            "eps_avg_yearly": 15.05,
            "eps_latest_yearly": 12.32,
            "eps_growth_yearly": 26.08
        },
        "20134": {
            "year_quarter": 20134,
            "year": 2013,
            "quarter": 4,
            "eps": 5.65,
            "eps_growth_year": 2.79,
            "eps_4q": 16.44,
            "eps_4q_growth_year": 12.43,
            "roe": 2.99,
            "roe_4q": 10.39,
            "gross_profit": null,
            "gross_margin": null,
            "gross_margin_4q_avg": 0,
            "net_income": 2332000,
            "net_income_4q": null,
            "revenue": 10372000,
            "revenue_4q": null,
            "common_shares": 8000,
            "book_valuer_per_share": 143.11,
            "book_valuer_per_share_4q_avg": 145.94,
            "equity": 78467000,
            "current_ratio": null,
            "debt_ratio": 91.39,
            "inventory_turnover_ratio": null,
            "account_receivable_turnover_ratio": null,
            "reinvestment_rate": null,
            "research_to_sale_ratio": null,
            "price_fair": 501.1,
            "eps_avg_yearly": 14.32,
            "eps_latest_yearly": 22.6,
            "eps_growth_yearly": 33.87
        },
        "20141": {
            "year_quarter": 20141,
            "year": 2014,
            "quarter": 1,
            "eps": 4.39,
            "eps_growth_year": 16.15,
            "eps_4q": 17.05,
            "eps_4q_growth_year": 19.53,
            "roe": 2.58,
            "roe_4q": 10.010000000000002,
            "gross_profit": null,
            "gross_margin": null,
            "gross_margin_4q_avg": 0,
            "net_income": 2033000,
            "net_income_4q": null,
            "revenue": 10885000,
            "revenue_4q": null,
            "common_shares": 8000,
            "book_valuer_per_share": 145.04,
            "book_valuer_per_share_4q_avg": 146.21,
            "equity": 79099000,
            "current_ratio": null,
            "debt_ratio": 91.36,
            "inventory_turnover_ratio": null,
            "account_receivable_turnover_ratio": null,
            "reinvestment_rate": null,
            "research_to_sale_ratio": null,
            "price_fair": 489.1,
            "eps_avg_yearly": 13.97,
            "eps_latest_yearly": 17.56,
            "eps_growth_yearly": 36.59
        },
        "20142": {
            "year_quarter": 20142,
            "year": 2014,
            "quarter": 2,
            "eps": 4.61,
            "eps_growth_year": 17.43,
            "eps_4q": 17.73,
            "eps_4q_growth_year": 9.08,
            "roe": 2.53,
            "roe_4q": 10.049999999999999,
            "gross_profit": null,
            "gross_margin": null,
            "gross_margin_4q_avg": 0,
            "net_income": 2037000,
            "net_income_4q": null,
            "revenue": 10704000,
            "revenue_4q": null,
            "common_shares": 8000,
            "book_valuer_per_share": 148.45,
            "book_valuer_per_share_4q_avg": 146.5,
            "equity": 81629000,
            "current_ratio": null,
            "debt_ratio": 90.51,
            "inventory_turnover_ratio": null,
            "account_receivable_turnover_ratio": null,
            "reinvestment_rate": null,
            "research_to_sale_ratio": null,
            "price_fair": 507.7,
            "eps_avg_yearly": 14.51,
            "eps_latest_yearly": 18.44,
            "eps_growth_yearly": 52.54
        },
        "20143": {
            "year_quarter": 20143,
            "year": 2014,
            "quarter": 3,
            "eps": 4.93,
            "eps_growth_year": 59.85,
            "eps_4q": 19.58,
            "eps_4q_growth_year": 20.22,
            "roe": 2.73,
            "roe_4q": 10.83,
            "gross_profit": null,
            "gross_margin": null,
            "gross_margin_4q_avg": 0,
            "net_income": 2241000,
            "net_income_4q": null,
            "revenue": 9635000,
            "revenue_4q": null,
            "common_shares": 9000,
            "book_valuer_per_share": 151.7,
            "book_valuer_per_share_4q_avg": 147.08,
            "equity": 82275000,
            "current_ratio": null,
            "debt_ratio": 90.53,
            "inventory_turnover_ratio": null,
            "account_receivable_turnover_ratio": null,
            "reinvestment_rate": null,
            "research_to_sale_ratio": null,
            "price_fair": 527.2,
            "eps_avg_yearly": 15.06,
            "eps_latest_yearly": 19.72,
            "eps_growth_yearly": 52.13
        },
        "20144": {
            "year_quarter": 20144,
            "year": 2014,
            "quarter": 4,
            "eps": 4.78,
            "eps_growth_year": -15.46,
            "eps_4q": 18.71,
            "eps_4q_growth_year": 13.78,
            "roe": 2.62,
            "roe_4q": 10.459999999999999,
            "gross_profit": null,
            "gross_margin": null,
            "gross_margin_4q_avg": 0,
            "net_income": 2166000,
            "net_income_4q": null,
            "revenue": 8861000,
            "revenue_4q": null,
            "common_shares": 9000,
            "book_valuer_per_share": 161.38,
            "book_valuer_per_share_4q_avg": 151.64,
            "equity": 82797000,
            "current_ratio": null,
            "debt_ratio": 90.33,
            "inventory_turnover_ratio": null,
            "account_receivable_turnover_ratio": null,
            "reinvestment_rate": null,
            "research_to_sale_ratio": null,
            "price_fair": 534.2,
            "eps_avg_yearly": 15.26,
            "eps_latest_yearly": 19.12,
            "eps_growth_yearly": 40.72
        },
        "20151": {
            "year_quarter": 20151,
            "year": 2015,
            "quarter": 1,
            "eps": 6.28,
            "eps_growth_year": 43.12,
            "eps_4q": 20.6,
            "eps_4q_growth_year": 20.81,
            "roe": 3.39,
            "roe_4q": 11.27,
            "gross_profit": null,
            "gross_margin": null,
            "gross_margin_4q_avg": 0,
            "net_income": 2844000,
            "net_income_4q": null,
            "revenue": 11793000,
            "revenue_4q": null,
            "common_shares": 9000,
            "book_valuer_per_share": 159.11,
            "book_valuer_per_share_4q_avg": 155.16,
            "equity": 85127000,
            "current_ratio": null,
            "debt_ratio": 90.16,
            "inventory_turnover_ratio": null,
            "account_receivable_turnover_ratio": null,
            "reinvestment_rate": null,
            "research_to_sale_ratio": null,
            "price_fair": 578.9,
            "eps_avg_yearly": 16.54,
            "eps_latest_yearly": 25.12,
            "eps_growth_yearly": 65.58
        },
        "20152": {
            "year_quarter": 20152,
            "year": 2015,
            "quarter": 2,
            "eps": 3.95,
            "eps_growth_year": -14.25,
            "eps_4q": 19.94,
            "eps_4q_growth_year": 12.45,
            "roe": 1.21,
            "roe_4q": 9.95,
            "gross_profit": null,
            "gross_margin": null,
            "gross_margin_4q_avg": 0,
            "net_income": 1048000,
            "net_income_4q": null,
            "revenue": 10603000,
            "revenue_4q": null,
            "common_shares": 9000,
            "book_valuer_per_share": 160.11,
            "book_valuer_per_share_4q_avg": 158.08,
            "equity": 87654000,
            "current_ratio": null,
            "debt_ratio": 89.81,
            "inventory_turnover_ratio": null,
            "account_receivable_turnover_ratio": null,
            "reinvestment_rate": null,
            "research_to_sale_ratio": null,
            "price_fair": 599.9,
            "eps_avg_yearly": 17.14,
            "eps_latest_yearly": 15.8,
            "eps_growth_yearly": 54.35
        },
        "20153": {
            "year_quarter": 20153,
            "year": 2015,
            "quarter": 3,
            "eps": 3.53,
            "eps_growth_year": -28.3,
            "eps_4q": 18.55,
            "eps_4q_growth_year": -5.27,
            "roe": 1.63,
            "roe_4q": 8.850000000000001,
            "gross_profit": null,
            "gross_margin": null,
            "gross_margin_4q_avg": 0,
            "net_income": 1426000,
            "net_income_4q": null,
            "revenue": 8197000,
            "revenue_4q": null,
            "common_shares": 9000,
            "book_valuer_per_share": 162.11,
            "book_valuer_per_share_4q_avg": 160.68,
            "equity": 87703000,
            "current_ratio": null,
            "debt_ratio": 90.04,
            "inventory_turnover_ratio": null,
            "account_receivable_turnover_ratio": null,
            "reinvestment_rate": null,
            "research_to_sale_ratio": null,
            "price_fair": 592.85,
            "eps_avg_yearly": 16.94,
            "eps_latest_yearly": 14.12,
            "eps_growth_yearly": 47.89
        },
        "20154": {
            "year_quarter": 20154,
            "year": 2015,
            "quarter": 4,
            "eps": 4.39,
            "eps_growth_year": -8.13,
            "eps_4q": 18.16,
            "eps_4q_growth_year": -2.92,
            "roe": 0.88,
            "roe_4q": 7.109999999999999,
            "gross_profit": null,
            "gross_margin": null,
            "gross_margin_4q_avg": 0,
            "net_income": 765000,
            "net_income_4q": null,
            "revenue": 8802000,
            "revenue_4q": null,
            "common_shares": 9000,
            "book_valuer_per_share": 170.16,
            "book_valuer_per_share_4q_avg": 162.87,
            "equity": 86728000,
            "current_ratio": null,
            "debt_ratio": 89.93,
            "inventory_turnover_ratio": null,
            "account_receivable_turnover_ratio": null,
            "reinvestment_rate": null,
            "research_to_sale_ratio": null,
            "price_fair": 594.21,
            "eps_avg_yearly": 16.98,
            "eps_latest_yearly": 17.56,
            "eps_growth_yearly": 50.99
        },
        "20161": {
            "year_quarter": 20161,
            "year": 2016,
            "quarter": 1,
            "eps": 2.81,
            "eps_growth_year": -55.35,
            "eps_4q": 14.68,
            "eps_4q_growth_year": -28.73,
            "roe": 1.31,
            "roe_4q": 5.029999999999999,
            "gross_profit": null,
            "gross_margin": null,
            "gross_margin_4q_avg": 0,
            "net_income": 1135000,
            "net_income_4q": null,
            "revenue": 7902000,
            "revenue_4q": null,
            "common_shares": 9000,
            "book_valuer_per_share": 171.22,
            "book_valuer_per_share_4q_avg": 165.9,
            "equity": 86837000,
            "current_ratio": null,
            "debt_ratio": 90.11,
            "inventory_turnover_ratio": null,
            "account_receivable_turnover_ratio": null,
            "reinvestment_rate": null,
            "research_to_sale_ratio": null,
            "price_fair": 491.23,
            "eps_avg_yearly": 16.65,
            "eps_latest_yearly": 11.24,
            "eps_growth_yearly": 19.51
        },
        "20162": {
            "year_quarter": 20162,
            "year": 2016,
            "quarter": 2,
            "eps": 3.93,
            "eps_growth_year": -0.43,
            "eps_4q": 14.66,
            "eps_4q_growth_year": -26.47,
            "roe": 2.1,
            "roe_4q": 5.92,
            "gross_profit": null,
            "gross_margin": null,
            "gross_margin_4q_avg": 0,
            "net_income": 1822000,
            "net_income_4q": null,
            "revenue": 9739000,
            "revenue_4q": null,
            "common_shares": 9000,
            "book_valuer_per_share": 175.03,
            "book_valuer_per_share_4q_avg": 169.63,
            "equity": 86514000,
            "current_ratio": null,
            "debt_ratio": 90.35,
            "inventory_turnover_ratio": null,
            "account_receivable_turnover_ratio": null,
            "reinvestment_rate": null,
            "research_to_sale_ratio": null,
            "price_fair": 600.08,
            "eps_avg_yearly": 17.15,
            "eps_latest_yearly": 15.72,
            "eps_growth_yearly": 42.82
        },
        "20163": {
            "year_quarter": 20163,
            "year": 2016,
            "quarter": 3,
            "eps": 4.96,
            "eps_growth_year": 40.34,
            "eps_4q": 16.09,
            "eps_4q_growth_year": -13.26,
            "roe": 2.41,
            "roe_4q": 6.7,
            "gross_profit": null,
            "gross_margin": null,
            "gross_margin_4q_avg": 0,
            "net_income": 2094000,
            "net_income_4q": null,
            "revenue": 9926000,
            "revenue_4q": null,
            "common_shares": 9000,
            "book_valuer_per_share": 179.86,
            "book_valuer_per_share_4q_avg": 174.07,
            "equity": 87110000,
            "current_ratio": null,
            "debt_ratio": 90.1,
            "inventory_turnover_ratio": null,
            "account_receivable_turnover_ratio": null,
            "reinvestment_rate": null,
            "research_to_sale_ratio": null,
            "price_fair": 616.79,
            "eps_avg_yearly": 17.62,
            "eps_latest_yearly": 19.84,
            "eps_growth_yearly": 34.87
        },
        "20164": {
            "year_quarter": 20164,
            "year": 2016,
            "quarter": 4,
            "eps": 5.32,
            "eps_growth_year": 21.1,
            "eps_4q": 17.02,
            "eps_4q_growth_year": -6.3,
            "roe": 2.7,
            "roe_4q": 8.520000000000001,
            "gross_profit": null,
            "gross_margin": null,
            "gross_margin_4q_avg": 0,
            "net_income": 2347000,
            "net_income_4q": null,
            "revenue": 10283000,
            "revenue_4q": null,
            "common_shares": 9000,
            "book_valuer_per_share": 182.35,
            "book_valuer_per_share_4q_avg": 177.12,
            "equity": 86893000,
            "current_ratio": null,
            "debt_ratio": 89.9,
            "inventory_turnover_ratio": null,
            "account_receivable_turnover_ratio": null,
            "reinvestment_rate": null,
            "research_to_sale_ratio": null,
            "price_fair": 467.54,
            "eps_avg_yearly": 17.58,
            "eps_latest_yearly": 21.28,
            "eps_growth_yearly": 16.6
        },
        "20171": {
            "year_quarter": 20171,
            "year": 2017,
            "quarter": 1,
            "eps": 5.51,
            "eps_growth_year": 96.25,
            "eps_4q": 19.72,
            "eps_4q_growth_year": 34.3,
            "roe": 2.59,
            "roe_4q": 9.8,
            "gross_profit": null,
            "gross_margin": null,
            "gross_margin_4q_avg": 0,
            "net_income": 2255000,
            "net_income_4q": null,
            "revenue": 10308000,
            "revenue_4q": null,
            "common_shares": 9000,
            "book_valuer_per_share": 181.48,
            "book_valuer_per_share_4q_avg": 179.68,
            "equity": 86917000,
            "current_ratio": null,
            "debt_ratio": 90.28,
            "inventory_turnover_ratio": null,
            "account_receivable_turnover_ratio": null,
            "reinvestment_rate": null,
            "research_to_sale_ratio": null,
            "price_fair": 630.35,
            "eps_avg_yearly": 18.01,
            "eps_latest_yearly": 22.04,
            "eps_growth_yearly": 25.31
        },
        "20172": {
            "year_quarter": 20172,
            "year": 2017,
            "quarter": 2,
            "eps": 3.99,
            "eps_growth_year": 1.34,
            "eps_4q": 19.77,
            "eps_4q_growth_year": 34.82,
            "roe": 2.11,
            "roe_4q": 9.809999999999999,
            "gross_profit": null,
            "gross_margin": null,
            "gross_margin_4q_avg": 0,
            "net_income": 1831000,
            "net_income_4q": null,
            "revenue": 10503000,
            "revenue_4q": null,
            "common_shares": 9000,
            "book_valuer_per_share": 183.9,
            "book_valuer_per_share_4q_avg": 181.9,
            "equity": 86675000,
            "current_ratio": null,
            "debt_ratio": 90.44,
            "inventory_turnover_ratio": null,
            "account_receivable_turnover_ratio": null,
            "reinvestment_rate": null,
            "research_to_sale_ratio": null,
            "price_fair": 495.53,
            "eps_avg_yearly": 18.03,
            "eps_latest_yearly": 15.96,
            "eps_growth_yearly": 17.49
        },
        "20173": {
            "year_quarter": 20173,
            "year": 2017,
            "quarter": 3,
            "eps": 5.05,
            "eps_growth_year": 1.78,
            "eps_4q": 19.86,
            "eps_4q_growth_year": 23.42,
            "roe": 2.46,
            "roe_4q": 9.86,
            "gross_profit": null,
            "gross_margin": null,
            "gross_margin_4q_avg": 0,
            "net_income": 2128000,
            "net_income_4q": null,
            "revenue": 11087000,
            "revenue_4q": null,
            "common_shares": 9000,
            "book_valuer_per_share": 187.37,
            "book_valuer_per_share_4q_avg": 183.78,
            "equity": 86292000,
            "current_ratio": null,
            "debt_ratio": 90.72,
            "inventory_turnover_ratio": null,
            "account_receivable_turnover_ratio": null,
            "reinvestment_rate": null,
            "research_to_sale_ratio": null,
            "price_fair": 648.2,
            "eps_avg_yearly": 18.52,
            "eps_latest_yearly": 20.2,
            "eps_growth_yearly": 29.49
        },
        "20174": {
            "year_quarter": 20174,
            "year": 2017,
            "quarter": 4,
            "eps": 5.81,
            "eps_growth_year": 9.29,
            "eps_4q": 20.35,
            "eps_4q_growth_year": 19.6,
            "roe": 2.93,
            "roe_4q": 10.09,
            "gross_profit": null,
            "gross_margin": null,
            "gross_margin_4q_avg": 0,
            "net_income": 2472000,
            "net_income_4q": null,
            "revenue": 11587000,
            "revenue_4q": null,
            "common_shares": 9000,
            "book_valuer_per_share": 177.03,
            "book_valuer_per_share_4q_avg": 182.45,
            "equity": 82243000,
            "current_ratio": null,
            "debt_ratio": 91.03,
            "inventory_turnover_ratio": null,
            "account_receivable_turnover_ratio": null,
            "reinvestment_rate": null,
            "research_to_sale_ratio": null,
            "price_fair": 415.52,
            "eps_avg_yearly": 18.56,
            "eps_latest_yearly": 23.24,
            "eps_growth_yearly": 12.39
        },
        "20181": {
            "year_quarter": 20181,
            "year": 2018,
            "quarter": 1,
            "eps": 7.04,
            "eps_growth_year": 27.89,
            "eps_4q": 21.89,
            "eps_4q_growth_year": 11.01,
            "roe": 3.42,
            "roe_4q": 10.919999999999998,
            "gross_profit": null,
            "gross_margin": null,
            "gross_margin_4q_avg": 0,
            "net_income": 2832000,
            "net_income_4q": null,
            "revenue": 13392000,
            "revenue_4q": null,
            "common_shares": 9000,
            "book_valuer_per_share": 180.9,
            "book_valuer_per_share_4q_avg": 182.3,
            "equity": 83579000,
            "current_ratio": null,
            "debt_ratio": 91.41,
            "inventory_turnover_ratio": null,
            "account_receivable_turnover_ratio": null,
            "reinvestment_rate": null,
            "research_to_sale_ratio": null,
            "price_fair": 639.26,
            "eps_avg_yearly": 19.22,
            "eps_latest_yearly": 28.16,
            "eps_growth_yearly": 23.26
        },
        "20182": {
            "year_quarter": 20182,
            "year": 2018,
            "quarter": 2,
            "eps": 6.28,
            "eps_growth_year": 57.48,
            "eps_4q": 24.18,
            "eps_4q_growth_year": 22.3,
            "roe": 3.01,
            "roe_4q": 11.82,
            "gross_profit": null,
            "gross_margin": null,
            "gross_margin_4q_avg": 0,
            "net_income": 2565000,
            "net_income_4q": null,
            "revenue": 13554000,
            "revenue_4q": null,
            "common_shares": 9000,
            "book_valuer_per_share": 188.66,
            "book_valuer_per_share_4q_avg": 183.49,
            "equity": 86599000,
            "current_ratio": null,
            "debt_ratio": 91.06,
            "inventory_turnover_ratio": null,
            "account_receivable_turnover_ratio": null,
            "reinvestment_rate": null,
            "research_to_sale_ratio": null,
            "price_fair": 575.54,
            "eps_avg_yearly": 19.64,
            "eps_latest_yearly": 25.12,
            "eps_growth_yearly": 19.3
        },
        "20183": {
            "year_quarter": 20183,
            "year": 2018,
            "quarter": 3,
            "eps": 6.57,
            "eps_growth_year": 30.1,
            "eps_4q": 25.7,
            "eps_4q_growth_year": 29.41,
            "roe": 2.91,
            "roe_4q": 12.27,
            "gross_profit": null,
            "gross_margin": null,
            "gross_margin_4q_avg": 0,
            "net_income": 2524000,
            "net_income_4q": null,
            "revenue": 13025000,
            "revenue_4q": null,
            "common_shares": 9000,
            "book_valuer_per_share": 191.71,
            "book_valuer_per_share_4q_avg": 184.58,
            "equity": 86762000,
            "current_ratio": null,
            "debt_ratio": 90.94,
            "inventory_turnover_ratio": null,
            "account_receivable_turnover_ratio": null,
            "reinvestment_rate": null,
            "research_to_sale_ratio": null,
            "price_fair": 575.9,
            "eps_avg_yearly": 20.05,
            "eps_latest_yearly": 26.28,
            "eps_growth_yearly": 18.72
        },
        "20184": {
            "year_quarter": 20184,
            "year": 2018,
            "quarter": 4,
            "eps": 5.8,
            "eps_growth_year": -0.23,
            "eps_4q": 25.68,
            "eps_4q_growth_year": 26.2,
            "roe": 2.32,
            "roe_4q": 11.66,
            "gross_profit": null,
            "gross_margin": null,
            "gross_margin_4q_avg": 0,
            "net_income": 2051000,
            "net_income_4q": null,
            "revenue": 13213000,
            "revenue_4q": null,
            "common_shares": 9000,
            "book_valuer_per_share": 203.68,
            "book_valuer_per_share_4q_avg": 191.24,
            "equity": 90185000,
            "current_ratio": null,
            "debt_ratio": 90.32,
            "inventory_turnover_ratio": null,
            "account_receivable_turnover_ratio": null,
            "reinvestment_rate": null,
            "research_to_sale_ratio": null,
            "price_fair": 539.18,
            "eps_avg_yearly": 20.31,
            "eps_latest_yearly": 23.2,
            "eps_growth_yearly": 16.55
        },
        "20191": {
            "year_quarter": 20191,
            "year": 2019,
            "quarter": 1,
            "eps": 5.79,
            "eps_growth_year": -17.84,
            "eps_4q": 24.43,
            "eps_4q_growth_year": 11.6,
            "roe": 2.49,
            "roe_4q": 10.73,
            "gross_profit": null,
            "gross_margin": null,
            "gross_margin_4q_avg": 0,
            "net_income": 2251000,
            "net_income_4q": null,
            "revenue": 13406000,
            "revenue_4q": null,
            "common_shares": 9000,
            "book_valuer_per_share": 204.43,
            "book_valuer_per_share_4q_avg": 197.12,
            "equity": 90273000,
            "current_ratio": null,
            "debt_ratio": 90.24,
            "inventory_turnover_ratio": null,
            "account_receivable_turnover_ratio": null,
            "reinvestment_rate": null,
            "research_to_sale_ratio": null,
            "price_fair": 376.72,
            "eps_avg_yearly": 20.18,
            "eps_latest_yearly": 23.16,
            "eps_growth_yearly": 8.67
        },
        "20192": {
            "year_quarter": 20192,
            "year": 2019,
            "quarter": 2,
            "eps": 5.95,
            "eps_growth_year": -5.19,
            "eps_4q": 24.1,
            "eps_4q_growth_year": -0.32,
            "roe": 2.67,
            "roe_4q": 10.39,
            "gross_profit": null,
            "gross_margin": null,
            "gross_margin_4q_avg": 0,
            "net_income": 2421000,
            "net_income_4q": null,
            "revenue": 14351000,
            "revenue_4q": null,
            "common_shares": 9000,
            "book_valuer_per_share": 209.62,
            "book_valuer_per_share_4q_avg": 202.36,
            "equity": 90892000,
            "current_ratio": null,
            "debt_ratio": 90.38,
            "inventory_turnover_ratio": null,
            "account_receivable_turnover_ratio": null,
            "reinvestment_rate": null,
            "research_to_sale_ratio": null,
            "price_fair": 592.18,
            "eps_avg_yearly": 20.68,
            "eps_latest_yearly": 23.8,
            "eps_growth_yearly": 18.63
        },
        "20193": {
            "year_quarter": 20193,
            "year": 2019,
            "quarter": 3,
            "eps": 4.89,
            "eps_growth_year": -25.57,
            "eps_4q": 22.42,
            "eps_4q_growth_year": -12.75,
            "roe": 2.05,
            "roe_4q": 9.53,
            "gross_profit": null,
            "gross_margin": null,
            "gross_margin_4q_avg": 0,
            "net_income": 1877000,
            "net_income_4q": null,
            "revenue": 13014000,
            "revenue_4q": null,
            "common_shares": 9000,
            "book_valuer_per_share": 212.37,
            "book_valuer_per_share_4q_avg": 207.53,
            "equity": 92012000,
            "current_ratio": null,
            "debt_ratio": 90.87,
            "inventory_turnover_ratio": null,
            "account_receivable_turnover_ratio": null,
            "reinvestment_rate": null,
            "research_to_sale_ratio": null,
            "price_fair": 564.17,
            "eps_avg_yearly": 21.02,
            "eps_latest_yearly": 19.56,
            "eps_growth_yearly": 16.84
        },
        "20194": {
            "year_quarter": 20194,
            "year": 2019,
            "quarter": 4,
            "eps": 7.14,
            "eps_growth_year": 23.2,
            "eps_4q": 23.77,
            "eps_4q_growth_year": -7.46,
            "roe": 2.1,
            "roe_4q": 9.31,
            "gross_profit": null,
            "gross_margin": null,
            "gross_margin_4q_avg": 0,
            "net_income": 1917000,
            "net_income_4q": null,
            "revenue": 14141000,
            "revenue_4q": null,
            "common_shares": 9000,
            "book_valuer_per_share": 213.69,
            "book_valuer_per_share_4q_avg": 210.03,
            "equity": 90265000,
            "current_ratio": null,
            "debt_ratio": 90.91,
            "inventory_turnover_ratio": null,
            "account_receivable_turnover_ratio": null,
            "reinvestment_rate": null,
            "research_to_sale_ratio": null,
            "price_fair": 700.12,
            "eps_avg_yearly": 21.71,
            "eps_latest_yearly": 28.56,
            "eps_growth_yearly": 22.25
        },
        "20201": {
            "year_quarter": 20201,
            "year": 2020,
            "quarter": 1,
            "eps": 5.9,
            "eps_growth_year": 2.03,
            "eps_4q": 23.88,
            "eps_4q_growth_year": -2.22,
            "roe": 1.33,
            "roe_4q": 8.15,
            "gross_profit": null,
            "gross_margin": null,
            "gross_margin_4q_avg": 0,
            "net_income": 1213000,
            "net_income_4q": null,
            "revenue": 12180000,
            "revenue_4q": null,
            "common_shares": 9000,
            "book_valuer_per_share": 222.09,
            "book_valuer_per_share_4q_avg": 214.44,
            "equity": 92379000,
            "current_ratio": null,
            "debt_ratio": 91.52,
            "inventory_turnover_ratio": null,
            "account_receivable_turnover_ratio": null,
            "reinvestment_rate": null,
            "research_to_sale_ratio": null,
            "price_fair": 786.89,
            "eps_avg_yearly": 22.48,
            "eps_latest_yearly": 23.6,
            "eps_growth_yearly": 26.9
        },
        "20202": {
            "year_quarter": 20202,
            "year": 2020,
            "quarter": 2,
            "eps": 8.87,
            "eps_growth_year": 49.05,
            "eps_4q": 26.8,
            "eps_4q_growth_year": 11.21,
            "roe": 0.41,
            "roe_4q": 5.89,
            "gross_profit": null,
            "gross_margin": null,
            "gross_margin_4q_avg": 0,
            "net_income": 373000,
            "net_income_4q": null,
            "revenue": 15385000,
            "revenue_4q": null,
            "common_shares": 9000,
            "book_valuer_per_share": 215.26,
            "book_valuer_per_share_4q_avg": 215.85,
            "equity": 90029000,
            "current_ratio": null,
            "debt_ratio": 92.11,
            "inventory_turnover_ratio": null,
            "account_receivable_turnover_ratio": null,
            "reinvestment_rate": null,
            "research_to_sale_ratio": null,
            "price_fair": 830.11,
            "eps_avg_yearly": 23.72,
            "eps_latest_yearly": 35.48,
            "eps_growth_yearly": 29.53
        },
        "20203": {
            "year_quarter": 20203,
            "year": 2020,
            "quarter": 3,
            "eps": 10.15,
            "eps_growth_year": 107.56,
            "eps_4q": 32.06,
            "eps_4q_growth_year": 42.98,
            "roe": 3.69,
            "roe_4q": 7.529999999999999,
            "gross_profit": null,
            "gross_margin": null,
            "gross_margin_4q_avg": 0,
            "net_income": 3367000,
            "net_income_4q": null,
            "revenue": 12629000,
            "revenue_4q": null,
            "common_shares": 9000,
            "book_valuer_per_share": 222.29,
            "book_valuer_per_share_4q_avg": 218.33,
            "equity": 92650000,
            "current_ratio": null,
            "debt_ratio": 91.82,
            "inventory_turnover_ratio": null,
            "account_receivable_turnover_ratio": null,
            "reinvestment_rate": null,
            "research_to_sale_ratio": null,
            "price_fair": 875.53,
            "eps_avg_yearly": 25.02,
            "eps_latest_yearly": 40.6,
            "eps_growth_yearly": 26.58
        },
        "20204": {
            "year_quarter": 20204,
            "year": 2020,
            "quarter": 4,
            "eps": 12.78,
            "eps_growth_year": 78.94,
            "eps_4q": 37.7,
            "eps_4q_growth_year": 58.62,
            "roe": 4.78,
            "roe_4q": 10.21,
            "gross_profit": null,
            "gross_margin": null,
            "gross_margin_4q_avg": 0,
            "net_income": 4506000,
            "net_income_4q": null,
            "revenue": 13304000,
            "revenue_4q": null,
            "common_shares": 9000,
            "book_valuer_per_share": 231.82,
            "book_valuer_per_share_4q_avg": 222.87,
            "equity": 95932000,
            "current_ratio": null,
            "debt_ratio": 91.75,
            "inventory_turnover_ratio": null,
            "account_receivable_turnover_ratio": null,
            "reinvestment_rate": null,
            "research_to_sale_ratio": null,
            "price_fair": 940.8,
            "eps_avg_yearly": 26.88,
            "eps_latest_yearly": 51.12,
            "eps_growth_yearly": 31.24
        },
        "20211": {
            "year_quarter": 20211,
            "year": 2021,
            "quarter": 1,
            "eps": 18.76,
            "eps_growth_year": 217.84,
            "eps_4q": 50.56,
            "eps_4q_growth_year": 111.68,
            "roe": 7.06,
            "roe_4q": 15.94,
            "gross_profit": null,
            "gross_margin": null,
            "gross_margin_4q_avg": 0,
            "net_income": 6836000,
            "net_income_4q": null,
            "revenue": 19276000,
            "revenue_4q": null,
            "common_shares": 9000,
            "book_valuer_per_share": 245.73,
            "book_valuer_per_share_4q_avg": 228.78,
            "equity": 97664000,
            "current_ratio": null,
            "debt_ratio": 92.5,
            "inventory_turnover_ratio": null,
            "account_receivable_turnover_ratio": null,
            "reinvestment_rate": null,
            "research_to_sale_ratio": null,
            "price_fair": 1056.74,
            "eps_avg_yearly": 30.19,
            "eps_latest_yearly": 75.04,
            "eps_growth_yearly": 42.05
        },
        "20212": {
            "year_quarter": 20212,
            "year": 2021,
            "quarter": 2,
            "eps": 15.53,
            "eps_growth_year": 75.1,
            "eps_4q": 57.22,
            "eps_4q_growth_year": 113.48,
            "roe": 5.5,
            "roe_4q": 21.03,
            "gross_profit": null,
            "gross_margin": null,
            "gross_margin_4q_avg": 0,
            "net_income": 5486000,
            "net_income_4q": null,
            "revenue": 16698000,
            "revenue_4q": null,
            "common_shares": 9000,
            "book_valuer_per_share": 260.42,
            "book_valuer_per_share_4q_avg": 240.07,
            "equity": 101890000,
            "current_ratio": null,
            "debt_ratio": 92.66,
            "inventory_turnover_ratio": null,
            "account_receivable_turnover_ratio": null,
            "reinvestment_rate": null,
            "research_to_sale_ratio": null,
            "price_fair": 1157.71,
            "eps_avg_yearly": 33.08,
            "eps_latest_yearly": 62.12,
            "eps_growth_yearly": 44.64
        },
        "20213": {
            "year_quarter": 20213,
            "year": 2021,
            "quarter": 3,
            "eps": 15.05,
            "eps_growth_year": 48.31,
            "eps_4q": 62.12,
            "eps_4q_growth_year": 93.76,
            "roe": 5.17,
            "roe_4q": 22.51,
            "gross_profit": null,
            "gross_margin": null,
            "gross_margin_4q_avg": 0,
            "net_income": 5378000,
            "net_income_4q": null,
            "revenue": 15161000,
            "revenue_4q": null,
            "common_shares": 9000,
            "book_valuer_per_share": 273.37,
            "book_valuer_per_share_4q_avg": 252.84,
            "equity": 106297000,
            "current_ratio": null,
            "debt_ratio": 92.63,
            "inventory_turnover_ratio": null,
            "account_receivable_turnover_ratio": null,
            "reinvestment_rate": null,
            "research_to_sale_ratio": null,
            "price_fair": 1245.21,
            "eps_avg_yearly": 35.58,
            "eps_latest_yearly": 60.2,
            "eps_growth_yearly": 37.23
        },
        "20214": {
            "year_quarter": 20214,
            "year": 2021,
            "quarter": 4,
            "eps": 11.23,
            "eps_growth_year": -12.14,
            "eps_4q": 60.57,
            "eps_4q_growth_year": 60.67,
            "roe": 3.64,
            "roe_4q": 21.37,
            "gross_profit": null,
            "gross_margin": null,
            "gross_margin_4q_avg": 0,
            "net_income": 3935000,
            "net_income_4q": null,
            "revenue": 13854000,
            "revenue_4q": null,
            "common_shares": 9000,
            "book_valuer_per_share": 283.36,
            "book_valuer_per_share_4q_avg": 265.72,
            "equity": 109926000,
            "current_ratio": null,
            "debt_ratio": 92.49,
            "inventory_turnover_ratio": null,
            "account_receivable_turnover_ratio": null,
            "reinvestment_rate": null,
            "research_to_sale_ratio": null,
            "price_fair": 1292.64,
            "eps_avg_yearly": 36.93,
            "eps_latest_yearly": 44.92,
            "eps_growth_yearly": 27.12
        },
        "20221": {
            "year_quarter": 20221,
            "year": 2022,
            "quarter": 1,
            "eps": 11.06,
            "eps_growth_year": -41.05,
            "eps_4q": 52.87,
            "eps_4q_growth_year": 4.57,
            "roe": 3.5,
            "roe_4q": 17.810000000000002,
            "gross_profit": null,
            "gross_margin": null,
            "gross_margin_4q_avg": 0,
            "net_income": 3939000,
            "net_income_4q": null,
            "revenue": 14318000,
            "revenue_4q": null,
            "common_shares": 9000,
            "book_valuer_per_share": 285.54,
            "book_valuer_per_share_4q_avg": 275.67,
            "equity": 115239000,
            "current_ratio": null,
            "debt_ratio": 92.75,
            "inventory_turnover_ratio": null,
            "account_receivable_turnover_ratio": null,
            "reinvestment_rate": null,
            "research_to_sale_ratio": null,
            "price_fair": 1193.06,
            "eps_avg_yearly": 37.94,
            "eps_latest_yearly": 44.24,
            "eps_growth_yearly": 21.45
        },
        "20222": {
            "year_quarter": 20222,
            "year": 2022,
            "quarter": 2,
            "eps": 7.94,
            "eps_growth_year": -48.89,
            "eps_4q": 45.27,
            "eps_4q_growth_year": -20.87,
            "roe": 2.51,
            "roe_4q": 14.82,
            "gross_profit": null,
            "gross_margin": null,
            "gross_margin_4q_avg": 0,
            "net_income": 2927000,
            "net_income_4q": null,
            "revenue": 14981000,
            "revenue_4q": null,
            "common_shares": 9000,
            "book_valuer_per_share": 289.38,
            "book_valuer_per_share_4q_avg": 282.91,
            "equity": 117871000,
            "current_ratio": null,
            "debt_ratio": 92.64,
            "inventory_turnover_ratio": null,
            "account_receivable_turnover_ratio": null,
            "reinvestment_rate": null,
            "research_to_sale_ratio": null,
            "price_fair": 1039.14,
            "eps_avg_yearly": 38.35,
            "eps_latest_yearly": 31.76,
            "eps_growth_yearly": 17.09
        },
        "20223": {
            "year_quarter": 20223,
            "year": 2022,
            "quarter": 3,
            "eps": 8.92,
            "eps_growth_year": -40.7,
            "eps_4q": 39.15,
            "eps_4q_growth_year": -36.98,
            "roe": 2.59,
            "roe_4q": 12.24,
            "gross_profit": null,
            "gross_margin": null,
            "gross_margin_4q_avg": 0,
            "net_income": 3069000,
            "net_income_4q": null,
            "revenue": 18482000,
            "revenue_4q": null,
            "common_shares": 9000,
            "book_valuer_per_share": 295.89,
            "book_valuer_per_share_4q_avg": 288.54,
            "equity": 119290000,
            "current_ratio": null,
            "debt_ratio": 92.33,
            "inventory_turnover_ratio": null,
            "account_receivable_turnover_ratio": null,
            "reinvestment_rate": null,
            "research_to_sale_ratio": null,
            "price_fair": 1130.26,
            "eps_avg_yearly": 38.94,
            "eps_latest_yearly": 35.68,
            "eps_growth_yearly": 19.03
        },
        "20224": {
            "year_quarter": 20224,
            "year": 2022,
            "quarter": 4,
            "eps": 4.18,
            "eps_growth_year": -62.77,
            "eps_4q": 32.1,
            "eps_4q_growth_year": -47,
            "roe": 1.12,
            "roe_4q": 9.719999999999999,
            "gross_profit": null,
            "gross_margin": null,
            "gross_margin_4q_avg": 0,
            "net_income": 1326000,
            "net_income_4q": null,
            "revenue": 20930000,
            "revenue_4q": null,
            "common_shares": 9000,
            "book_valuer_per_share": 292.92,
            "book_valuer_per_share_4q_avg": 290.93,
            "equity": 117189000,
            "current_ratio": null,
            "debt_ratio": 91.87,
            "inventory_turnover_ratio": null,
            "account_receivable_turnover_ratio": null,
            "reinvestment_rate": null,
            "research_to_sale_ratio": null,
            "price_fair": 719.48,
            "eps_avg_yearly": 38.54,
            "eps_latest_yearly": 16.72,
            "eps_growth_yearly": 8.67
        },
        "20231": {
            "year_quarter": 20231,
            "year": 2023,
            "quarter": 1,
            "eps": 10.36,
            "eps_growth_year": -6.34,
            "eps_4q": 31.4,
            "eps_4q_growth_year": -40.61,
            "roe": 2.76,
            "roe_4q": 8.98,
            "gross_profit": null,
            "gross_margin": null,
            "gross_margin_4q_avg": 0,
            "net_income": 3234000,
            "net_income_4q": null,
            "revenue": 25381000,
            "revenue_4q": null,
            "common_shares": 9000,
            "book_valuer_per_share": 295.6,
            "book_valuer_per_share_4q_avg": 293.45,
            "equity": 117509000,
            "current_ratio": null,
            "debt_ratio": 92.36,
            "inventory_turnover_ratio": null,
            "account_receivable_turnover_ratio": null,
            "reinvestment_rate": null,
            "research_to_sale_ratio": null,
            "price_fair": 1388.71,
            "eps_avg_yearly": 39.68,
            "eps_latest_yearly": 41.44,
            "eps_growth_yearly": 45.68
        },
        "20232": {
            "year_quarter": 20232,
            "year": 2023,
            "quarter": 2,
            "eps": 4.18,
            "eps_growth_year": -47.31,
            "eps_4q": 27.64,
            "eps_4q_growth_year": -38.94,
            "roe": 1.04,
            "roe_4q": 7.51,
            "gross_profit": null,
            "gross_margin": null,
            "gross_margin_4q_avg": 0,
            "net_income": 1216000,
            "net_income_4q": null,
            "revenue": 26047000,
            "revenue_4q": null,
            "common_shares": 9000,
            "book_valuer_per_share": 296.02,
            "book_valuer_per_share_4q_avg": 295.11,
            "equity": 116493000,
            "current_ratio": null,
            "debt_ratio": 92.59,
            "inventory_turnover_ratio": null,
            "account_receivable_turnover_ratio": null,
            "reinvestment_rate": null,
            "research_to_sale_ratio": null,
            "price_fair": 1373.23,
            "eps_avg_yearly": 39.24,
            "eps_latest_yearly": 16.72,
            "eps_growth_yearly": 30.07
        },
        "20233": {
            "year_quarter": 20233,
            "year": 2023,
            "quarter": 3,
            "eps": 7.38,
            "eps_growth_year": -17.27,
            "eps_4q": 26.1,
            "eps_4q_growth_year": -33.32,
            "roe": 1.76,
            "roe_4q": 6.68,
            "gross_profit": null,
            "gross_margin": null,
            "gross_margin_4q_avg": 0,
            "net_income": 2058000,
            "net_income_4q": null,
            "revenue": 28527000,
            "revenue_4q": null,
            "common_shares": null,
            "book_valuer_per_share": 354.9,
            "book_valuer_per_share_4q_avg": 309.86,
            "equity": 117000000,
            "current_ratio": null,
            "debt_ratio": 92.58,
            "inventory_turnover_ratio": null,
            "account_receivable_turnover_ratio": null,
            "reinvestment_rate": null,
            "research_to_sale_ratio": null,
            "price_fair": 1395.01,
            "eps_avg_yearly": 39.86,
            "eps_latest_yearly": 29.52,
            "eps_growth_yearly": 53.66
        }
    },
    "months": {
        "2001-01": {
            "month": "2001-01",
            "price": "111.31",
            "revenue": 0
        },
        "2001-02": {
            "month": "2001-02",
            "price": "103.83",
            "revenue": 0
        },
        "2001-03": {
            "month": "2001-03",
            "price": "88.89",
            "revenue": 0
        },
        "2001-04": {
            "month": "2001-04",
            "price": "90.10",
            "revenue": 0
        },
        "2001-05": {
            "month": "2001-05",
            "price": "96.83",
            "revenue": 0
        },
        "2001-06": {
            "month": "2001-06",
            "price": "91.39",
            "revenue": 0
        },
        "2001-07": {
            "month": "2001-07",
            "price": "83.56",
            "revenue": 0
        },
        "2001-08": {
            "month": "2001-08",
            "price": "81.05",
            "revenue": 0
        },
        "2001-09": {
            "month": "2001-09",
            "price": "71.63",
            "revenue": 0
        },
        "2001-10": {
            "month": "2001-10",
            "price": "79.95",
            "revenue": 0
        },
        "2001-11": {
            "month": "2001-11",
            "price": "87.98",
            "revenue": 0
        },
        "2001-12": {
            "month": "2001-12",
            "price": "91.50",
            "revenue": 0
        },
        "2002-01": {
            "month": "2002-01",
            "price": "89.83",
            "revenue": 0
        },
        "2002-02": {
            "month": "2002-02",
            "price": "82.07",
            "revenue": 0
        },
        "2002-03": {
            "month": "2002-03",
            "price": "89.34",
            "revenue": 0
        },
        "2002-04": {
            "month": "2002-04",
            "price": "83.43",
            "revenue": 0
        },
        "2002-05": {
            "month": "2002-05",
            "price": "78.15",
            "revenue": 0
        },
        "2002-06": {
            "month": "2002-06",
            "price": "73.18",
            "revenue": 0
        },
        "2002-07": {
            "month": "2002-07",
            "price": "72.29",
            "revenue": 0
        },
        "2002-08": {
            "month": "2002-08",
            "price": "76.34",
            "revenue": 0
        },
        "2002-09": {
            "month": "2002-09",
            "price": "70.46",
            "revenue": 0
        },
        "2002-10": {
            "month": "2002-10",
            "price": "68.21",
            "revenue": 0
        },
        "2002-11": {
            "month": "2002-11",
            "price": "75.89",
            "revenue": 0
        },
        "2002-12": {
            "month": "2002-12",
            "price": "72.84",
            "revenue": 0
        },
        "2003-01": {
            "month": "2003-01",
            "price": "71.33",
            "revenue": 0
        },
        "2003-02": {
            "month": "2003-02",
            "price": "66.95",
            "revenue": 0
        },
        "2003-03": {
            "month": "2003-03",
            "price": "67.96",
            "revenue": 0
        },
        "2003-04": {
            "month": "2003-04",
            "price": "74.55",
            "revenue": 0
        },
        "2003-05": {
            "month": "2003-05",
            "price": "76.46",
            "revenue": 0
        },
        "2003-06": {
            "month": "2003-06",
            "price": "86.87",
            "revenue": 0
        },
        "2003-07": {
            "month": "2003-07",
            "price": "86.81",
            "revenue": 0
        },
        "2003-08": {
            "month": "2003-08",
            "price": "86.59",
            "revenue": 0
        },
        "2003-09": {
            "month": "2003-09",
            "price": "89.59",
            "revenue": 0
        },
        "2003-10": {
            "month": "2003-10",
            "price": "88.15",
            "revenue": 0
        },
        "2003-11": {
            "month": "2003-11",
            "price": "95.28",
            "revenue": 0
        },
        "2003-12": {
            "month": "2003-12",
            "price": "98.17",
            "revenue": 0
        },
        "2004-01": {
            "month": "2004-01",
            "price": "99.24",
            "revenue": 0
        },
        "2004-02": {
            "month": "2004-02",
            "price": "104.23",
            "revenue": 0
        },
        "2004-03": {
            "month": "2004-03",
            "price": "104.31",
            "revenue": 0
        },
        "2004-04": {
            "month": "2004-04",
            "price": "102.37",
            "revenue": 0
        },
        "2004-05": {
            "month": "2004-05",
            "price": "93.62",
            "revenue": 0
        },
        "2004-06": {
            "month": "2004-06",
            "price": "91.95",
            "revenue": 0
        },
        "2004-07": {
            "month": "2004-07",
            "price": "89.47",
            "revenue": 0
        },
        "2004-08": {
            "month": "2004-08",
            "price": "87.10",
            "revenue": 0
        },
        "2004-09": {
            "month": "2004-09",
            "price": "92.54",
            "revenue": 0
        },
        "2004-10": {
            "month": "2004-10",
            "price": "94.38",
            "revenue": 0
        },
        "2004-11": {
            "month": "2004-11",
            "price": "102.59",
            "revenue": 0
        },
        "2004-12": {
            "month": "2004-12",
            "price": "106.14",
            "revenue": 0
        },
        "2005-01": {
            "month": "2005-01",
            "price": "104.29",
            "revenue": 0
        },
        "2005-02": {
            "month": "2005-02",
            "price": "110.25",
            "revenue": 0
        },
        "2005-03": {
            "month": "2005-03",
            "price": "110.02",
            "revenue": 0
        },
        "2005-04": {
            "month": "2005-04",
            "price": "108.55",
            "revenue": 0
        },
        "2005-05": {
            "month": "2005-05",
            "price": "100.91",
            "revenue": 0
        },
        "2005-06": {
            "month": "2005-06",
            "price": "100.77",
            "revenue": 0
        },
        "2005-07": {
            "month": "2005-07",
            "price": "107.30",
            "revenue": 0
        },
        "2005-08": {
            "month": "2005-08",
            "price": "110.98",
            "revenue": 0
        },
        "2005-09": {
            "month": "2005-09",
            "price": "117.39",
            "revenue": 0
        },
        "2005-10": {
            "month": "2005-10",
            "price": "119.50",
            "revenue": 0
        },
        "2005-11": {
            "month": "2005-11",
            "price": "130.12",
            "revenue": 0
        },
        "2005-12": {
            "month": "2005-12",
            "price": "128.87",
            "revenue": 0
        },
        "2006-01": {
            "month": "2006-01",
            "price": "132.92",
            "revenue": 0
        },
        "2006-02": {
            "month": "2006-02",
            "price": "142.75",
            "revenue": 0
        },
        "2006-03": {
            "month": "2006-03",
            "price": "148.80",
            "revenue": 0
        },
        "2006-04": {
            "month": "2006-04",
            "price": "162.52",
            "revenue": 0
        },
        "2006-05": {
            "month": "2006-05",
            "price": "154.13",
            "revenue": 0
        },
        "2006-06": {
            "month": "2006-06",
            "price": "147.71",
            "revenue": 0
        },
        "2006-07": {
            "month": "2006-07",
            "price": "147.04",
            "revenue": 0
        },
        "2006-08": {
            "month": "2006-08",
            "price": "151.51",
            "revenue": 0
        },
        "2006-09": {
            "month": "2006-09",
            "price": "160.91",
            "revenue": 0
        },
        "2006-10": {
            "month": "2006-10",
            "price": "182.15",
            "revenue": 0
        },
        "2006-11": {
            "month": "2006-11",
            "price": "192.58",
            "revenue": 0
        },
        "2006-12": {
            "month": "2006-12",
            "price": "200.56",
            "revenue": 0
        },
        "2007-01": {
            "month": "2007-01",
            "price": "209.56",
            "revenue": 0
        },
        "2007-02": {
            "month": "2007-02",
            "price": "213.70",
            "revenue": 0
        },
        "2007-03": {
            "month": "2007-03",
            "price": "202.87",
            "revenue": 0
        },
        "2007-04": {
            "month": "2007-04",
            "price": "214.61",
            "revenue": 0
        },
        "2007-05": {
            "month": "2007-05",
            "price": "226.48",
            "revenue": 0
        },
        "2007-06": {
            "month": "2007-06",
            "price": "224.78",
            "revenue": 0
        },
        "2007-07": {
            "month": "2007-07",
            "price": "211.38",
            "revenue": 0
        },
        "2007-08": {
            "month": "2007-08",
            "price": "178.33",
            "revenue": 0
        },
        "2007-09": {
            "month": "2007-09",
            "price": "195.90",
            "revenue": 0
        },
        "2007-10": {
            "month": "2007-10",
            "price": "230.02",
            "revenue": 0
        },
        "2007-11": {
            "month": "2007-11",
            "price": "221.12",
            "revenue": 0
        },
        "2007-12": {
            "month": "2007-12",
            "price": "213.22",
            "revenue": 0
        },
        "2008-01": {
            "month": "2008-01",
            "price": "196.46",
            "revenue": 0
        },
        "2008-02": {
            "month": "2008-02",
            "price": "182.30",
            "revenue": 0
        },
        "2008-03": {
            "month": "2008-03",
            "price": "166.05",
            "revenue": 0
        },
        "2008-04": {
            "month": "2008-04",
            "price": "178.12",
            "revenue": 0
        },
        "2008-05": {
            "month": "2008-05",
            "price": "185.93",
            "revenue": 0
        },
        "2008-06": {
            "month": "2008-06",
            "price": "175.54",
            "revenue": 0
        },
        "2008-07": {
            "month": "2008-07",
            "price": "176.05",
            "revenue": 0
        },
        "2008-08": {
            "month": "2008-08",
            "price": "166.37",
            "revenue": 0
        },
        "2008-09": {
            "month": "2008-09",
            "price": "141.86",
            "revenue": 0
        },
        "2008-10": {
            "month": "2008-10",
            "price": "110.63",
            "revenue": 0
        },
        "2008-11": {
            "month": "2008-11",
            "price": "71.53",
            "revenue": 0
        },
        "2008-12": {
            "month": "2008-12",
            "price": "73.93",
            "revenue": 0
        },
        "2009-01": {
            "month": "2009-01",
            "price": "78.74",
            "revenue": 0
        },
        "2009-02": {
            "month": "2009-02",
            "price": "89.78",
            "revenue": 0
        },
        "2009-03": {
            "month": "2009-03",
            "price": "96.18",
            "revenue": 0
        },
        "2009-04": {
            "month": "2009-04",
            "price": "120.06",
            "revenue": 0
        },
        "2009-05": {
            "month": "2009-05",
            "price": "137.15",
            "revenue": 0
        },
        "2009-06": {
            "month": "2009-06",
            "price": "144.78",
            "revenue": 0
        },
        "2009-07": {
            "month": "2009-07",
            "price": "154.17",
            "revenue": 0
        },
        "2009-08": {
            "month": "2009-08",
            "price": "163.35",
            "revenue": 0
        },
        "2009-09": {
            "month": "2009-09",
            "price": "175.90",
            "revenue": 0
        },
        "2009-10": {
            "month": "2009-10",
            "price": "183.42",
            "revenue": 0
        },
        "2009-11": {
            "month": "2009-11",
            "price": "172.97",
            "revenue": 0
        },
        "2009-12": {
            "month": "2009-12",
            "price": "164.99",
            "revenue": 0
        },
        "2010-01": {
            "month": "2010-01",
            "price": "164.56",
            "revenue": 0
        },
        "2010-02": {
            "month": "2010-02",
            "price": "155.16",
            "revenue": 0
        },
        "2010-03": {
            "month": "2010-03",
            "price": "171.04",
            "revenue": 0
        },
        "2010-04": {
            "month": "2010-04",
            "price": "166.88",
            "revenue": 0
        },
        "2010-05": {
            "month": "2010-05",
            "price": "142.95",
            "revenue": 0
        },
        "2010-06": {
            "month": "2010-06",
            "price": "137.39",
            "revenue": 0
        },
        "2010-07": {
            "month": "2010-07",
            "price": "142.54",
            "revenue": 0
        },
        "2010-08": {
            "month": "2010-08",
            "price": "148.22",
            "revenue": 0
        },
        "2010-09": {
            "month": "2010-09",
            "price": "147.87",
            "revenue": 0
        },
        "2010-10": {
            "month": "2010-10",
            "price": "154.77",
            "revenue": 0
        },
        "2010-11": {
            "month": "2010-11",
            "price": "164.05",
            "revenue": 0
        },
        "2010-12": {
            "month": "2010-12",
            "price": "166.05",
            "revenue": 0
        },
        "2011-01": {
            "month": "2011-01",
            "price": "168.62",
            "revenue": 0
        },
        "2011-02": {
            "month": "2011-02",
            "price": "165.86",
            "revenue": 0
        },
        "2011-03": {
            "month": "2011-03",
            "price": "159.52",
            "revenue": 0
        },
        "2011-04": {
            "month": "2011-04",
            "price": "156.40",
            "revenue": 0
        },
        "2011-05": {
            "month": "2011-05",
            "price": "143.21",
            "revenue": 0
        },
        "2011-06": {
            "month": "2011-06",
            "price": "134.14",
            "revenue": 0
        },
        "2011-07": {
            "month": "2011-07",
            "price": "133.40",
            "revenue": 0
        },
        "2011-08": {
            "month": "2011-08",
            "price": "117.61",
            "revenue": 0
        },
        "2011-09": {
            "month": "2011-09",
            "price": "102.38",
            "revenue": 0
        },
        "2011-10": {
            "month": "2011-10",
            "price": "100.40",
            "revenue": 0
        },
        "2011-11": {
            "month": "2011-11",
            "price": "97.57",
            "revenue": 0
        },
        "2011-12": {
            "month": "2011-12",
            "price": "94.75",
            "revenue": 0
        },
        "2012-01": {
            "month": "2012-01",
            "price": "102.82",
            "revenue": 0
        },
        "2012-02": {
            "month": "2012-02",
            "price": "115.31",
            "revenue": 0
        },
        "2012-03": {
            "month": "2012-03",
            "price": "122.19",
            "revenue": 0
        },
        "2012-04": {
            "month": "2012-04",
            "price": "116.42",
            "revenue": 0
        },
        "2012-05": {
            "month": "2012-05",
            "price": "102.23",
            "revenue": 0
        },
        "2012-06": {
            "month": "2012-06",
            "price": "93.68",
            "revenue": 0
        },
        "2012-07": {
            "month": "2012-07",
            "price": "96.61",
            "revenue": 0
        },
        "2012-08": {
            "month": "2012-08",
            "price": "103.51",
            "revenue": 0
        },
        "2012-09": {
            "month": "2012-09",
            "price": "115.95",
            "revenue": 0
        },
        "2012-10": {
            "month": "2012-10",
            "price": "120.81",
            "revenue": 0
        },
        "2012-11": {
            "month": "2012-11",
            "price": "118.89",
            "revenue": 0
        },
        "2012-12": {
            "month": "2012-12",
            "price": "122.44",
            "revenue": 0
        },
        "2013-01": {
            "month": "2013-01",
            "price": "139.94",
            "revenue": 0
        },
        "2013-02": {
            "month": "2013-02",
            "price": "152.03",
            "revenue": 0
        },
        "2013-03": {
            "month": "2013-03",
            "price": "150.79",
            "revenue": 0
        },
        "2013-04": {
            "month": "2013-04",
            "price": "144.35",
            "revenue": 0
        },
        "2013-05": {
            "month": "2013-05",
            "price": "154.31",
            "revenue": 0
        },
        "2013-06": {
            "month": "2013-06",
            "price": "159.52",
            "revenue": 0
        },
        "2013-07": {
            "month": "2013-07",
            "price": "160.10",
            "revenue": 0
        },
        "2013-08": {
            "month": "2013-08",
            "price": "160.45",
            "revenue": 0
        },
        "2013-09": {
            "month": "2013-09",
            "price": "162.56",
            "revenue": 0
        },
        "2013-10": {
            "month": "2013-10",
            "price": "158.80",
            "revenue": 0
        },
        "2013-11": {
            "month": "2013-11",
            "price": "164.89",
            "revenue": 0
        },
        "2013-12": {
            "month": "2013-12",
            "price": "171.69",
            "revenue": 0
        },
        "2014-01": {
            "month": "2014-01",
            "price": "173.32",
            "revenue": 0
        },
        "2014-02": {
            "month": "2014-02",
            "price": "163.36",
            "revenue": 0
        },
        "2014-03": {
            "month": "2014-03",
            "price": "167.42",
            "revenue": 0
        },
        "2014-04": {
            "month": "2014-04",
            "price": "159.11",
            "revenue": 0
        },
        "2014-05": {
            "month": "2014-05",
            "price": "158.55",
            "revenue": 0
        },
        "2014-06": {
            "month": "2014-06",
            "price": "166.44",
            "revenue": 0
        },
        "2014-07": {
            "month": "2014-07",
            "price": "170.75",
            "revenue": 0
        },
        "2014-08": {
            "month": "2014-08",
            "price": "173.70",
            "revenue": 0
        },
        "2014-09": {
            "month": "2014-09",
            "price": "182.98",
            "revenue": 0
        },
        "2014-10": {
            "month": "2014-10",
            "price": "182.04",
            "revenue": 0
        },
        "2014-11": {
            "month": "2014-11",
            "price": "190.04",
            "revenue": 0
        },
        "2014-12": {
            "month": "2014-12",
            "price": "192.29",
            "revenue": 0
        },
        "2015-01": {
            "month": "2015-01",
            "price": "181.59",
            "revenue": 0
        },
        "2015-02": {
            "month": "2015-02",
            "price": "186.71",
            "revenue": 0
        },
        "2015-03": {
            "month": "2015-03",
            "price": "189.39",
            "revenue": 0
        },
        "2015-04": {
            "month": "2015-04",
            "price": "196.32",
            "revenue": 0
        },
        "2015-05": {
            "month": "2015-05",
            "price": "202.78",
            "revenue": 0
        },
        "2015-06": {
            "month": "2015-06",
            "price": "211.75",
            "revenue": 0
        },
        "2015-07": {
            "month": "2015-07",
            "price": "208.92",
            "revenue": 0
        },
        "2015-08": {
            "month": "2015-08",
            "price": "196.78",
            "revenue": 0
        },
        "2015-09": {
            "month": "2015-09",
            "price": "181.91",
            "revenue": 0
        },
        "2015-10": {
            "month": "2015-10",
            "price": "183.16",
            "revenue": 0
        },
        "2015-11": {
            "month": "2015-11",
            "price": "192.34",
            "revenue": 0
        },
        "2015-12": {
            "month": "2015-12",
            "price": "182.71",
            "revenue": 0
        },
        "2016-01": {
            "month": "2016-01",
            "price": "160.74",
            "revenue": 0
        },
        "2016-02": {
            "month": "2016-02",
            "price": "149.52",
            "revenue": 0
        },
        "2016-03": {
            "month": "2016-03",
            "price": "154.06",
            "revenue": 0
        },
        "2016-04": {
            "month": "2016-04",
            "price": "160.08",
            "revenue": 0
        },
        "2016-05": {
            "month": "2016-05",
            "price": "158.63",
            "revenue": 0
        },
        "2016-06": {
            "month": "2016-06",
            "price": "149.68",
            "revenue": 0
        },
        "2016-07": {
            "month": "2016-07",
            "price": "156.79",
            "revenue": 0
        },
        "2016-08": {
            "month": "2016-08",
            "price": "164.03",
            "revenue": 0
        },
        "2016-09": {
            "month": "2016-09",
            "price": "166.48",
            "revenue": 0
        },
        "2016-10": {
            "month": "2016-10",
            "price": "171.44",
            "revenue": 0
        },
        "2016-11": {
            "month": "2016-11",
            "price": "200.07",
            "revenue": 0
        },
        "2016-12": {
            "month": "2016-12",
            "price": "237.66",
            "revenue": 0
        },
        "2017-01": {
            "month": "2017-01",
            "price": "238.36",
            "revenue": 0
        },
        "2017-02": {
            "month": "2017-02",
            "price": "244.69",
            "revenue": 0
        },
        "2017-03": {
            "month": "2017-03",
            "price": "241.47",
            "revenue": 0
        },
        "2017-04": {
            "month": "2017-04",
            "price": "224.45",
            "revenue": 0
        },
        "2017-05": {
            "month": "2017-05",
            "price": "221.87",
            "revenue": 0
        },
        "2017-06": {
            "month": "2017-06",
            "price": "220.56",
            "revenue": 0
        },
        "2017-07": {
            "month": "2017-07",
            "price": "224.84",
            "revenue": 0
        },
        "2017-08": {
            "month": "2017-08",
            "price": "225.04",
            "revenue": 0
        },
        "2017-09": {
            "month": "2017-09",
            "price": "226.87",
            "revenue": 0
        },
        "2017-10": {
            "month": "2017-10",
            "price": "241.89",
            "revenue": 0
        },
        "2017-11": {
            "month": "2017-11",
            "price": "240.27",
            "revenue": 0
        },
        "2017-12": {
            "month": "2017-12",
            "price": "254.27",
            "revenue": 0
        },
        "2018-01": {
            "month": "2018-01",
            "price": "259.36",
            "revenue": 0
        },
        "2018-02": {
            "month": "2018-02",
            "price": "260.95",
            "revenue": 0
        },
        "2018-03": {
            "month": "2018-03",
            "price": "260.80",
            "revenue": 0
        },
        "2018-04": {
            "month": "2018-04",
            "price": "250.09",
            "revenue": 0
        },
        "2018-05": {
            "month": "2018-05",
            "price": "236.84",
            "revenue": 0
        },
        "2018-06": {
            "month": "2018-06",
            "price": "228.55",
            "revenue": 0
        },
        "2018-07": {
            "month": "2018-07",
            "price": "230.13",
            "revenue": 0
        },
        "2018-08": {
            "month": "2018-08",
            "price": "235.59",
            "revenue": 0
        },
        "2018-09": {
            "month": "2018-09",
            "price": "231.73",
            "revenue": 0
        },
        "2018-10": {
            "month": "2018-10",
            "price": "220.62",
            "revenue": 0
        },
        "2018-11": {
            "month": "2018-11",
            "price": "207.70",
            "revenue": 0
        },
        "2018-12": {
            "month": "2018-12",
            "price": "172.25",
            "revenue": 0
        },
        "2019-01": {
            "month": "2019-01",
            "price": "188.03",
            "revenue": 0
        },
        "2019-02": {
            "month": "2019-02",
            "price": "196.17",
            "revenue": 0
        },
        "2019-03": {
            "month": "2019-03",
            "price": "194.87",
            "revenue": 0
        },
        "2019-04": {
            "month": "2019-04",
            "price": "202.79",
            "revenue": 0
        },
        "2019-05": {
            "month": "2019-05",
            "price": "197.24",
            "revenue": 0
        },
        "2019-06": {
            "month": "2019-06",
            "price": "193.54",
            "revenue": 0
        },
        "2019-07": {
            "month": "2019-07",
            "price": "213.61",
            "revenue": 0
        },
        "2019-08": {
            "month": "2019-08",
            "price": "202.35",
            "revenue": 0
        },
        "2019-09": {
            "month": "2019-09",
            "price": "211.64",
            "revenue": 0
        },
        "2019-10": {
            "month": "2019-10",
            "price": "206.56",
            "revenue": 0
        },
        "2019-11": {
            "month": "2019-11",
            "price": "220.23",
            "revenue": 0
        },
        "2019-12": {
            "month": "2019-12",
            "price": "225.36",
            "revenue": 0
        },
        "2020-01": {
            "month": "2020-01",
            "price": "241.72",
            "revenue": 0
        },
        "2020-02": {
            "month": "2020-02",
            "price": "231.12",
            "revenue": 0
        },
        "2020-03": {
            "month": "2020-03",
            "price": "167.88",
            "revenue": 0
        },
        "2020-04": {
            "month": "2020-04",
            "price": "173.82",
            "revenue": 0
        },
        "2020-05": {
            "month": "2020-05",
            "price": "182.96",
            "revenue": 0
        },
        "2020-06": {
            "month": "2020-06",
            "price": "205.31",
            "revenue": 0
        },
        "2020-07": {
            "month": "2020-07",
            "price": "205.05",
            "revenue": 0
        },
        "2020-08": {
            "month": "2020-08",
            "price": "205.81",
            "revenue": 0
        },
        "2020-09": {
            "month": "2020-09",
            "price": "199.43",
            "revenue": 0
        },
        "2020-10": {
            "month": "2020-10",
            "price": "202.91",
            "revenue": 0
        },
        "2020-11": {
            "month": "2020-11",
            "price": "218.12",
            "revenue": 0
        },
        "2020-12": {
            "month": "2020-12",
            "price": "246.38",
            "revenue": 0
        },
        "2021-01": {
            "month": "2021-01",
            "price": "287.31",
            "revenue": 0
        },
        "2021-02": {
            "month": "2021-02",
            "price": "306.06",
            "revenue": 0
        },
        "2021-03": {
            "month": "2021-03",
            "price": "335.52",
            "revenue": 0
        },
        "2021-04": {
            "month": "2021-04",
            "price": "336.31",
            "revenue": 0
        },
        "2021-05": {
            "month": "2021-05",
            "price": "363.34",
            "revenue": 0
        },
        "2021-06": {
            "month": "2021-06",
            "price": "373.35",
            "revenue": 0
        },
        "2021-07": {
            "month": "2021-07",
            "price": "371.60",
            "revenue": 0
        },
        "2021-08": {
            "month": "2021-08",
            "price": "402.27",
            "revenue": 0
        },
        "2021-09": {
            "month": "2021-09",
            "price": "397.16",
            "revenue": 0
        },
        "2021-10": {
            "month": "2021-10",
            "price": "399.71",
            "revenue": 0
        },
        "2021-11": {
            "month": "2021-11",
            "price": "401.45",
            "revenue": 0
        },
        "2021-12": {
            "month": "2021-12",
            "price": "386.94",
            "revenue": 0
        },
        "2022-01": {
            "month": "2022-01",
            "price": "371.21",
            "revenue": 0
        },
        "2022-02": {
            "month": "2022-02",
            "price": "357.71",
            "revenue": 0
        },
        "2022-03": {
            "month": "2022-03",
            "price": "333.78",
            "revenue": 0
        },
        "2022-04": {
            "month": "2022-04",
            "price": "322.55",
            "revenue": 0
        },
        "2022-05": {
            "month": "2022-05",
            "price": "312.37",
            "revenue": 0
        },
        "2022-06": {
            "month": "2022-06",
            "price": "299.63",
            "revenue": 0
        },
        "2022-07": {
            "month": "2022-07",
            "price": "307.88",
            "revenue": 0
        },
        "2022-08": {
            "month": "2022-08",
            "price": "341.76",
            "revenue": 0
        },
        "2022-09": {
            "month": "2022-09",
            "price": "319.86",
            "revenue": 0
        },
        "2022-10": {
            "month": "2022-10",
            "price": "314.97",
            "revenue": 0
        },
        "2022-11": {
            "month": "2022-11",
            "price": "374.06",
            "revenue": 0
        },
        "2022-12": {
            "month": "2022-12",
            "price": "355.45",
            "revenue": 0
        },
        "2023-01": {
            "month": "2023-01",
            "price": "353.76",
            "revenue": 0
        },
        "2023-02": {
            "month": "2023-02",
            "price": "367.90",
            "revenue": 0
        },
        "2023-03": {
            "month": "2023-03",
            "price": "326.82",
            "revenue": 0
        },
        "2023-04": {
            "month": "2023-04",
            "price": "333.72",
            "revenue": 0
        },
        "2023-05": {
            "month": "2023-05",
            "price": "326.03",
            "revenue": 0
        },
        "2023-06": {
            "month": "2023-06",
            "price": "327.12",
            "revenue": 0
        },
        "2023-07": {
            "month": "2023-07",
            "price": "336.80",
            "revenue": 0
        },
        "2023-08": {
            "month": "2023-08",
            "price": "335.32",
            "revenue": 0
        },
        "2023-09": {
            "month": "2023-09",
            "price": "330.04",
            "revenue": 0
        },
        "2023-10": {
            "month": "2023-10",
            "price": "306.14",
            "revenue": 0
        }
    }
}
