{
    "summary": {
        "stock_name": "Honeywell International Inc",
        "stock_id": "HON",
        "category": "Multi-Sector Conglomerates",
        "main_business": "霍尼韋爾國際公司於1985年在特拉華州註冊成立。該公司發明和商業化的技術，以解決世界上一些最關鍵的挑戰，圍繞能源，安全，安全，航空旅行，生產力和全球城市化。作為一家多元化的技術和製造公司，公司的獨特定位是將物理產品與軟體相結合，為全球客戶提供航空航天產品和服務、節能產品和企業解決方案、特種化學品、電子和先進材料，煉油和石油化工的工藝技術，以及建築物和建築物的生產力、感測、安全和安保技術工業界公司的產品和解決方案，使世界變得更安全、更舒適、更有生產力，提高了全球人民的生活質量。",
        "website_url": "https://www.honeywell.com/",
        "ceo": "Darius Adamczyk",
        "pe_ratio": 21,
        "report_year_from": 1993,
        "report_year_to": 2023,
        "age": 31,
        "eps_negative_percentage": 0,
        "eps_growth_avg": {
            "last_all": 8.24,
            "last_2y": -3.86,
            "last_4y": -6.25,
            "last_8y": 2.93,
            "last_12y": 8.32,
            "last_16y": 8.69,
            "last_20y": 10.81,
            "at_2006_last_3y": 19.81,
            "at_2007_last_3y": 21.19,
            "at_2008_last_3y": 30.96,
            "at_2009_last_3y": 14.63,
            "at_2010_last_3y": 9.88,
            "at_2011_last_3y": 2.36,
            "at_2012_last_3y": 4.19,
            "at_2013_last_3y": 26.3,
            "at_2014_last_3y": 20.45,
            "at_2015_last_3y": 23.91,
            "at_2016_last_3y": 15.41,
            "at_2017_last_3y": 2.69,
            "at_2018_last_3y": 14.4,
            "at_2019_last_3y": 8.88,
            "at_2020_last_3y": 5.47,
            "at_2021_last_3y": 7.75,
            "at_2022_last_3y": -2.06,
            "at_2023_last_3y": -5.01,
            "at_2024_last_3y": -5.01,
            "at_2006_last_all": 6.72,
            "at_2007_last_all": 10.12,
            "at_2008_last_all": 13.22,
            "at_2009_last_all": 6.86,
            "at_2010_last_all": 8.12,
            "at_2011_last_all": 7.02,
            "at_2012_last_all": 9.94,
            "at_2013_last_all": 13.34,
            "at_2014_last_all": 11.92,
            "at_2015_last_all": 11.84,
            "at_2016_last_all": 11.4,
            "at_2017_last_all": 10.68,
            "at_2018_last_all": 12.5,
            "at_2019_last_all": 11.18,
            "at_2020_last_all": 10.15,
            "at_2021_last_all": 10.09,
            "at_2022_last_all": 9.73,
            "at_2023_last_all": 8.24,
            "at_2024_last_all": 8.24
        },
        "latest_eps": 9.36,
        "latest_price": 200.81,
        "latest_roe": 33.41,
        "latest_gross_margin": 38.45,
        "latest_equity": 17231000,
        "latest_revenue": 9212000,
        "latest_gross_profit": 3542000,
        "latest_net_income": 1515000,
        "latest_debt_ratio": 71.89,
        "latest_current_ratio": 135.37,
        "latest_account_receivable_turnover_ratio": 1.14,
        "latest_inventory_turnover_ratio": 0.95,
        "latest_reinvestment_rate": 3.31,
        "latest_research_to_sale_ratio": 3.95
    },
    "eps_dividends": {
        "1995": {
            "cash": 1.36,
            "stock": 0,
            "eps": 0
        },
        "1996": {
            "cash": 1.98,
            "stock": 0,
            "eps": 0
        },
        "1997": {
            "cash": 2,
            "stock": 0,
            "eps": 0
        },
        "1998": {
            "cash": 1.73,
            "stock": 0,
            "eps": 0
        },
        "1999": {
            "cash": 1.8399999999999999,
            "stock": 0,
            "eps": 0
        },
        "2000": {
            "cash": 0.76,
            "stock": 0,
            "eps": 0
        },
        "2001": {
            "cash": 0.5700000000000001,
            "stock": 0,
            "eps": 2.3
        },
        "2002": {
            "cash": 0.5700000000000001,
            "stock": 0,
            "eps": 1.25
        },
        "2003": {
            "cash": 0.5700000000000001,
            "stock": 0,
            "eps": 1.52
        },
        "2004": {
            "cash": 0.76,
            "stock": 0,
            "eps": 1.41
        },
        "2005": {
            "cash": 0.63,
            "stock": 0,
            "eps": 1.8
        },
        "2006": {
            "cash": 0.92,
            "stock": 0,
            "eps": 2.47
        },
        "2007": {
            "cash": 1,
            "stock": 0,
            "eps": 3.14
        },
        "2008": {
            "cash": 0.8400000000000001,
            "stock": 0,
            "eps": 4.14
        },
        "2009": {
            "cash": 1.2,
            "stock": 0,
            "eps": 2.58
        },
        "2010": {
            "cash": 0.6,
            "stock": 0,
            "eps": 3.05
        },
        "2011": {
            "cash": 1.03,
            "stock": 0,
            "eps": 2.96
        },
        "2012": {
            "cash": 1.5199999999999998,
            "stock": 0,
            "eps": 4.12
        },
        "2013": {
            "cash": 1.68,
            "stock": 0,
            "eps": 6.21
        },
        "2014": {
            "cash": 1.87,
            "stock": 0,
            "eps": 5.89
        },
        "2015": {
            "cash": 2.16,
            "stock": 0,
            "eps": 6.53
        },
        "2016": {
            "cash": 1.87,
            "stock": 0,
            "eps": 6.87
        },
        "2017": {
            "cash": 2.7600000000000002,
            "stock": 0,
            "eps": 6.86
        },
        "2018": {
            "cash": 3.07,
            "stock": 0,
            "eps": 9.72
        },
        "2019": {
            "cash": 3.36,
            "stock": 0,
            "eps": 8.63
        },
        "2020": {
            "cash": 3.6300000000000003,
            "stock": 0,
            "eps": 7.9
        },
        "2021": {
            "cash": 3.77,
            "stock": 0,
            "eps": 8.61
        },
        "2022": {
            "cash": 3.9699999999999998,
            "stock": 0,
            "eps": 8.82
        },
        "2023": {
            "cash": 3.09,
            "stock": 0,
            "eps": 6.79
        },
        "2024": {
            "cash": 1.03,
            "stock": 0,
            "eps": 0
        }
    },
    "dividends": {
        "1995-06-09": {
            "cash": 0.2,
            "stock": 0
        },
        "1995-06-12": {
            "cash": 0.25,
            "stock": 0
        },
        "1995-09-08": {
            "cash": 0.2,
            "stock": 0
        },
        "1995-09-11": {
            "cash": 0.25,
            "stock": 0
        },
        "1995-12-08": {
            "cash": 0.2,
            "stock": 0
        },
        "1995-12-18": {
            "cash": 0.26,
            "stock": 0
        },
        "1996-03-08": {
            "cash": 0.23,
            "stock": 0
        },
        "1996-03-18": {
            "cash": 0.26,
            "stock": 0
        },
        "1996-06-10": {
            "cash": 0.23,
            "stock": 0
        },
        "1996-06-17": {
            "cash": 0.26,
            "stock": 0
        },
        "1996-09-10": {
            "cash": 0.23,
            "stock": 0
        },
        "1996-09-16": {
            "cash": 0.27,
            "stock": 0
        },
        "1996-12-10": {
            "cash": 0.23,
            "stock": 0
        },
        "1996-12-16": {
            "cash": 0.27,
            "stock": 0
        },
        "1997-03-10": {
            "cash": 0.26,
            "stock": 0
        },
        "1997-03-17": {
            "cash": 0.27,
            "stock": 0
        },
        "1997-06-10": {
            "cash": 0.26,
            "stock": 0
        },
        "1997-06-16": {
            "cash": 0.27,
            "stock": 0
        },
        "1997-09-10": {
            "cash": 0.26,
            "stock": 0
        },
        "1997-09-15": {
            "cash": 0.27,
            "stock": 0
        },
        "1997-12-10": {
            "cash": 0.13,
            "stock": 0
        },
        "1997-12-15": {
            "cash": 0.28,
            "stock": 0
        },
        "1998-03-10": {
            "cash": 0.15,
            "stock": 0
        },
        "1998-03-16": {
            "cash": 0.28,
            "stock": 0
        },
        "1998-06-10": {
            "cash": 0.15,
            "stock": 0
        },
        "1998-06-15": {
            "cash": 0.28,
            "stock": 0
        },
        "1998-09-10": {
            "cash": 0.15,
            "stock": 0
        },
        "1998-09-14": {
            "cash": 0.28,
            "stock": 0
        },
        "1998-12-10": {
            "cash": 0.15,
            "stock": 0
        },
        "1998-12-14": {
            "cash": 0.29,
            "stock": 0
        },
        "1999-03-10": {
            "cash": 0.17,
            "stock": 0
        },
        "1999-03-15": {
            "cash": 0.29,
            "stock": 0
        },
        "1999-06-10": {
            "cash": 0.17,
            "stock": 0
        },
        "1999-06-14": {
            "cash": 0.29,
            "stock": 0
        },
        "1999-09-10": {
            "cash": 0.17,
            "stock": 0
        },
        "1999-09-13": {
            "cash": 0.29,
            "stock": 0
        },
        "1999-11-29": {
            "cash": 0.29,
            "stock": 0
        },
        "1999-12-10": {
            "cash": 0.17,
            "stock": 0
        },
        "2000-03-10": {
            "cash": 0.19,
            "stock": 0
        },
        "2000-06-09": {
            "cash": 0.19,
            "stock": 0
        },
        "2000-09-08": {
            "cash": 0.19,
            "stock": 0
        },
        "2000-12-08": {
            "cash": 0.19,
            "stock": 0
        },
        "2001-07-25": {
            "cash": 0.19,
            "stock": 0
        },
        "2001-09-10": {
            "cash": 0.19,
            "stock": 0
        },
        "2001-12-10": {
            "cash": 0.19,
            "stock": 0
        },
        "2002-06-10": {
            "cash": 0.19,
            "stock": 0
        },
        "2002-09-10": {
            "cash": 0.19,
            "stock": 0
        },
        "2002-12-10": {
            "cash": 0.19,
            "stock": 0
        },
        "2003-06-10": {
            "cash": 0.19,
            "stock": 0
        },
        "2003-09-10": {
            "cash": 0.19,
            "stock": 0
        },
        "2003-12-10": {
            "cash": 0.19,
            "stock": 0
        },
        "2004-03-10": {
            "cash": 0.19,
            "stock": 0
        },
        "2004-06-10": {
            "cash": 0.19,
            "stock": 0
        },
        "2004-09-10": {
            "cash": 0.19,
            "stock": 0
        },
        "2004-12-10": {
            "cash": 0.19,
            "stock": 0
        },
        "2005-03-10": {
            "cash": 0.21,
            "stock": 0
        },
        "2005-09-09": {
            "cash": 0.21,
            "stock": 0
        },
        "2005-12-09": {
            "cash": 0.21,
            "stock": 0
        },
        "2006-03-10": {
            "cash": 0.23,
            "stock": 0
        },
        "2006-06-09": {
            "cash": 0.23,
            "stock": 0
        },
        "2006-09-08": {
            "cash": 0.23,
            "stock": 0
        },
        "2006-12-08": {
            "cash": 0.23,
            "stock": 0
        },
        "2007-03-09": {
            "cash": 0.25,
            "stock": 0
        },
        "2007-06-08": {
            "cash": 0.25,
            "stock": 0
        },
        "2007-09-10": {
            "cash": 0.25,
            "stock": 0
        },
        "2007-12-10": {
            "cash": 0.25,
            "stock": 0
        },
        "2008-03-10": {
            "cash": 0.28,
            "stock": 0
        },
        "2008-09-10": {
            "cash": 0.28,
            "stock": 0
        },
        "2008-12-10": {
            "cash": 0.28,
            "stock": 0
        },
        "2009-03-10": {
            "cash": 0.3,
            "stock": 0
        },
        "2009-06-10": {
            "cash": 0.3,
            "stock": 0
        },
        "2009-09-10": {
            "cash": 0.3,
            "stock": 0
        },
        "2009-12-10": {
            "cash": 0.3,
            "stock": 0
        },
        "2010-09-10": {
            "cash": 0.3,
            "stock": 0
        },
        "2010-12-10": {
            "cash": 0.3,
            "stock": 0
        },
        "2011-06-10": {
            "cash": 0.33,
            "stock": 0
        },
        "2011-09-09": {
            "cash": 0.33,
            "stock": 0
        },
        "2011-12-09": {
            "cash": 0.37,
            "stock": 0
        },
        "2012-03-09": {
            "cash": 0.37,
            "stock": 0
        },
        "2012-06-08": {
            "cash": 0.37,
            "stock": 0
        },
        "2012-09-10": {
            "cash": 0.37,
            "stock": 0
        },
        "2012-12-10": {
            "cash": 0.41,
            "stock": 0
        },
        "2013-03-11": {
            "cash": 0.41,
            "stock": 0
        },
        "2013-06-10": {
            "cash": 0.41,
            "stock": 0
        },
        "2013-09-10": {
            "cash": 0.41,
            "stock": 0
        },
        "2013-12-10": {
            "cash": 0.45,
            "stock": 0
        },
        "2014-03-10": {
            "cash": 0.45,
            "stock": 0
        },
        "2014-06-10": {
            "cash": 0.45,
            "stock": 0
        },
        "2014-09-10": {
            "cash": 0.45,
            "stock": 0
        },
        "2014-12-10": {
            "cash": 0.52,
            "stock": 0
        },
        "2015-03-10": {
            "cash": 0.52,
            "stock": 0
        },
        "2015-06-10": {
            "cash": 0.52,
            "stock": 0
        },
        "2015-09-10": {
            "cash": 0.52,
            "stock": 0
        },
        "2015-12-10": {
            "cash": 0.6,
            "stock": 0
        },
        "2016-03-10": {
            "cash": 0.6,
            "stock": 0
        },
        "2016-09-09": {
            "cash": 0.6,
            "stock": 0
        },
        "2016-12-09": {
            "cash": 0.67,
            "stock": 0
        },
        "2017-03-10": {
            "cash": 0.67,
            "stock": 0
        },
        "2017-06-09": {
            "cash": 0.67,
            "stock": 0
        },
        "2017-09-08": {
            "cash": 0.67,
            "stock": 0
        },
        "2017-12-08": {
            "cash": 0.75,
            "stock": 0
        },
        "2018-03-09": {
            "cash": 0.75,
            "stock": 0
        },
        "2018-06-08": {
            "cash": 0.75,
            "stock": 0
        },
        "2018-09-07": {
            "cash": 0.75,
            "stock": 0
        },
        "2018-12-07": {
            "cash": 0.82,
            "stock": 0
        },
        "2019-03-08": {
            "cash": 0.82,
            "stock": 0
        },
        "2019-06-14": {
            "cash": 0.82,
            "stock": 0
        },
        "2019-09-06": {
            "cash": 0.82,
            "stock": 0
        },
        "2019-12-06": {
            "cash": 0.9,
            "stock": 0
        },
        "2020-03-06": {
            "cash": 0.9,
            "stock": 0
        },
        "2020-06-05": {
            "cash": 0.9,
            "stock": 0
        },
        "2020-09-04": {
            "cash": 0.9,
            "stock": 0
        },
        "2020-12-04": {
            "cash": 0.93,
            "stock": 0
        },
        "2021-03-12": {
            "cash": 0.93,
            "stock": 0
        },
        "2021-06-04": {
            "cash": 0.93,
            "stock": 0
        },
        "2021-09-03": {
            "cash": 0.93,
            "stock": 0
        },
        "2021-12-03": {
            "cash": 0.98,
            "stock": 0
        },
        "2022-03-11": {
            "cash": 0.98,
            "stock": 0
        },
        "2022-06-03": {
            "cash": 0.98,
            "stock": 0
        },
        "2022-09-03": {
            "cash": 0.98,
            "stock": 0
        },
        "2022-12-02": {
            "cash": 1.03,
            "stock": 0
        },
        "2023-06-02": {
            "cash": 1.03,
            "stock": 0
        },
        "2023-09-01": {
            "cash": 1.03,
            "stock": 0
        },
        "2023-12-01": {
            "cash": 1.03,
            "stock": 0
        },
        "2024-03-11": {
            "cash": 1.03,
            "stock": 0
        }
    },
    "prices": {
        "200101": "46.97",
        "200102": "48.28",
        "200103": "41.68",
        "200104": "44.04",
        "200105": "50.39",
        "200106": "41.32",
        "200107": "36.08",
        "200108": "37.14",
        "200109": "29.95",
        "200110": "28.18",
        "200111": "31.88",
        "200112": "33.15",
        "200201": "32.15",
        "200202": "34.15",
        "200203": "39.31",
        "200204": "38.35",
        "200205": "38.12",
        "200206": "36.18",
        "200207": "32.49",
        "200208": "30.93",
        "200209": "25.75",
        "200210": "22.19",
        "200211": "24.63",
        "200212": "23.89",
        "200301": "24.59",
        "200302": "23.49",
        "200303": "22.35",
        "200304": "22.58",
        "200305": "24.63",
        "200306": "27.55",
        "200307": "27.99",
        "200308": "28.43",
        "200309": "28.19",
        "200310": "28.55",
        "200311": "29.84",
        "200312": "31.28",
        "200401": "35.41",
        "200402": "35.62",
        "200403": "33.38",
        "200404": "34.68",
        "200405": "33.63",
        "200406": "35.63",
        "200407": "36.33",
        "200408": "35.69",
        "200409": "36.17",
        "200410": "34.73",
        "200411": "35.77",
        "200412": "35.59",
        "200501": "35.06",
        "200502": "37.87",
        "200503": "38.02",
        "200504": "36.61",
        "200505": "36.47",
        "200506": "36.89",
        "200507": "37.12",
        "200508": "38.42",
        "200509": "38.06",
        "200510": "35.17",
        "200511": "36.20",
        "200512": "37.04",
        "200601": "37.19",
        "200602": "40.42",
        "200603": "42.07",
        "200604": "43.09",
        "200605": "42.43",
        "200606": "39.24",
        "200607": "38.17",
        "200608": "38.42",
        "200609": "39.64",
        "200610": "42.33",
        "200611": "42.58",
        "200612": "43.63",
        "200701": "44.96",
        "200702": "46.94",
        "200703": "46.83",
        "200704": "49.32",
        "200705": "57.04",
        "200706": "57.14",
        "200707": "59.49",
        "200708": "56.49",
        "200709": "57.20",
        "200710": "60.06",
        "200711": "56.88",
        "200712": "59.75",
        "200801": "57.52",
        "200802": "58.04",
        "200803": "56.39",
        "200804": "58.58",
        "200805": "60.33",
        "200806": "54.45",
        "200807": "50.61",
        "200808": "50.21",
        "200809": "45.57",
        "200810": "31.52",
        "200811": "27.61",
        "200812": "29.92",
        "200901": "33.42",
        "200902": "30.75",
        "200903": "26.92",
        "200904": "30.51",
        "200905": "32.56",
        "200906": "33.70",
        "200907": "32.31",
        "200908": "36.09",
        "200909": "38.40",
        "200910": "37.14",
        "200911": "38.30",
        "200912": "40.03",
        "201001": "41.14",
        "201002": "38.98",
        "201003": "43.01",
        "201004": "46.43",
        "201005": "44.47",
        "201006": "41.55",
        "201007": "41.40",
        "201008": "41.46",
        "201009": "43.27",
        "201010": "46.17",
        "201011": "48.87",
        "201012": "52.42",
        "201101": "54.74",
        "201102": "57.21",
        "201103": "56.87",
        "201104": "59.08",
        "201105": "60.04",
        "201106": "56.99",
        "201107": "57.20",
        "201108": "46.34",
        "201109": "45.16",
        "201110": "48.62",
        "201111": "52.73",
        "201112": "53.77",
        "201201": "57.07",
        "201202": "59.68",
        "201203": "60.00",
        "201204": "59.27",
        "201205": "57.92",
        "201206": "54.94",
        "201207": "56.17",
        "201208": "58.64",
        "201209": "59.99",
        "201210": "61.23",
        "201211": "61.18",
        "201212": "62.52",
        "201301": "67.20",
        "201302": "69.94",
        "201303": "73.48",
        "201304": "73.72",
        "201305": "78.15",
        "201306": "78.52",
        "201307": "81.91",
        "201308": "82.19",
        "201309": "83.79",
        "201310": "85.07",
        "201311": "87.65",
        "201312": "88.45",
        "201401": "90.22",
        "201402": "93.05",
        "201403": "93.16",
        "201404": "92.73",
        "201405": "92.33",
        "201406": "94.07",
        "201407": "95.18",
        "201408": "93.91",
        "201409": "94.64",
        "201410": "91.16",
        "201411": "97.18",
        "201412": "99.28",
        "201501": "99.36",
        "201502": "103.07",
        "201503": "103.05",
        "201504": "103.05",
        "201505": "104.23",
        "201506": "104.05",
        "201507": "103.70",
        "201508": "102.92",
        "201509": "97.16",
        "201510": "99.98",
        "201511": "103.48",
        "201512": "102.85",
        "201601": "98.82",
        "201602": "103.39",
        "201603": "109.83",
        "201604": "113.87",
        "201605": "113.81",
        "201606": "115.43",
        "201607": "117.47",
        "201608": "116.35",
        "201609": "115.10",
        "201610": "109.69",
        "201611": "112.02",
        "201612": "116.00",
        "201701": "117.76",
        "201702": "122.41",
        "201703": "126.01",
        "201704": "125.53",
        "201705": "131.75",
        "201706": "133.84",
        "201707": "135.55",
        "201708": "137.54",
        "201709": "138.84",
        "201710": "144.06",
        "201711": "148.00",
        "201712": "153.86",
        "201801": "158.04",
        "201802": "152.48",
        "201803": "148.92",
        "201804": "146.23",
        "201805": "147.37",
        "201806": "148.22",
        "201807": "150.59",
        "201808": "156.20",
        "201809": "164.71",
        "201810": "155.32",
        "201811": "146.57",
        "201812": "135.37",
        "201901": "138.36",
        "201902": "151.13",
        "201903": "155.58",
        "201904": "165.18",
        "201905": "168.90",
        "201906": "172.65",
        "201907": "174.62",
        "201908": "163.64",
        "201909": "167.95",
        "201910": "166.26",
        "201911": "179.41",
        "201912": "175.65",
        "202001": "178.67",
        "202002": "175.06",
        "202003": "140.17",
        "202004": "136.55",
        "202005": "135.76",
        "202006": "148.30",
        "202007": "149.28",
        "202008": "158.53",
        "202009": "165.56",
        "202010": "170.46",
        "202011": "197.48",
        "202012": "210.74",
        "202101": "205.95",
        "202102": "202.70",
        "202103": "211.86",
        "202104": "225.06",
        "202105": "225.72",
        "202106": "222.20",
        "202107": "226.95",
        "202108": "230.78",
        "202109": "220.57",
        "202110": "218.08",
        "202111": "219.17",
        "202112": "205.75",
        "202201": "209.57",
        "202202": "190.14",
        "202203": "189.99",
        "202204": "192.70",
        "202205": "194.41",
        "202206": "184.56",
        "202207": "177.22",
        "202208": "196.31",
        "202209": "179.46",
        "202210": "181.64",
        "202211": "212.90",
        "202212": "213.57",
        "202301": "208.75",
        "202302": "199.91",
        "202303": "191.09",
        "202304": "194.80",
        "202305": "195.63",
        "202306": "200.61",
        "202307": "205.50",
        "202308": "188.42",
        "202309": "189.29",
        "202310": "182.47",
        "202311": "189.66",
        "202312": "202.72"
    },
    "quarters": {
        "20011": {
            "year_quarter": 20011,
            "year": 2001,
            "quarter": 1,
            "eps": 0.57,
            "eps_growth_year": -8.91,
            "eps_4q": 1.9,
            "eps_4q_growth_year": -0.27,
            "roe": 0.42,
            "roe_4q": 0.42,
            "gross_profit": 1445000,
            "gross_margin": 24.31,
            "gross_margin_4q_avg": 24.31,
            "net_income": 41000,
            "net_income_4q": null,
            "revenue": 5944000,
            "revenue_4q": null,
            "common_shares": 958000,
            "book_valuer_per_share": 4.54,
            "book_valuer_per_share_4q_avg": 4.54,
            "equity": 9592000,
            "current_ratio": 145.39,
            "debt_ratio": 61.3,
            "inventory_turnover_ratio": 1.19,
            "account_receivable_turnover_ratio": 1.35,
            "reinvestment_rate": 17.37,
            "research_to_sale_ratio": null,
            "price_fair": 0,
            "eps_avg_yearly": 0,
            "eps_latest_yearly": 0,
            "eps_growth_yearly": 0
        },
        "20012": {
            "year_quarter": 20012,
            "year": 2001,
            "quarter": 2,
            "eps": 0.61,
            "eps_growth_year": -7.59,
            "eps_4q": 1.85,
            "eps_4q_growth_year": -2.63,
            "roe": 0.52,
            "roe_4q": 0.94,
            "gross_profit": 1507000,
            "gross_margin": 24.84,
            "gross_margin_4q_avg": 24.58,
            "net_income": 50000,
            "net_income_4q": null,
            "revenue": 6066000,
            "revenue_4q": null,
            "common_shares": 958000,
            "book_valuer_per_share": 4.49,
            "book_valuer_per_share_4q_avg": 4.52,
            "equity": 9520000,
            "current_ratio": 134.92,
            "debt_ratio": 61.82,
            "inventory_turnover_ratio": 1.2,
            "account_receivable_turnover_ratio": 1.47,
            "reinvestment_rate": 15.91,
            "research_to_sale_ratio": null,
            "price_fair": 0,
            "eps_avg_yearly": 0,
            "eps_latest_yearly": 0,
            "eps_growth_yearly": 0
        },
        "20013": {
            "year_quarter": 20013,
            "year": 2001,
            "quarter": 3,
            "eps": 0.51,
            "eps_growth_year": 44.51,
            "eps_4q": 2,
            "eps_4q_growth_year": 21.39,
            "roe": -3.28,
            "roe_4q": -2.34,
            "gross_profit": 1337000,
            "gross_margin": 23.1,
            "gross_margin_4q_avg": 24.08,
            "net_income": -308000,
            "net_income_4q": null,
            "revenue": 5789000,
            "revenue_4q": null,
            "common_shares": 958000,
            "book_valuer_per_share": 4.21,
            "book_valuer_per_share_4q_avg": 4.41,
            "equity": 9252000,
            "current_ratio": 126.99,
            "debt_ratio": 63.48,
            "inventory_turnover_ratio": 1.18,
            "account_receivable_turnover_ratio": 1.43,
            "reinvestment_rate": -2.31,
            "research_to_sale_ratio": null,
            "price_fair": 0,
            "eps_avg_yearly": 0,
            "eps_latest_yearly": 0,
            "eps_growth_yearly": 0
        },
        "20014": {
            "year_quarter": 20014,
            "year": 2001,
            "quarter": 4,
            "eps": 0.61,
            "eps_growth_year": 95.48,
            "eps_4q": 2.3,
            "eps_4q_growth_year": 17.78,
            "roe": 1.28,
            "roe_4q": -1.0599999999999998,
            "gross_profit": 1372000,
            "gross_margin": 23.44,
            "gross_margin_4q_avg": 23.92,
            "net_income": 118000,
            "net_income_4q": null,
            "revenue": 5853000,
            "revenue_4q": null,
            "common_shares": 958000,
            "book_valuer_per_share": 3.45,
            "book_valuer_per_share_4q_avg": 4.17,
            "equity": 9170000,
            "current_ratio": 159.07,
            "debt_ratio": 62.15,
            "inventory_turnover_ratio": 1.25,
            "account_receivable_turnover_ratio": 1.58,
            "reinvestment_rate": -9.63,
            "research_to_sale_ratio": null,
            "price_fair": 0,
            "eps_avg_yearly": 0,
            "eps_latest_yearly": 0,
            "eps_growth_yearly": 0
        },
        "20021": {
            "year_quarter": 20021,
            "year": 2002,
            "quarter": 1,
            "eps": 0.38,
            "eps_growth_year": -33.28,
            "eps_4q": 2.11,
            "eps_4q_growth_year": 11.23,
            "roe": 4.03,
            "roe_4q": 2.5500000000000007,
            "gross_profit": 1126000,
            "gross_margin": 21.66,
            "gross_margin_4q_avg": 23.26,
            "net_income": 376000,
            "net_income_4q": null,
            "revenue": 5199000,
            "revenue_4q": null,
            "common_shares": 958000,
            "book_valuer_per_share": 3.82,
            "book_valuer_per_share_4q_avg": 3.99,
            "equity": 9483000,
            "current_ratio": 162.2,
            "debt_ratio": 60.8,
            "inventory_turnover_ratio": 1.21,
            "account_receivable_turnover_ratio": 1.51,
            "reinvestment_rate": -8.83,
            "research_to_sale_ratio": null,
            "price_fair": 4.56,
            "eps_avg_yearly": 1.52,
            "eps_latest_yearly": 1.52,
            "eps_growth_yearly": -150.82
        },
        "20022": {
            "year_quarter": 20022,
            "year": 2002,
            "quarter": 2,
            "eps": 0.39,
            "eps_growth_year": -37.23,
            "eps_4q": 1.88,
            "eps_4q_growth_year": 1.89,
            "roe": 4.69,
            "roe_4q": 6.720000000000001,
            "gross_profit": 1220000,
            "gross_margin": 21.59,
            "gross_margin_4q_avg": 22.45,
            "net_income": 459000,
            "net_income_4q": null,
            "revenue": 5651000,
            "revenue_4q": null,
            "common_shares": 958000,
            "book_valuer_per_share": 4.49,
            "book_valuer_per_share_4q_avg": 3.99,
            "equity": 10071000,
            "current_ratio": 171.27,
            "debt_ratio": 59.37,
            "inventory_turnover_ratio": 1.35,
            "account_receivable_turnover_ratio": 1.61,
            "reinvestment_rate": -9.99,
            "research_to_sale_ratio": null,
            "price_fair": 4.62,
            "eps_avg_yearly": 1.54,
            "eps_latest_yearly": 1.56,
            "eps_growth_yearly": -70.15
        },
        "20023": {
            "year_quarter": 20023,
            "year": 2002,
            "quarter": 3,
            "eps": 0.5,
            "eps_growth_year": -0.97,
            "eps_4q": 1.88,
            "eps_4q_growth_year": -6.27,
            "roe": 4.03,
            "roe_4q": 14.03,
            "gross_profit": 1333000,
            "gross_margin": 23.94,
            "gross_margin_4q_avg": 22.66,
            "net_income": 412000,
            "net_income_4q": null,
            "revenue": 5569000,
            "revenue_4q": null,
            "common_shares": 958000,
            "book_valuer_per_share": 4.84,
            "book_valuer_per_share_4q_avg": 4.15,
            "equity": 10372000,
            "current_ratio": 185.91,
            "debt_ratio": 57.75,
            "inventory_turnover_ratio": 1.33,
            "account_receivable_turnover_ratio": 1.58,
            "reinvestment_rate": -42.67,
            "research_to_sale_ratio": null,
            "price_fair": 5.08,
            "eps_avg_yearly": 1.69,
            "eps_latest_yearly": 2,
            "eps_growth_yearly": -9.16
        },
        "20024": {
            "year_quarter": 20024,
            "year": 2002,
            "quarter": 4,
            "eps": -0.02,
            "eps_growth_year": -102.59,
            "eps_4q": 1.25,
            "eps_4q_growth_year": -45.62,
            "roe": -15.2,
            "roe_4q": -2.4499999999999975,
            "gross_profit": 980000,
            "gross_margin": 16.74,
            "gross_margin_4q_avg": 20.98,
            "net_income": -1467000,
            "net_income_4q": null,
            "revenue": 5855000,
            "revenue_4q": null,
            "common_shares": 958000,
            "book_valuer_per_share": 2.52,
            "book_valuer_per_share_4q_avg": 3.92,
            "equity": 8925000,
            "current_ratio": 152.58,
            "debt_ratio": 67.62,
            "inventory_turnover_ratio": 1.6,
            "account_receivable_turnover_ratio": 1.74,
            "reinvestment_rate": -93.44,
            "research_to_sale_ratio": null,
            "price_fair": 5.08,
            "eps_avg_yearly": 1.69,
            "eps_latest_yearly": 2,
            "eps_growth_yearly": -9.16
        },
        "20031": {
            "year_quarter": 20031,
            "year": 2003,
            "quarter": 1,
            "eps": 0.32,
            "eps_growth_year": -16.22,
            "eps_4q": 1.19,
            "eps_4q_growth_year": -43.65,
            "roe": 3.02,
            "roe_4q": -3.459999999999998,
            "gross_profit": 1159000,
            "gross_margin": 21.47,
            "gross_margin_4q_avg": 20.94,
            "net_income": 274000,
            "net_income_4q": null,
            "revenue": 5399000,
            "revenue_4q": null,
            "common_shares": 958000,
            "book_valuer_per_share": 2.79,
            "book_valuer_per_share_4q_avg": 3.66,
            "equity": 9224000,
            "current_ratio": 157.06,
            "debt_ratio": 67.01,
            "inventory_turnover_ratio": 1.41,
            "account_receivable_turnover_ratio": 1.65,
            "reinvestment_rate": -56.98,
            "research_to_sale_ratio": null,
            "price_fair": 5.08,
            "eps_avg_yearly": 1.69,
            "eps_latest_yearly": 2,
            "eps_growth_yearly": -9.16
        },
        "20032": {
            "year_quarter": 20032,
            "year": 2003,
            "quarter": 2,
            "eps": 0.34,
            "eps_growth_year": -10.44,
            "eps_4q": 1.15,
            "eps_4q_growth_year": -38.94,
            "roe": 3.36,
            "roe_4q": -4.79,
            "gross_profit": 1235000,
            "gross_margin": 21.48,
            "gross_margin_4q_avg": 20.91,
            "net_income": 319000,
            "net_income_4q": null,
            "revenue": 5749000,
            "revenue_4q": null,
            "common_shares": 958000,
            "book_valuer_per_share": 3.41,
            "book_valuer_per_share_4q_avg": 3.39,
            "equity": 9739000,
            "current_ratio": 167.18,
            "debt_ratio": 65.87,
            "inventory_turnover_ratio": 1.48,
            "account_receivable_turnover_ratio": 1.73,
            "reinvestment_rate": -63.07,
            "research_to_sale_ratio": null,
            "price_fair": 4.83,
            "eps_avg_yearly": 1.61,
            "eps_latest_yearly": 1.36,
            "eps_growth_yearly": -0.62
        },
        "20033": {
            "year_quarter": 20033,
            "year": 2003,
            "quarter": 3,
            "eps": 0.39,
            "eps_growth_year": -22.07,
            "eps_4q": 1.04,
            "eps_4q_growth_year": -44.67,
            "roe": 3.51,
            "roe_4q": -5.3100000000000005,
            "gross_profit": 1259000,
            "gross_margin": 21.83,
            "gross_margin_4q_avg": 20.38,
            "net_income": 344000,
            "net_income_4q": null,
            "revenue": 5768000,
            "revenue_4q": null,
            "common_shares": 958000,
            "book_valuer_per_share": 3.56,
            "book_valuer_per_share_4q_avg": 3.07,
            "equity": 9884000,
            "current_ratio": 170.2,
            "debt_ratio": 65.18,
            "inventory_turnover_ratio": 1.51,
            "account_receivable_turnover_ratio": 1.72,
            "reinvestment_rate": -70.1,
            "research_to_sale_ratio": null,
            "price_fair": 34.03,
            "eps_avg_yearly": 1.6,
            "eps_latest_yearly": 1.56,
            "eps_growth_yearly": 11.27
        },
        "20034": {
            "year_quarter": 20034,
            "year": 2003,
            "quarter": 4,
            "eps": 0.47,
            "eps_growth_year": null,
            "eps_4q": 1.53,
            "eps_4q_growth_year": 21.96,
            "roe": 3.95,
            "roe_4q": 13.84,
            "gross_profit": 1215000,
            "gross_margin": 19.64,
            "gross_margin_4q_avg": 21.11,
            "net_income": 407000,
            "net_income_4q": null,
            "revenue": 6187000,
            "revenue_4q": null,
            "common_shares": 958000,
            "book_valuer_per_share": 4.46,
            "book_valuer_per_share_4q_avg": 3.56,
            "equity": 10729000,
            "current_ratio": 172.13,
            "debt_ratio": 63.4,
            "inventory_turnover_ratio": 1.67,
            "account_receivable_turnover_ratio": 1.77,
            "reinvestment_rate": -67.92,
            "research_to_sale_ratio": null,
            "price_fair": 54.45,
            "eps_avg_yearly": 1.65,
            "eps_latest_yearly": 1.88,
            "eps_growth_yearly": 23.07
        },
        "20041": {
            "year_quarter": 20041,
            "year": 2004,
            "quarter": 1,
            "eps": 0.31,
            "eps_growth_year": -1.6,
            "eps_4q": 1.52,
            "eps_4q_growth_year": 27.87,
            "roe": 2.75,
            "roe_4q": 13.57,
            "gross_profit": 1248000,
            "gross_margin": 20.2,
            "gross_margin_4q_avg": 20.79,
            "net_income": 295000,
            "net_income_4q": null,
            "revenue": 6178000,
            "revenue_4q": null,
            "common_shares": 958000,
            "book_valuer_per_share": 4.38,
            "book_valuer_per_share_4q_avg": 3.95,
            "equity": 10757000,
            "current_ratio": 166.78,
            "debt_ratio": 63.74,
            "inventory_turnover_ratio": 1.61,
            "account_receivable_turnover_ratio": 1.64,
            "reinvestment_rate": -76.95,
            "research_to_sale_ratio": null,
            "price_fair": 15.89,
            "eps_avg_yearly": 1.59,
            "eps_latest_yearly": 1.24,
            "eps_growth_yearly": 0.32
        },
        "20042": {
            "year_quarter": 20042,
            "year": 2004,
            "quarter": 2,
            "eps": 0.23,
            "eps_growth_year": -32.77,
            "eps_4q": 1.41,
            "eps_4q_growth_year": 22.51,
            "roe": 3.34,
            "roe_4q": 13.549999999999999,
            "gross_profit": 1160000,
            "gross_margin": 18.16,
            "gross_margin_4q_avg": 19.96,
            "net_income": 361000,
            "net_income_4q": null,
            "revenue": 6388000,
            "revenue_4q": null,
            "common_shares": 958000,
            "book_valuer_per_share": 4.58,
            "book_valuer_per_share_4q_avg": 4.25,
            "equity": 10886000,
            "current_ratio": 170.38,
            "debt_ratio": 63.16,
            "inventory_turnover_ratio": 1.72,
            "account_receivable_turnover_ratio": 1.64,
            "reinvestment_rate": -117,
            "research_to_sale_ratio": null,
            "price_fair": 4.52,
            "eps_avg_yearly": 1.51,
            "eps_latest_yearly": 0.92,
            "eps_growth_yearly": -12.62
        },
        "20043": {
            "year_quarter": 20043,
            "year": 2004,
            "quarter": 3,
            "eps": 0.43,
            "eps_growth_year": 9.23,
            "eps_4q": 1.44,
            "eps_4q_growth_year": 39.01,
            "roe": 3.37,
            "roe_4q": 13.41,
            "gross_profit": 1308000,
            "gross_margin": 20.45,
            "gross_margin_4q_avg": 19.61,
            "net_income": 372000,
            "net_income_4q": null,
            "revenue": 6395000,
            "revenue_4q": null,
            "common_shares": 958000,
            "book_valuer_per_share": 4.84,
            "book_valuer_per_share_4q_avg": 4.57,
            "equity": 11205000,
            "current_ratio": 170.89,
            "debt_ratio": 62.64,
            "inventory_turnover_ratio": 1.67,
            "account_receivable_turnover_ratio": 1.6,
            "reinvestment_rate": -59.73,
            "research_to_sale_ratio": null,
            "price_fair": 53.51,
            "eps_avg_yearly": 1.53,
            "eps_latest_yearly": 1.72,
            "eps_growth_yearly": 27.43
        },
        "20044": {
            "year_quarter": 20044,
            "year": 2004,
            "quarter": 4,
            "eps": 0.44,
            "eps_growth_year": -6.08,
            "eps_4q": 1.42,
            "eps_4q_growth_year": -7.26,
            "roe": 2.25,
            "roe_4q": 11.71,
            "gross_profit": 1300000,
            "gross_margin": 19.58,
            "gross_margin_4q_avg": 19.6,
            "net_income": 253000,
            "net_income_4q": null,
            "revenue": 6640000,
            "revenue_4q": null,
            "common_shares": 958000,
            "book_valuer_per_share": 4.7,
            "book_valuer_per_share_4q_avg": 4.63,
            "equity": 11252000,
            "current_ratio": 146.7,
            "debt_ratio": 63.78,
            "inventory_turnover_ratio": 1.71,
            "account_receivable_turnover_ratio": 1.6,
            "reinvestment_rate": -39.38,
            "research_to_sale_ratio": null,
            "price_fair": 54.32,
            "eps_avg_yearly": 1.55,
            "eps_latest_yearly": 1.76,
            "eps_growth_yearly": 25.61
        },
        "20051": {
            "year_quarter": 20051,
            "year": 2005,
            "quarter": 1,
            "eps": 0.41,
            "eps_growth_year": 30.76,
            "eps_4q": 1.51,
            "eps_4q_growth_year": -0.59,
            "roe": 3.16,
            "roe_4q": 12.120000000000001,
            "gross_profit": 1367000,
            "gross_margin": 21.2,
            "gross_margin_4q_avg": 19.85,
            "net_income": 358000,
            "net_income_4q": null,
            "revenue": 6449000,
            "revenue_4q": null,
            "common_shares": 958000,
            "book_valuer_per_share": 3.06,
            "book_valuer_per_share_4q_avg": 4.3,
            "equity": 11431000,
            "current_ratio": 129.11,
            "debt_ratio": 67.02,
            "inventory_turnover_ratio": 1.55,
            "account_receivable_turnover_ratio": 1.49,
            "reinvestment_rate": -32.37,
            "research_to_sale_ratio": null,
            "price_fair": 48.06,
            "eps_avg_yearly": 1.56,
            "eps_latest_yearly": 1.64,
            "eps_growth_yearly": 20.81
        },
        "20052": {
            "year_quarter": 20052,
            "year": 2005,
            "quarter": 2,
            "eps": 0.33,
            "eps_growth_year": 42.53,
            "eps_4q": 1.61,
            "eps_4q_growth_year": 14.4,
            "roe": 2.39,
            "roe_4q": 11.170000000000002,
            "gross_profit": 1525000,
            "gross_margin": 21.7,
            "gross_margin_4q_avg": 20.73,
            "net_income": 274000,
            "net_income_4q": null,
            "revenue": 7028000,
            "revenue_4q": null,
            "common_shares": 958000,
            "book_valuer_per_share": 3.05,
            "book_valuer_per_share_4q_avg": 3.91,
            "equity": 11518000,
            "current_ratio": 133.06,
            "debt_ratio": 64.63,
            "inventory_turnover_ratio": 1.63,
            "account_receivable_turnover_ratio": 1.56,
            "reinvestment_rate": -33.47,
            "research_to_sale_ratio": null,
            "price_fair": 34.75,
            "eps_avg_yearly": 1.54,
            "eps_latest_yearly": 1.32,
            "eps_growth_yearly": 12.57
        },
        "20053": {
            "year_quarter": 20053,
            "year": 2005,
            "quarter": 3,
            "eps": 0.48,
            "eps_growth_year": 12.89,
            "eps_4q": 1.67,
            "eps_4q_growth_year": 15.35,
            "roe": 3.73,
            "roe_4q": 11.530000000000001,
            "gross_profit": 1598000,
            "gross_margin": 23.16,
            "gross_margin_4q_avg": 21.41,
            "net_income": 427000,
            "net_income_4q": null,
            "revenue": 6900000,
            "revenue_4q": null,
            "common_shares": 958000,
            "book_valuer_per_share": 2.81,
            "book_valuer_per_share_4q_avg": 3.41,
            "equity": 11375000,
            "current_ratio": 129.5,
            "debt_ratio": 64.68,
            "inventory_turnover_ratio": 1.57,
            "account_receivable_turnover_ratio": 1.48,
            "reinvestment_rate": -18.37,
            "research_to_sale_ratio": null,
            "price_fair": 54.92,
            "eps_avg_yearly": 1.57,
            "eps_latest_yearly": 1.92,
            "eps_growth_yearly": 25.59
        },
        "20054": {
            "year_quarter": 20054,
            "year": 2005,
            "quarter": 4,
            "eps": 0.58,
            "eps_growth_year": 31.13,
            "eps_4q": 1.8,
            "eps_4q_growth_year": 27.42,
            "roe": 4.56,
            "roe_4q": 13.84,
            "gross_profit": 1638000,
            "gross_margin": 22.52,
            "gross_margin_4q_avg": 22.15,
            "net_income": 505000,
            "net_income_4q": null,
            "revenue": 7275000,
            "revenue_4q": null,
            "common_shares": 958000,
            "book_valuer_per_share": 2.33,
            "book_valuer_per_share_4q_avg": 2.81,
            "equity": 10762000,
            "current_ratio": 114.69,
            "debt_ratio": 65.98,
            "inventory_turnover_ratio": 1.66,
            "account_receivable_turnover_ratio": 1.49,
            "reinvestment_rate": -11.69,
            "research_to_sale_ratio": null,
            "price_fair": 56.8,
            "eps_avg_yearly": 1.62,
            "eps_latest_yearly": 2.32,
            "eps_growth_yearly": 29.71
        },
        "20061": {
            "year_quarter": 20061,
            "year": 2006,
            "quarter": 1,
            "eps": 0.5,
            "eps_growth_year": 21.94,
            "eps_4q": 1.89,
            "eps_4q_growth_year": 25.24,
            "roe": 3.98,
            "roe_4q": 14.66,
            "gross_profit": 1641000,
            "gross_margin": 22.66,
            "gross_margin_4q_avg": 22.51,
            "net_income": 431000,
            "net_income_4q": null,
            "revenue": 7241000,
            "revenue_4q": null,
            "common_shares": 958000,
            "book_valuer_per_share": 1.8,
            "book_valuer_per_share_4q_avg": 2.5,
            "equity": 10913000,
            "current_ratio": 122.95,
            "debt_ratio": 66.12,
            "inventory_turnover_ratio": 1.59,
            "account_receivable_turnover_ratio": 1.42,
            "reinvestment_rate": -12.08,
            "research_to_sale_ratio": null,
            "price_fair": 58,
            "eps_avg_yearly": 1.66,
            "eps_latest_yearly": 2,
            "eps_growth_yearly": 36.54
        },
        "20062": {
            "year_quarter": 20062,
            "year": 2006,
            "quarter": 2,
            "eps": 0.62,
            "eps_growth_year": 89.09,
            "eps_4q": 2.19,
            "eps_4q_growth_year": 35.85,
            "roe": 4.76,
            "roe_4q": 17.03,
            "gross_profit": 1871000,
            "gross_margin": 23.69,
            "gross_margin_4q_avg": 23.01,
            "net_income": 521000,
            "net_income_4q": null,
            "revenue": 7898000,
            "revenue_4q": null,
            "common_shares": 958000,
            "book_valuer_per_share": 1.67,
            "book_valuer_per_share_4q_avg": 2.15,
            "equity": 10978000,
            "current_ratio": 119.63,
            "debt_ratio": 66.23,
            "inventory_turnover_ratio": 1.65,
            "account_receivable_turnover_ratio": 1.49,
            "reinvestment_rate": -7.56,
            "research_to_sale_ratio": null,
            "price_fair": 60.3,
            "eps_avg_yearly": 1.72,
            "eps_latest_yearly": 2.48,
            "eps_growth_yearly": 42.65
        },
        "20063": {
            "year_quarter": 20063,
            "year": 2006,
            "quarter": 3,
            "eps": 0.66,
            "eps_growth_year": 36.95,
            "eps_4q": 2.37,
            "eps_4q_growth_year": 42.04,
            "roe": 4.85,
            "roe_4q": 18.15,
            "gross_profit": 1841000,
            "gross_margin": 23.15,
            "gross_margin_4q_avg": 23.01,
            "net_income": 541000,
            "net_income_4q": null,
            "revenue": 7952000,
            "revenue_4q": null,
            "common_shares": 958000,
            "book_valuer_per_share": 2.05,
            "book_valuer_per_share_4q_avg": 1.96,
            "equity": 11321000,
            "current_ratio": 124.28,
            "debt_ratio": 65.38,
            "inventory_turnover_ratio": 1.65,
            "account_receivable_turnover_ratio": 1.43,
            "reinvestment_rate": 9.13,
            "research_to_sale_ratio": null,
            "price_fair": 61.9,
            "eps_avg_yearly": 1.77,
            "eps_latest_yearly": 2.64,
            "eps_growth_yearly": 36.43
        },
        "20064": {
            "year_quarter": 20064,
            "year": 2006,
            "quarter": 4,
            "eps": 0.69,
            "eps_growth_year": 18.97,
            "eps_4q": 2.48,
            "eps_4q_growth_year": 37.29,
            "roe": 5.56,
            "roe_4q": 19.15,
            "gross_profit": 1918000,
            "gross_margin": 23.18,
            "gross_margin_4q_avg": 23.17,
            "net_income": 585000,
            "net_income_4q": null,
            "revenue": 8276000,
            "revenue_4q": null,
            "common_shares": 958000,
            "book_valuer_per_share": 0.09,
            "book_valuer_per_share_4q_avg": 1.4,
            "equity": 9720000,
            "current_ratio": 121.4,
            "debt_ratio": 68.59,
            "inventory_turnover_ratio": 1.74,
            "account_receivable_turnover_ratio": 1.44,
            "reinvestment_rate": 7.55,
            "research_to_sale_ratio": null,
            "price_fair": 64.21,
            "eps_avg_yearly": 1.83,
            "eps_latest_yearly": 2.76,
            "eps_growth_yearly": 35.22
        },
        "20071": {
            "year_quarter": 20071,
            "year": 2007,
            "quarter": 1,
            "eps": 0.66,
            "eps_growth_year": 30.79,
            "eps_4q": 2.63,
            "eps_4q_growth_year": 38.91,
            "roe": 5.57,
            "roe_4q": 20.74,
            "gross_profit": 1891000,
            "gross_margin": 23.52,
            "gross_margin_4q_avg": 23.39,
            "net_income": 526000,
            "net_income_4q": null,
            "revenue": 8041000,
            "revenue_4q": null,
            "common_shares": 958000,
            "book_valuer_per_share": -0.59,
            "book_valuer_per_share_4q_avg": 0.81,
            "equity": 9163000,
            "current_ratio": 122.38,
            "debt_ratio": 70.64,
            "inventory_turnover_ratio": 1.68,
            "account_receivable_turnover_ratio": 1.38,
            "reinvestment_rate": 3.74,
            "research_to_sale_ratio": null,
            "price_fair": 65.98,
            "eps_avg_yearly": 1.89,
            "eps_latest_yearly": 2.64,
            "eps_growth_yearly": 31.93
        },
        "20072": {
            "year_quarter": 20072,
            "year": 2007,
            "quarter": 2,
            "eps": 0.77,
            "eps_growth_year": 23.31,
            "eps_4q": 2.78,
            "eps_4q_growth_year": 26.87,
            "roe": 7.2,
            "roe_4q": 23.18,
            "gross_profit": 2047000,
            "gross_margin": 23.98,
            "gross_margin_4q_avg": 23.46,
            "net_income": 611000,
            "net_income_4q": null,
            "revenue": 8538000,
            "revenue_4q": null,
            "common_shares": 958000,
            "book_valuer_per_share": -2.5,
            "book_valuer_per_share_4q_avg": -0.24,
            "equity": 7800000,
            "current_ratio": 105.98,
            "debt_ratio": 75.45,
            "inventory_turnover_ratio": 1.72,
            "account_receivable_turnover_ratio": 1.42,
            "reinvestment_rate": 5.67,
            "research_to_sale_ratio": null,
            "price_fair": 69.74,
            "eps_avg_yearly": 1.99,
            "eps_latest_yearly": 3.08,
            "eps_growth_yearly": 34.53
        },
        "20073": {
            "year_quarter": 20073,
            "year": 2007,
            "quarter": 3,
            "eps": 0.81,
            "eps_growth_year": 22.85,
            "eps_4q": 2.93,
            "eps_4q_growth_year": 23.7,
            "roe": 7.7,
            "roe_4q": 26.029999999999998,
            "gross_profit": 2089000,
            "gross_margin": 23.92,
            "gross_margin_4q_avg": 23.65,
            "net_income": 618000,
            "net_income_4q": null,
            "revenue": 8735000,
            "revenue_4q": null,
            "common_shares": 958000,
            "book_valuer_per_share": -2.5,
            "book_valuer_per_share_4q_avg": -1.38,
            "equity": 8255000,
            "current_ratio": 112.93,
            "debt_ratio": 74.91,
            "inventory_turnover_ratio": 1.72,
            "account_receivable_turnover_ratio": 1.39,
            "reinvestment_rate": 6.1,
            "research_to_sale_ratio": null,
            "price_fair": 73.41,
            "eps_avg_yearly": 2.1,
            "eps_latest_yearly": 3.24,
            "eps_growth_yearly": 32.16
        },
        "20074": {
            "year_quarter": 20074,
            "year": 2007,
            "quarter": 4,
            "eps": 0.9,
            "eps_growth_year": 30.53,
            "eps_4q": 3.14,
            "eps_4q_growth_year": 26.72,
            "roe": 7.88,
            "roe_4q": 28.35,
            "gross_profit": 2262000,
            "gross_margin": 24.39,
            "gross_margin_4q_avg": 23.95,
            "net_income": 689000,
            "net_income_4q": null,
            "revenue": 9275000,
            "revenue_4q": null,
            "common_shares": 958000,
            "book_valuer_per_share": -1.94,
            "book_valuer_per_share_4q_avg": -1.88,
            "equity": 9222000,
            "current_ratio": 114.61,
            "debt_ratio": 72.72,
            "inventory_turnover_ratio": 1.8,
            "account_receivable_turnover_ratio": 1.44,
            "reinvestment_rate": 11.2,
            "research_to_sale_ratio": null,
            "price_fair": 77.18,
            "eps_avg_yearly": 2.21,
            "eps_latest_yearly": 3.6,
            "eps_growth_yearly": 29.8
        },
        "20081": {
            "year_quarter": 20081,
            "year": 2008,
            "quarter": 1,
            "eps": 1.05,
            "eps_growth_year": 59.62,
            "eps_4q": 3.53,
            "eps_4q_growth_year": 34.14,
            "roe": 6.86,
            "roe_4q": 29.64,
            "gross_profit": 2223000,
            "gross_margin": 24.99,
            "gross_margin_4q_avg": 24.32,
            "net_income": 647000,
            "net_income_4q": null,
            "revenue": 8895000,
            "revenue_4q": null,
            "common_shares": 958000,
            "book_valuer_per_share": -1.49,
            "book_valuer_per_share_4q_avg": -2.11,
            "equity": 9636000,
            "current_ratio": 130.1,
            "debt_ratio": 72.42,
            "inventory_turnover_ratio": 1.67,
            "account_receivable_turnover_ratio": 1.37,
            "reinvestment_rate": 12.11,
            "research_to_sale_ratio": null,
            "price_fair": 83.65,
            "eps_avg_yearly": 2.39,
            "eps_latest_yearly": 4.2,
            "eps_growth_yearly": 42.48
        },
        "20082": {
            "year_quarter": 20082,
            "year": 2008,
            "quarter": 2,
            "eps": 1.09,
            "eps_growth_year": 42.06,
            "eps_4q": 3.85,
            "eps_4q_growth_year": 38.78,
            "roe": 7.32,
            "roe_4q": 29.759999999999998,
            "gross_profit": 2351000,
            "gross_margin": 24.3,
            "gross_margin_4q_avg": 24.4,
            "net_income": 728000,
            "net_income_4q": null,
            "revenue": 9674000,
            "revenue_4q": null,
            "common_shares": 958000,
            "book_valuer_per_share": -2.06,
            "book_valuer_per_share_4q_avg": -2,
            "equity": 10261000,
            "current_ratio": 126.43,
            "debt_ratio": 72.1,
            "inventory_turnover_ratio": 1.8,
            "account_receivable_turnover_ratio": 1.42,
            "reinvestment_rate": 12.32,
            "research_to_sale_ratio": null,
            "price_fair": 91.18,
            "eps_avg_yearly": 2.61,
            "eps_latest_yearly": 4.36,
            "eps_growth_yearly": 49.89
        },
        "20083": {
            "year_quarter": 20083,
            "year": 2008,
            "quarter": 3,
            "eps": 0.93,
            "eps_growth_year": 14.77,
            "eps_4q": 3.97,
            "eps_4q_growth_year": 35.72,
            "roe": 7.3,
            "roe_4q": 29.36,
            "gross_profit": 1799000,
            "gross_margin": 19.4,
            "gross_margin_4q_avg": 23.27,
            "net_income": 723000,
            "net_income_4q": null,
            "revenue": 9275000,
            "revenue_4q": null,
            "common_shares": 958000,
            "book_valuer_per_share": -4.09,
            "book_valuer_per_share_4q_avg": -2.4,
            "equity": 9538000,
            "current_ratio": 110.18,
            "debt_ratio": 74.28,
            "inventory_turnover_ratio": 1.85,
            "account_receivable_turnover_ratio": 1.33,
            "reinvestment_rate": 9.66,
            "research_to_sale_ratio": null,
            "price_fair": 94.12,
            "eps_avg_yearly": 2.73,
            "eps_latest_yearly": 3.72,
            "eps_growth_yearly": 24.48
        },
        "20084": {
            "year_quarter": 20084,
            "year": 2008,
            "quarter": 4,
            "eps": 1.07,
            "eps_growth_year": 18.15,
            "eps_4q": 4.14,
            "eps_4q_growth_year": 31.82,
            "roe": 8.54,
            "roe_4q": 30.02,
            "gross_profit": 2189000,
            "gross_margin": 25.13,
            "gross_margin_4q_avg": 23.46,
            "net_income": 714000,
            "net_income_4q": null,
            "revenue": 8712000,
            "revenue_4q": null,
            "common_shares": 958000,
            "book_valuer_per_share": -7.17,
            "book_valuer_per_share_4q_avg": -3.7,
            "equity": 7187000,
            "current_ratio": 107.93,
            "debt_ratio": 79.75,
            "inventory_turnover_ratio": 1.65,
            "account_receivable_turnover_ratio": 1.33,
            "reinvestment_rate": 8.25,
            "research_to_sale_ratio": null,
            "price_fair": 101.06,
            "eps_avg_yearly": 2.89,
            "eps_latest_yearly": 4.28,
            "eps_growth_yearly": 27.66
        },
        "20091": {
            "year_quarter": 20091,
            "year": 2009,
            "quarter": 1,
            "eps": 0.65,
            "eps_growth_year": -38.15,
            "eps_4q": 3.74,
            "eps_4q_growth_year": 5.89,
            "roe": 5.47,
            "roe_4q": 28.63,
            "gross_profit": 1814000,
            "gross_margin": 23.96,
            "gross_margin_4q_avg": 23.2,
            "net_income": 399000,
            "net_income_4q": null,
            "revenue": 7570000,
            "revenue_4q": null,
            "common_shares": 958000,
            "book_valuer_per_share": -6.6,
            "book_valuer_per_share_4q_avg": -4.98,
            "equity": 7415000,
            "current_ratio": 116.85,
            "debt_ratio": 78.42,
            "inventory_turnover_ratio": 1.51,
            "account_receivable_turnover_ratio": 1.28,
            "reinvestment_rate": 6.45,
            "research_to_sale_ratio": null,
            "price_fair": 87.1,
            "eps_avg_yearly": 2.95,
            "eps_latest_yearly": 2.6,
            "eps_growth_yearly": 19.55
        },
        "20092": {
            "year_quarter": 20092,
            "year": 2009,
            "quarter": 2,
            "eps": 0.8,
            "eps_growth_year": -26.75,
            "eps_4q": 3.44,
            "eps_4q_growth_year": -10.62,
            "roe": 5.79,
            "roe_4q": 27.099999999999998,
            "gross_profit": 1884000,
            "gross_margin": 24.9,
            "gross_margin_4q_avg": 23.35,
            "net_income": 460000,
            "net_income_4q": null,
            "revenue": 7566000,
            "revenue_4q": null,
            "common_shares": 958000,
            "book_valuer_per_share": -5.2,
            "book_valuer_per_share_4q_avg": -5.77,
            "equity": 8467000,
            "current_ratio": 124.77,
            "debt_ratio": 75.9,
            "inventory_turnover_ratio": 1.54,
            "account_receivable_turnover_ratio": 1.27,
            "reinvestment_rate": 5.65,
            "research_to_sale_ratio": null,
            "price_fair": 107.28,
            "eps_avg_yearly": 3.07,
            "eps_latest_yearly": 3.2,
            "eps_growth_yearly": 30.2
        },
        "20093": {
            "year_quarter": 20093,
            "year": 2009,
            "quarter": 3,
            "eps": 0.83,
            "eps_growth_year": -10.25,
            "eps_4q": 3.35,
            "eps_4q_growth_year": -15.7,
            "roe": 6.89,
            "roe_4q": 26.689999999999998,
            "gross_profit": 1903000,
            "gross_margin": 24.71,
            "gross_margin_4q_avg": 24.68,
            "net_income": 619000,
            "net_income_4q": null,
            "revenue": 7700000,
            "revenue_4q": null,
            "common_shares": 958000,
            "book_valuer_per_share": -4.32,
            "book_valuer_per_share_4q_avg": -5.82,
            "equity": 9492000,
            "current_ratio": 125.85,
            "debt_ratio": 73.47,
            "inventory_turnover_ratio": 1.62,
            "account_receivable_turnover_ratio": 1.21,
            "reinvestment_rate": 2.9,
            "research_to_sale_ratio": null,
            "price_fair": 93.86,
            "eps_avg_yearly": 3.15,
            "eps_latest_yearly": 3.32,
            "eps_growth_yearly": 19.77
        },
        "20094": {
            "year_quarter": 20094,
            "year": 2009,
            "quarter": 4,
            "eps": 0.3,
            "eps_growth_year": -71.99,
            "eps_4q": 2.58,
            "eps_4q_growth_year": -37.59,
            "roe": 1.78,
            "roe_4q": 19.93,
            "gross_profit": 1421000,
            "gross_margin": 17.6,
            "gross_margin_4q_avg": 22.79,
            "net_income": 163000,
            "net_income_4q": null,
            "revenue": 8072000,
            "revenue_4q": null,
            "common_shares": 958000,
            "book_valuer_per_share": -4.98,
            "book_valuer_per_share_4q_avg": -5.28,
            "equity": 8861000,
            "current_ratio": 125.02,
            "debt_ratio": 75.38,
            "inventory_turnover_ratio": 1.89,
            "account_receivable_turnover_ratio": 1.27,
            "reinvestment_rate": 4.93,
            "research_to_sale_ratio": null,
            "price_fair": 9.25,
            "eps_avg_yearly": 3.08,
            "eps_latest_yearly": 1.2,
            "eps_growth_yearly": -1.4
        },
        "20101": {
            "year_quarter": 20101,
            "year": 2010,
            "quarter": 1,
            "eps": 0.74,
            "eps_growth_year": 14.31,
            "eps_4q": 2.67,
            "eps_4q_growth_year": -28.43,
            "roe": 5.36,
            "roe_4q": 19.82,
            "gross_profit": 1869000,
            "gross_margin": 24.8,
            "gross_margin_4q_avg": 23,
            "net_income": 478000,
            "net_income_4q": null,
            "revenue": 7536000,
            "revenue_4q": null,
            "common_shares": 958000,
            "book_valuer_per_share": -4.55,
            "book_valuer_per_share_4q_avg": -4.76,
            "equity": 8987000,
            "current_ratio": 129.11,
            "debt_ratio": 75.05,
            "inventory_turnover_ratio": 1.62,
            "account_receivable_turnover_ratio": 1.21,
            "reinvestment_rate": 3.23,
            "research_to_sale_ratio": null,
            "price_fair": 109.99,
            "eps_avg_yearly": 3.14,
            "eps_latest_yearly": 2.96,
            "eps_growth_yearly": 38.71
        },
        "20102": {
            "year_quarter": 20102,
            "year": 2010,
            "quarter": 2,
            "eps": 0.83,
            "eps_growth_year": 3.08,
            "eps_4q": 2.7,
            "eps_4q_growth_year": -21.63,
            "roe": 6.2,
            "roe_4q": 20.23,
            "gross_profit": 1959000,
            "gross_margin": 24.72,
            "gross_margin_4q_avg": 22.96,
            "net_income": 558000,
            "net_income_4q": null,
            "revenue": 7926000,
            "revenue_4q": null,
            "common_shares": 958000,
            "book_valuer_per_share": -4.36,
            "book_valuer_per_share_4q_avg": -4.55,
            "equity": 9008000,
            "current_ratio": 139.65,
            "debt_ratio": 75.04,
            "inventory_turnover_ratio": 1.67,
            "account_receivable_turnover_ratio": 1.25,
            "reinvestment_rate": 0.16,
            "research_to_sale_ratio": null,
            "price_fair": 111.83,
            "eps_avg_yearly": 3.2,
            "eps_latest_yearly": 3.32,
            "eps_growth_yearly": 35.76
        },
        "20103": {
            "year_quarter": 20103,
            "year": 2010,
            "quarter": 3,
            "eps": 0.93,
            "eps_growth_year": 11.56,
            "eps_4q": 2.79,
            "eps_4q_growth_year": -16.53,
            "roe": 5.97,
            "roe_4q": 19.310000000000002,
            "gross_profit": 1969000,
            "gross_margin": 24.19,
            "gross_margin_4q_avg": 22.83,
            "net_income": 577000,
            "net_income_4q": null,
            "revenue": 8139000,
            "revenue_4q": null,
            "common_shares": 958000,
            "book_valuer_per_share": -5.01,
            "book_valuer_per_share_4q_avg": -4.73,
            "equity": 10330000,
            "current_ratio": 131.33,
            "debt_ratio": 72.9,
            "inventory_turnover_ratio": 1.62,
            "account_receivable_turnover_ratio": 1.21,
            "reinvestment_rate": 1.75,
            "research_to_sale_ratio": null,
            "price_fair": 114.19,
            "eps_avg_yearly": 3.26,
            "eps_latest_yearly": 3.72,
            "eps_growth_yearly": 37.15
        },
        "20104": {
            "year_quarter": 20104,
            "year": 2010,
            "quarter": 4,
            "eps": 0.55,
            "eps_growth_year": 82.93,
            "eps_4q": 3.04,
            "eps_4q_growth_year": 17.87,
            "roe": 3.28,
            "roe_4q": 20.81,
            "gross_profit": 1832000,
            "gross_margin": 20.94,
            "gross_margin_4q_avg": 23.66,
            "net_income": 344000,
            "net_income_4q": null,
            "revenue": 8749000,
            "revenue_4q": null,
            "common_shares": 958000,
            "book_valuer_per_share": -4.02,
            "book_valuer_per_share_4q_avg": -4.49,
            "equity": 10666000,
            "current_ratio": 132.09,
            "debt_ratio": 71.81,
            "inventory_turnover_ratio": 1.76,
            "account_receivable_turnover_ratio": 1.27,
            "reinvestment_rate": 2.52,
            "research_to_sale_ratio": null,
            "price_fair": 112.96,
            "eps_avg_yearly": 3.23,
            "eps_latest_yearly": 2.2,
            "eps_growth_yearly": 25.8
        },
        "20111": {
            "year_quarter": 20111,
            "year": 2011,
            "quarter": 1,
            "eps": 0.94,
            "eps_growth_year": 27.39,
            "eps_4q": 3.24,
            "eps_4q_growth_year": 21.37,
            "roe": 6.17,
            "roe_4q": 21.619999999999997,
            "gross_profit": 2248000,
            "gross_margin": 25.92,
            "gross_margin_4q_avg": 23.94,
            "net_income": 690000,
            "net_income_4q": null,
            "revenue": 8672000,
            "revenue_4q": null,
            "common_shares": 958000,
            "book_valuer_per_share": -3.27,
            "book_valuer_per_share_4q_avg": -4.17,
            "equity": 11690000,
            "current_ratio": 136.2,
            "debt_ratio": 69.95,
            "inventory_turnover_ratio": 1.58,
            "account_receivable_turnover_ratio": 1.24,
            "reinvestment_rate": 1.22,
            "research_to_sale_ratio": null,
            "price_fair": 115.41,
            "eps_avg_yearly": 3.3,
            "eps_latest_yearly": 3.76,
            "eps_growth_yearly": 44.62
        },
        "20112": {
            "year_quarter": 20112,
            "year": 2011,
            "quarter": 2,
            "eps": 1.08,
            "eps_growth_year": 30.91,
            "eps_4q": 3.5,
            "eps_4q_growth_year": 29.72,
            "roe": 6.7,
            "roe_4q": 22.12,
            "gross_profit": 2422000,
            "gross_margin": 26.66,
            "gross_margin_4q_avg": 24.43,
            "net_income": 796000,
            "net_income_4q": null,
            "revenue": 9086000,
            "revenue_4q": null,
            "common_shares": 958000,
            "book_valuer_per_share": -2.26,
            "book_valuer_per_share_4q_avg": -3.64,
            "equity": 12072000,
            "current_ratio": 143.56,
            "debt_ratio": 69.55,
            "inventory_turnover_ratio": 1.57,
            "account_receivable_turnover_ratio": 1.25,
            "reinvestment_rate": -0.67,
            "research_to_sale_ratio": null,
            "price_fair": 118.13,
            "eps_avg_yearly": 3.38,
            "eps_latest_yearly": 4.32,
            "eps_growth_yearly": 44.17
        },
        "20113": {
            "year_quarter": 20113,
            "year": 2011,
            "quarter": 3,
            "eps": 1.26,
            "eps_growth_year": 36.05,
            "eps_4q": 3.84,
            "eps_4q_growth_year": 37.24,
            "roe": 5.78,
            "roe_4q": 21.93,
            "gross_profit": 2265000,
            "gross_margin": 24.36,
            "gross_margin_4q_avg": 24.47,
            "net_income": 686000,
            "net_income_4q": null,
            "revenue": 9298000,
            "revenue_4q": null,
            "common_shares": 958000,
            "book_valuer_per_share": -3.05,
            "book_valuer_per_share_4q_avg": -3.15,
            "equity": 11662000,
            "current_ratio": 132.55,
            "debt_ratio": 70.43,
            "inventory_turnover_ratio": 1.64,
            "account_receivable_turnover_ratio": 1.27,
            "reinvestment_rate": -3.16,
            "research_to_sale_ratio": null,
            "price_fair": 122.06,
            "eps_avg_yearly": 3.49,
            "eps_latest_yearly": 5.04,
            "eps_growth_yearly": 47.04
        },
        "20114": {
            "year_quarter": 20114,
            "year": 2011,
            "quarter": 4,
            "eps": -0.32,
            "eps_growth_year": -158.38,
            "eps_4q": 2.97,
            "eps_4q_growth_year": -2.35,
            "roe": -2.73,
            "roe_4q": 15.92,
            "gross_profit": 1038000,
            "gross_margin": 10.96,
            "gross_margin_4q_avg": 21.98,
            "net_income": -307000,
            "net_income_4q": null,
            "revenue": 9473000,
            "revenue_4q": null,
            "common_shares": 958000,
            "book_valuer_per_share": -4.56,
            "book_valuer_per_share_4q_avg": -3.29,
            "equity": 10806000,
            "current_ratio": 131.44,
            "debt_ratio": 72.85,
            "inventory_turnover_ratio": 1.95,
            "account_receivable_turnover_ratio": 1.3,
            "reinvestment_rate": -2.83,
            "research_to_sale_ratio": null,
            "price_fair": 121.8,
            "eps_avg_yearly": 3.48,
            "eps_latest_yearly": 5.04,
            "eps_growth_yearly": 47.22
        },
        "20121": {
            "year_quarter": 20121,
            "year": 2012,
            "quarter": 1,
            "eps": 1.16,
            "eps_growth_year": 22.86,
            "eps_4q": 3.19,
            "eps_4q_growth_year": -1.81,
            "roe": 7.32,
            "roe_4q": 17.07,
            "gross_profit": 2427000,
            "gross_margin": 26.08,
            "gross_margin_4q_avg": 22.02,
            "net_income": 825000,
            "net_income_4q": null,
            "revenue": 9307000,
            "revenue_4q": null,
            "common_shares": 958000,
            "book_valuer_per_share": -3.32,
            "book_valuer_per_share_4q_avg": -3.3,
            "equity": 11743000,
            "current_ratio": 130.69,
            "debt_ratio": 70.91,
            "inventory_turnover_ratio": 1.59,
            "account_receivable_turnover_ratio": 1.28,
            "reinvestment_rate": -2.93,
            "research_to_sale_ratio": null,
            "price_fair": 120,
            "eps_avg_yearly": 3.43,
            "eps_latest_yearly": 5.04,
            "eps_growth_yearly": 45.83
        },
        "20122": {
            "year_quarter": 20122,
            "year": 2012,
            "quarter": 2,
            "eps": 1.27,
            "eps_growth_year": 17.15,
            "eps_4q": 3.37,
            "eps_4q_growth_year": -3.67,
            "roe": 7.63,
            "roe_4q": 18,
            "gross_profit": 2513000,
            "gross_margin": 26.63,
            "gross_margin_4q_avg": 22.01,
            "net_income": 905000,
            "net_income_4q": null,
            "revenue": 9435000,
            "revenue_4q": null,
            "common_shares": 958000,
            "book_valuer_per_share": -2.78,
            "book_valuer_per_share_4q_avg": -3.43,
            "equity": 11993000,
            "current_ratio": 129.91,
            "debt_ratio": 70.15,
            "inventory_turnover_ratio": 1.59,
            "account_receivable_turnover_ratio": 1.3,
            "reinvestment_rate": -4.46,
            "research_to_sale_ratio": null,
            "price_fair": 121.8,
            "eps_avg_yearly": 3.48,
            "eps_latest_yearly": 5.08,
            "eps_growth_yearly": 47.45
        },
        "20123": {
            "year_quarter": 20123,
            "year": 2012,
            "quarter": 3,
            "eps": 1.29,
            "eps_growth_year": 2.17,
            "eps_4q": 3.4,
            "eps_4q_growth_year": -11.37,
            "roe": 7.53,
            "roe_4q": 19.75,
            "gross_profit": 2534000,
            "gross_margin": 27.12,
            "gross_margin_4q_avg": 22.7,
            "net_income": 946000,
            "net_income_4q": null,
            "revenue": 9342000,
            "revenue_4q": null,
            "common_shares": 958000,
            "book_valuer_per_share": -1.36,
            "book_valuer_per_share_4q_avg": -3.01,
            "equity": 13132000,
            "current_ratio": 139.59,
            "debt_ratio": 68.03,
            "inventory_turnover_ratio": 1.57,
            "account_receivable_turnover_ratio": 1.28,
            "reinvestment_rate": -1.95,
            "research_to_sale_ratio": null,
            "price_fair": 125.4,
            "eps_avg_yearly": 3.58,
            "eps_latest_yearly": 5.16,
            "eps_growth_yearly": 52.09
        },
        "20124": {
            "year_quarter": 20124,
            "year": 2012,
            "quarter": 4,
            "eps": 0.4,
            "eps_growth_year": null,
            "eps_4q": 4.12,
            "eps_4q_growth_year": 38.76,
            "roe": 1.95,
            "roe_4q": 24.43,
            "gross_profit": 1900000,
            "gross_margin": 19.83,
            "gross_margin_4q_avg": 24.92,
            "net_income": 255000,
            "net_income_4q": null,
            "revenue": 9581000,
            "revenue_4q": null,
            "common_shares": 958000,
            "book_valuer_per_share": -2.43,
            "book_valuer_per_share_4q_avg": -2.47,
            "equity": 12975000,
            "current_ratio": 134.9,
            "debt_ratio": 69,
            "inventory_turnover_ratio": 1.8,
            "account_receivable_turnover_ratio": 1.3,
            "reinvestment_rate": 2.66,
            "research_to_sale_ratio": null,
            "price_fair": 118.7,
            "eps_avg_yearly": 3.39,
            "eps_latest_yearly": 1.6,
            "eps_growth_yearly": 28.08
        },
        "20131": {
            "year_quarter": 20131,
            "year": 2013,
            "quarter": 1,
            "eps": 1.34,
            "eps_growth_year": 15.31,
            "eps_4q": 4.3,
            "eps_4q_growth_year": 34.94,
            "roe": 7.34,
            "roe_4q": 24.45,
            "gross_profit": 2548000,
            "gross_margin": 27.32,
            "gross_margin_4q_avg": 25.23,
            "net_income": 969000,
            "net_income_4q": null,
            "revenue": 9328000,
            "revenue_4q": null,
            "common_shares": 958000,
            "book_valuer_per_share": -1.69,
            "book_valuer_per_share_4q_avg": -2.07,
            "equity": 13442000,
            "current_ratio": 134.86,
            "debt_ratio": 67.84,
            "inventory_turnover_ratio": 1.59,
            "account_receivable_turnover_ratio": 1.25,
            "reinvestment_rate": 4.74,
            "research_to_sale_ratio": null,
            "price_fair": 125.6,
            "eps_avg_yearly": 3.59,
            "eps_latest_yearly": 5.36,
            "eps_growth_yearly": 106.44
        },
        "20132": {
            "year_quarter": 20132,
            "year": 2013,
            "quarter": 2,
            "eps": 1.44,
            "eps_growth_year": 13.94,
            "eps_4q": 4.48,
            "eps_4q_growth_year": 32.75,
            "roe": 7.51,
            "roe_4q": 24.330000000000002,
            "gross_profit": 2666000,
            "gross_margin": 27.5,
            "gross_margin_4q_avg": 25.44,
            "net_income": 1022000,
            "net_income_4q": null,
            "revenue": 9693000,
            "revenue_4q": null,
            "common_shares": 958000,
            "book_valuer_per_share": -1.6,
            "book_valuer_per_share_4q_avg": -1.77,
            "equity": 13777000,
            "current_ratio": 132.41,
            "debt_ratio": 67.33,
            "inventory_turnover_ratio": 1.64,
            "account_receivable_turnover_ratio": 1.27,
            "reinvestment_rate": 4.74,
            "research_to_sale_ratio": null,
            "price_fair": 132,
            "eps_avg_yearly": 3.77,
            "eps_latest_yearly": 5.76,
            "eps_growth_yearly": 101.97
        },
        "20133": {
            "year_quarter": 20133,
            "year": 2013,
            "quarter": 3,
            "eps": 1.35,
            "eps_growth_year": 4.58,
            "eps_4q": 4.54,
            "eps_4q_growth_year": 33.42,
            "roe": 7.01,
            "roe_4q": 23.81,
            "gross_profit": 2705000,
            "gross_margin": 28.04,
            "gross_margin_4q_avg": 25.67,
            "net_income": 1007000,
            "net_income_4q": null,
            "revenue": 9647000,
            "revenue_4q": null,
            "common_shares": 958000,
            "book_valuer_per_share": -1.1,
            "book_valuer_per_share_4q_avg": -1.71,
            "equity": 14959000,
            "current_ratio": 131.65,
            "debt_ratio": 66.31,
            "inventory_turnover_ratio": 1.59,
            "account_receivable_turnover_ratio": 1.24,
            "reinvestment_rate": 5.12,
            "research_to_sale_ratio": null,
            "price_fair": 137.2,
            "eps_avg_yearly": 3.92,
            "eps_latest_yearly": 5.4,
            "eps_growth_yearly": 99.12
        },
        "20134": {
            "year_quarter": 20134,
            "year": 2013,
            "quarter": 4,
            "eps": 2.08,
            "eps_growth_year": 413.83,
            "eps_4q": 6.21,
            "eps_4q_growth_year": 50.59,
            "roe": 5.95,
            "roe_4q": 27.81,
            "gross_profit": 2775000,
            "gross_margin": 26.72,
            "gross_margin_4q_avg": 27.4,
            "net_income": 964000,
            "net_income_4q": null,
            "revenue": 10387000,
            "revenue_4q": null,
            "common_shares": 958000,
            "book_valuer_per_share": 2.43,
            "book_valuer_per_share_4q_avg": -0.49,
            "equity": 17467000,
            "current_ratio": 149.24,
            "debt_ratio": 61.56,
            "inventory_turnover_ratio": 1.74,
            "account_receivable_turnover_ratio": 1.31,
            "reinvestment_rate": 3.6,
            "research_to_sale_ratio": null,
            "price_fair": 155,
            "eps_avg_yearly": 4.43,
            "eps_latest_yearly": 8.32,
            "eps_growth_yearly": 132.81
        },
        "20141": {
            "year_quarter": 20141,
            "year": 2014,
            "quarter": 1,
            "eps": 1.47,
            "eps_growth_year": 10.06,
            "eps_4q": 6.34,
            "eps_4q_growth_year": 47.5,
            "roe": 5.85,
            "roe_4q": 26.32,
            "gross_profit": 2712000,
            "gross_margin": 28.02,
            "gross_margin_4q_avg": 27.57,
            "net_income": 1036000,
            "net_income_4q": null,
            "revenue": 9679000,
            "revenue_4q": null,
            "common_shares": 958000,
            "book_valuer_per_share": 3.13,
            "book_valuer_per_share_4q_avg": 0.72,
            "equity": 17927000,
            "current_ratio": 150.01,
            "debt_ratio": 60.84,
            "inventory_turnover_ratio": 1.6,
            "account_receivable_turnover_ratio": 1.21,
            "reinvestment_rate": 5.9,
            "research_to_sale_ratio": null,
            "price_fair": 162.3,
            "eps_avg_yearly": 4.64,
            "eps_latest_yearly": 5.88,
            "eps_growth_yearly": 82.53
        },
        "20142": {
            "year_quarter": 20142,
            "year": 2014,
            "quarter": 2,
            "eps": 1.5,
            "eps_growth_year": 3.53,
            "eps_4q": 6.39,
            "eps_4q_growth_year": 42.82,
            "roe": 6.15,
            "roe_4q": 24.96,
            "gross_profit": 2957000,
            "gross_margin": 28.84,
            "gross_margin_4q_avg": 27.91,
            "net_income": 1126000,
            "net_income_4q": null,
            "revenue": 10253000,
            "revenue_4q": null,
            "common_shares": 958000,
            "book_valuer_per_share": 4.18,
            "book_valuer_per_share_4q_avg": 2.16,
            "equity": 18696000,
            "current_ratio": 156.75,
            "debt_ratio": 59.88,
            "inventory_turnover_ratio": 1.64,
            "account_receivable_turnover_ratio": 1.25,
            "reinvestment_rate": 3.9,
            "research_to_sale_ratio": null,
            "price_fair": 169,
            "eps_avg_yearly": 4.83,
            "eps_latest_yearly": 6,
            "eps_growth_yearly": 79.64
        },
        "20143": {
            "year_quarter": 20143,
            "year": 2014,
            "quarter": 3,
            "eps": 1.58,
            "eps_growth_year": 16.83,
            "eps_4q": 6.62,
            "eps_4q_growth_year": 45.97,
            "roe": 6.33,
            "roe_4q": 24.279999999999998,
            "gross_profit": 2980000,
            "gross_margin": 29.48,
            "gross_margin_4q_avg": 28.27,
            "net_income": 1192000,
            "net_income_4q": null,
            "revenue": 10108000,
            "revenue_4q": null,
            "common_shares": 958000,
            "book_valuer_per_share": 4.76,
            "book_valuer_per_share_4q_avg": 3.63,
            "equity": 18937000,
            "current_ratio": 160.31,
            "debt_ratio": 58.99,
            "inventory_turnover_ratio": 1.58,
            "account_receivable_turnover_ratio": 1.22,
            "reinvestment_rate": 2.35,
            "research_to_sale_ratio": null,
            "price_fair": 175.5,
            "eps_avg_yearly": 5.01,
            "eps_latest_yearly": 6.32,
            "eps_growth_yearly": 77.72
        },
        "20144": {
            "year_quarter": 20144,
            "year": 2014,
            "quarter": 4,
            "eps": 1.34,
            "eps_growth_year": -35.66,
            "eps_4q": 5.88,
            "eps_4q_growth_year": -5.28,
            "roe": 5.33,
            "roe_4q": 23.660000000000004,
            "gross_profit": 2700000,
            "gross_margin": 26.3,
            "gross_margin_4q_avg": 28.16,
            "net_income": 975000,
            "net_income_4q": null,
            "revenue": 10266000,
            "revenue_4q": null,
            "common_shares": 958000,
            "book_valuer_per_share": 3.4,
            "book_valuer_per_share_4q_avg": 3.87,
            "equity": 17657000,
            "current_ratio": 150.21,
            "debt_ratio": 61.15,
            "inventory_turnover_ratio": 1.7,
            "account_receivable_turnover_ratio": 1.26,
            "reinvestment_rate": 4.08,
            "research_to_sale_ratio": null,
            "price_fair": 183.4,
            "eps_avg_yearly": 5.24,
            "eps_latest_yearly": 5.36,
            "eps_growth_yearly": 85.05
        },
        "20151": {
            "year_quarter": 20151,
            "year": 2015,
            "quarter": 1,
            "eps": 1.52,
            "eps_growth_year": 3.55,
            "eps_4q": 5.93,
            "eps_4q_growth_year": -6.46,
            "roe": 6.51,
            "roe_4q": 24.32,
            "gross_profit": 2851000,
            "gross_margin": 30.95,
            "gross_margin_4q_avg": 28.89,
            "net_income": 1146000,
            "net_income_4q": null,
            "revenue": 9213000,
            "revenue_4q": null,
            "common_shares": 958000,
            "book_valuer_per_share": 3.41,
            "book_valuer_per_share_4q_avg": 3.94,
            "equity": 17542000,
            "current_ratio": 144.32,
            "debt_ratio": 61.32,
            "inventory_turnover_ratio": 1.43,
            "account_receivable_turnover_ratio": 1.14,
            "reinvestment_rate": 3.87,
            "research_to_sale_ratio": null,
            "price_fair": 189.2,
            "eps_avg_yearly": 5.41,
            "eps_latest_yearly": 6.08,
            "eps_growth_yearly": 68.63
        },
        "20152": {
            "year_quarter": 20152,
            "year": 2015,
            "quarter": 2,
            "eps": 1.62,
            "eps_growth_year": 8.41,
            "eps_4q": 6.06,
            "eps_4q_growth_year": -5.24,
            "roe": 6.79,
            "roe_4q": 24.96,
            "gross_profit": 2961000,
            "gross_margin": 30.29,
            "gross_margin_4q_avg": 29.26,
            "net_income": 1222000,
            "net_income_4q": null,
            "revenue": 9775000,
            "revenue_4q": null,
            "common_shares": 958000,
            "book_valuer_per_share": 4.54,
            "book_valuer_per_share_4q_avg": 4.03,
            "equity": 18457000,
            "current_ratio": 148.84,
            "debt_ratio": 60.23,
            "inventory_turnover_ratio": 1.52,
            "account_receivable_turnover_ratio": 1.19,
            "reinvestment_rate": 4.82,
            "research_to_sale_ratio": null,
            "price_fair": 194.6,
            "eps_avg_yearly": 5.56,
            "eps_latest_yearly": 6.48,
            "eps_growth_yearly": 66.25
        },
        "20153": {
            "year_quarter": 20153,
            "year": 2015,
            "quarter": 3,
            "eps": 1.72,
            "eps_growth_year": 9.07,
            "eps_4q": 6.2,
            "eps_4q_growth_year": -6.33,
            "roe": 7.05,
            "roe_4q": 25.68,
            "gross_profit": 2957000,
            "gross_margin": 30.77,
            "gross_margin_4q_avg": 29.58,
            "net_income": 1276000,
            "net_income_4q": null,
            "revenue": 9611000,
            "revenue_4q": null,
            "common_shares": 958000,
            "book_valuer_per_share": 3.9,
            "book_valuer_per_share_4q_avg": 3.81,
            "equity": 17760000,
            "current_ratio": 143.45,
            "debt_ratio": 61.91,
            "inventory_turnover_ratio": 1.5,
            "account_receivable_turnover_ratio": 1.19,
            "reinvestment_rate": 4.23,
            "research_to_sale_ratio": null,
            "price_fair": 199.2,
            "eps_avg_yearly": 5.69,
            "eps_latest_yearly": 6.88,
            "eps_growth_yearly": 63.26
        },
        "20154": {
            "year_quarter": 20154,
            "year": 2015,
            "quarter": 4,
            "eps": 1.67,
            "eps_growth_year": 24.78,
            "eps_4q": 6.53,
            "eps_4q_growth_year": 11.09,
            "roe": 6.68,
            "roe_4q": 27.03,
            "gross_profit": 3065000,
            "gross_margin": 30.71,
            "gross_margin_4q_avg": 30.68,
            "net_income": 1203000,
            "net_income_4q": null,
            "revenue": 9982000,
            "revenue_4q": null,
            "common_shares": 958000,
            "book_valuer_per_share": -2.84,
            "book_valuer_per_share_4q_avg": 2.25,
            "equity": 18283000,
            "current_ratio": 109.16,
            "debt_ratio": 62.93,
            "inventory_turnover_ratio": 1.56,
            "account_receivable_turnover_ratio": 1.25,
            "reinvestment_rate": 5.89,
            "research_to_sale_ratio": null,
            "price_fair": 201.51,
            "eps_avg_yearly": 5.76,
            "eps_latest_yearly": 6.68,
            "eps_growth_yearly": 58.26
        },
        "20161": {
            "year_quarter": 20161,
            "year": 2016,
            "quarter": 1,
            "eps": 1.68,
            "eps_growth_year": 10.43,
            "eps_4q": 6.69,
            "eps_4q_growth_year": 12.79,
            "roe": 6.72,
            "roe_4q": 27.24,
            "gross_profit": 2975000,
            "gross_margin": 31.24,
            "gross_margin_4q_avg": 30.75,
            "net_income": 1226000,
            "net_income_4q": null,
            "revenue": 9522000,
            "revenue_4q": null,
            "common_shares": 958000,
            "book_valuer_per_share": -4.22,
            "book_valuer_per_share_4q_avg": 0.35,
            "equity": 18197000,
            "current_ratio": 124.73,
            "debt_ratio": 63.87,
            "inventory_turnover_ratio": 1.43,
            "account_receivable_turnover_ratio": 1.16,
            "reinvestment_rate": 7.9,
            "research_to_sale_ratio": null,
            "price_fair": 203.61,
            "eps_avg_yearly": 5.82,
            "eps_latest_yearly": 6.72,
            "eps_growth_yearly": 54.77
        },
        "20162": {
            "year_quarter": 20162,
            "year": 2016,
            "quarter": 2,
            "eps": 1.84,
            "eps_growth_year": 13.44,
            "eps_4q": 6.91,
            "eps_4q_growth_year": 14.05,
            "roe": 7.18,
            "roe_4q": 27.63,
            "gross_profit": 3170000,
            "gross_margin": 31.73,
            "gross_margin_4q_avg": 31.11,
            "net_income": 1327000,
            "net_income_4q": null,
            "revenue": 9991000,
            "revenue_4q": null,
            "common_shares": 958000,
            "book_valuer_per_share": -3.25,
            "book_valuer_per_share_4q_avg": -1.6,
            "equity": 18771000,
            "current_ratio": 128.09,
            "debt_ratio": 63.32,
            "inventory_turnover_ratio": 1.45,
            "account_receivable_turnover_ratio": 1.17,
            "reinvestment_rate": 7.11,
            "research_to_sale_ratio": null,
            "price_fair": 208.6,
            "eps_avg_yearly": 5.96,
            "eps_latest_yearly": 7.36,
            "eps_growth_yearly": 54.78
        },
        "20163": {
            "year_quarter": 20163,
            "year": 2016,
            "quarter": 3,
            "eps": 1.89,
            "eps_growth_year": 10.01,
            "eps_4q": 7.08,
            "eps_4q_growth_year": 14.19,
            "roe": 6.57,
            "roe_4q": 27.15,
            "gross_profit": 2901000,
            "gross_margin": 29.59,
            "gross_margin_4q_avg": 30.82,
            "net_income": 1248000,
            "net_income_4q": null,
            "revenue": 9804000,
            "revenue_4q": null,
            "common_shares": 958000,
            "book_valuer_per_share": -4.6,
            "book_valuer_per_share_4q_avg": -3.73,
            "equity": 19191000,
            "current_ratio": 119.88,
            "debt_ratio": 64.17,
            "inventory_turnover_ratio": 1.49,
            "account_receivable_turnover_ratio": 1.13,
            "reinvestment_rate": 4.25,
            "research_to_sale_ratio": null,
            "price_fair": 213.85,
            "eps_avg_yearly": 6.11,
            "eps_latest_yearly": 7.56,
            "eps_growth_yearly": 55.07
        },
        "20164": {
            "year_quarter": 20164,
            "year": 2016,
            "quarter": 4,
            "eps": 1.46,
            "eps_growth_year": -12.48,
            "eps_4q": 6.87,
            "eps_4q_growth_year": 5.22,
            "roe": 5.44,
            "roe_4q": 25.91,
            "gross_profit": 2579000,
            "gross_margin": 25.83,
            "gross_margin_4q_avg": 29.6,
            "net_income": 1048000,
            "net_income_4q": null,
            "revenue": 9985000,
            "revenue_4q": null,
            "common_shares": 958000,
            "book_valuer_per_share": -3.91,
            "book_valuer_per_share_4q_avg": -4,
            "equity": 19369000,
            "current_ratio": 141.19,
            "debt_ratio": 64.23,
            "inventory_turnover_ratio": 1.65,
            "account_receivable_turnover_ratio": 1.14,
            "reinvestment_rate": 3.81,
            "research_to_sale_ratio": null,
            "price_fair": 223.13,
            "eps_avg_yearly": 6.38,
            "eps_latest_yearly": 5.84,
            "eps_growth_yearly": 66.63
        },
        "20171": {
            "year_quarter": 20171,
            "year": 2017,
            "quarter": 1,
            "eps": 1.84,
            "eps_growth_year": 9.62,
            "eps_4q": 7.03,
            "eps_4q_growth_year": 5.14,
            "roe": 6.71,
            "roe_4q": 25.9,
            "gross_profit": 3136000,
            "gross_margin": 33.04,
            "gross_margin_4q_avg": 30.05,
            "net_income": 1332000,
            "net_income_4q": null,
            "revenue": 9492000,
            "revenue_4q": null,
            "common_shares": 958000,
            "book_valuer_per_share": -2.75,
            "book_valuer_per_share_4q_avg": -3.63,
            "equity": 20323000,
            "current_ratio": 136.45,
            "debt_ratio": 62.9,
            "inventory_turnover_ratio": 1.41,
            "account_receivable_turnover_ratio": 1.12,
            "reinvestment_rate": 3.2,
            "research_to_sale_ratio": null,
            "price_fair": 158.5,
            "eps_avg_yearly": 6.5,
            "eps_latest_yearly": 7.36,
            "eps_growth_yearly": 14.38
        },
        "20172": {
            "year_quarter": 20172,
            "year": 2017,
            "quarter": 2,
            "eps": 2.03,
            "eps_growth_year": 10.2,
            "eps_4q": 7.22,
            "eps_4q_growth_year": 4.54,
            "roe": 6.87,
            "roe_4q": 25.59,
            "gross_profit": 3228000,
            "gross_margin": 32.03,
            "gross_margin_4q_avg": 30.12,
            "net_income": 1400000,
            "net_income_4q": null,
            "revenue": 10078000,
            "revenue_4q": null,
            "common_shares": 958000,
            "book_valuer_per_share": -2.86,
            "book_valuer_per_share_4q_avg": -3.53,
            "equity": 20425000,
            "current_ratio": 133.83,
            "debt_ratio": 63.31,
            "inventory_turnover_ratio": 1.47,
            "account_receivable_turnover_ratio": 1.21,
            "reinvestment_rate": 1.85,
            "research_to_sale_ratio": null,
            "price_fair": 166.85,
            "eps_avg_yearly": 6.65,
            "eps_latest_yearly": 8.12,
            "eps_growth_yearly": 15.1
        },
        "20173": {
            "year_quarter": 20173,
            "year": 2017,
            "quarter": 3,
            "eps": 1.98,
            "eps_growth_year": 4.29,
            "eps_4q": 7.3,
            "eps_4q_growth_year": 3.14,
            "roe": 6.58,
            "roe_4q": 25.6,
            "gross_profit": 3248000,
            "gross_margin": 32.09,
            "gross_margin_4q_avg": 30.75,
            "net_income": 1365000,
            "net_income_4q": null,
            "revenue": 10121000,
            "revenue_4q": null,
            "common_shares": 958000,
            "book_valuer_per_share": -2.34,
            "book_valuer_per_share_4q_avg": -2.97,
            "equity": 21074000,
            "current_ratio": 135.22,
            "debt_ratio": 62.88,
            "inventory_turnover_ratio": 1.46,
            "account_receivable_turnover_ratio": 1.19,
            "reinvestment_rate": 3.77,
            "research_to_sale_ratio": null,
            "price_fair": 177.25,
            "eps_avg_yearly": 6.81,
            "eps_latest_yearly": 7.92,
            "eps_growth_yearly": 16.05
        },
        "20174": {
            "year_quarter": 20174,
            "year": 2017,
            "quarter": 4,
            "eps": 1.01,
            "eps_growth_year": -31.11,
            "eps_4q": 6.85,
            "eps_4q_growth_year": -0.34,
            "roe": 2.72,
            "roe_4q": 22.880000000000003,
            "gross_profit": 2778000,
            "gross_margin": 25.62,
            "gross_margin_4q_avg": 30.7,
            "net_income": 511000,
            "net_income_4q": null,
            "revenue": 10843000,
            "revenue_4q": null,
            "common_shares": 958000,
            "book_valuer_per_share": -8.25,
            "book_valuer_per_share_4q_avg": -4.05,
            "equity": 16502000,
            "current_ratio": 137.86,
            "debt_ratio": 72.25,
            "inventory_turnover_ratio": 1.72,
            "account_receivable_turnover_ratio": 1.24,
            "reinvestment_rate": 4.47,
            "research_to_sale_ratio": null,
            "price_fair": 19.61,
            "eps_avg_yearly": 6.54,
            "eps_latest_yearly": 4.04,
            "eps_growth_yearly": -9.72
        },
        "20181": {
            "year_quarter": 20181,
            "year": 2018,
            "quarter": 1,
            "eps": 2.14,
            "eps_growth_year": 16.02,
            "eps_4q": 7.14,
            "eps_4q_growth_year": 1.56,
            "roe": 8.51,
            "roe_4q": 24.680000000000003,
            "gross_profit": 3199000,
            "gross_margin": 30.78,
            "gross_margin_4q_avg": 30.13,
            "net_income": 1451000,
            "net_income_4q": null,
            "revenue": 10392000,
            "revenue_4q": null,
            "common_shares": 958000,
            "book_valuer_per_share": -7.21,
            "book_valuer_per_share_4q_avg": -5.17,
            "equity": 17595000,
            "current_ratio": 136.43,
            "debt_ratio": 71.13,
            "inventory_turnover_ratio": 1.53,
            "account_receivable_turnover_ratio": 1.18,
            "reinvestment_rate": 5.27,
            "research_to_sale_ratio": null,
            "price_fair": 234.68,
            "eps_avg_yearly": 6.71,
            "eps_latest_yearly": 8.56,
            "eps_growth_yearly": 25.58
        },
        "20182": {
            "year_quarter": 20182,
            "year": 2018,
            "quarter": 2,
            "eps": 1.96,
            "eps_growth_year": -3.46,
            "eps_4q": 7.07,
            "eps_4q_growth_year": -2.04,
            "roe": 7.27,
            "roe_4q": 25.08,
            "gross_profit": 3306000,
            "gross_margin": 30.28,
            "gross_margin_4q_avg": 29.69,
            "net_income": 1280000,
            "net_income_4q": null,
            "revenue": 10919000,
            "revenue_4q": null,
            "common_shares": 958000,
            "book_valuer_per_share": -6.46,
            "book_valuer_per_share_4q_avg": -6.07,
            "equity": 17600000,
            "current_ratio": 137.52,
            "debt_ratio": 70.6,
            "inventory_turnover_ratio": 1.59,
            "account_receivable_turnover_ratio": 1.26,
            "reinvestment_rate": 6.32,
            "research_to_sale_ratio": null,
            "price_fair": 224.86,
            "eps_avg_yearly": 6.82,
            "eps_latest_yearly": 7.84,
            "eps_growth_yearly": 22.97
        },
        "20183": {
            "year_quarter": 20183,
            "year": 2018,
            "quarter": 3,
            "eps": 3.47,
            "eps_growth_year": 75.52,
            "eps_4q": 8.57,
            "eps_4q_growth_year": 17.3,
            "roe": 13.15,
            "roe_4q": 31.65,
            "gross_profit": 3206000,
            "gross_margin": 29.79,
            "gross_margin_4q_avg": 29.12,
            "net_income": 2356000,
            "net_income_4q": null,
            "revenue": 10762000,
            "revenue_4q": null,
            "common_shares": 958000,
            "book_valuer_per_share": -5.6,
            "book_valuer_per_share_4q_avg": -6.88,
            "equity": 18239000,
            "current_ratio": 148.76,
            "debt_ratio": 70.55,
            "inventory_turnover_ratio": 1.53,
            "account_receivable_turnover_ratio": 1.25,
            "reinvestment_rate": 4.24,
            "research_to_sale_ratio": null,
            "price_fair": 255.24,
            "eps_avg_yearly": 7.29,
            "eps_latest_yearly": 13.88,
            "eps_growth_yearly": 40.9
        },
        "20184": {
            "year_quarter": 20184,
            "year": 2018,
            "quarter": 4,
            "eps": 2.15,
            "eps_growth_year": 113.98,
            "eps_4q": 9.71,
            "eps_4q_growth_year": 41.79,
            "roe": 7.14,
            "roe_4q": 36.07,
            "gross_profit": 3044000,
            "gross_margin": 31.29,
            "gross_margin_4q_avg": 30.54,
            "net_income": 1300000,
            "net_income_4q": null,
            "revenue": 9729000,
            "revenue_4q": null,
            "common_shares": 958000,
            "book_valuer_per_share": -2.06,
            "book_valuer_per_share_4q_avg": -5.33,
            "equity": 18180000,
            "current_ratio": 128.74,
            "debt_ratio": 68.53,
            "inventory_turnover_ratio": 1.42,
            "account_receivable_turnover_ratio": 1.21,
            "reinvestment_rate": 1.31,
            "research_to_sale_ratio": null,
            "price_fair": 262.33,
            "eps_avg_yearly": 7.5,
            "eps_latest_yearly": 8.6,
            "eps_growth_yearly": 35.18
        },
        "20191": {
            "year_quarter": 20191,
            "year": 2019,
            "quarter": 1,
            "eps": 2.01,
            "eps_growth_year": -6.18,
            "eps_4q": 9.58,
            "eps_4q_growth_year": 34.09,
            "roe": 7.77,
            "roe_4q": 35.33,
            "gross_profit": 3005000,
            "gross_margin": 33.82,
            "gross_margin_4q_avg": 31.3,
            "net_income": 1436000,
            "net_income_4q": null,
            "revenue": 8884000,
            "revenue_4q": null,
            "common_shares": 958000,
            "book_valuer_per_share": -1.14,
            "book_valuer_per_share_4q_avg": -3.82,
            "equity": 18767000,
            "current_ratio": 124.2,
            "debt_ratio": 67.95,
            "inventory_turnover_ratio": 1.32,
            "account_receivable_turnover_ratio": 1.2,
            "reinvestment_rate": 3.87,
            "research_to_sale_ratio": null,
            "price_fair": 266.61,
            "eps_avg_yearly": 7.62,
            "eps_latest_yearly": 8.04,
            "eps_growth_yearly": 30.2
        },
        "20192": {
            "year_quarter": 20192,
            "year": 2019,
            "quarter": 2,
            "eps": 2.24,
            "eps_growth_year": 14.31,
            "eps_4q": 9.86,
            "eps_4q_growth_year": 39.37,
            "roe": 8.49,
            "roe_4q": 36.55,
            "gross_profit": 3149000,
            "gross_margin": 34.07,
            "gross_margin_4q_avg": 32.24,
            "net_income": 1556000,
            "net_income_4q": null,
            "revenue": 9243000,
            "revenue_4q": null,
            "common_shares": 958000,
            "book_valuer_per_share": -2.27,
            "book_valuer_per_share_4q_avg": -2.77,
            "equity": 17870000,
            "current_ratio": 119.47,
            "debt_ratio": 69.06,
            "inventory_turnover_ratio": 1.33,
            "account_receivable_turnover_ratio": 1.26,
            "reinvestment_rate": 3.4,
            "research_to_sale_ratio": null,
            "price_fair": 272.04,
            "eps_avg_yearly": 7.77,
            "eps_latest_yearly": 8.96,
            "eps_growth_yearly": 31.41
        },
        "20193": {
            "year_quarter": 20193,
            "year": 2019,
            "quarter": 3,
            "eps": 2.18,
            "eps_growth_year": -37.11,
            "eps_4q": 8.57,
            "eps_4q_growth_year": 0.08,
            "roe": 8.53,
            "roe_4q": 31.93,
            "gross_profit": 3048000,
            "gross_margin": 33.55,
            "gross_margin_4q_avg": 33.18,
            "net_income": 1534000,
            "net_income_4q": null,
            "revenue": 9086000,
            "revenue_4q": null,
            "common_shares": 958000,
            "book_valuer_per_share": -1.55,
            "book_valuer_per_share_4q_avg": -1.76,
            "equity": 18109000,
            "current_ratio": 131.5,
            "debt_ratio": 69.87,
            "inventory_turnover_ratio": 1.31,
            "account_receivable_turnover_ratio": 1.21,
            "reinvestment_rate": 1.11,
            "research_to_sale_ratio": null,
            "price_fair": 276.06,
            "eps_avg_yearly": 7.89,
            "eps_latest_yearly": 8.72,
            "eps_growth_yearly": 29.2
        },
        "20194": {
            "year_quarter": 20194,
            "year": 2019,
            "quarter": 4,
            "eps": 2.2,
            "eps_growth_year": 2.28,
            "eps_4q": 8.62,
            "eps_4q_growth_year": -11.22,
            "roe": 7.78,
            "roe_4q": 32.56999999999999,
            "gross_profit": 3168000,
            "gross_margin": 33.36,
            "gross_margin_4q_avg": 33.7,
            "net_income": 1423000,
            "net_income_4q": null,
            "revenue": 9496000,
            "revenue_4q": null,
            "common_shares": 958000,
            "book_valuer_per_share": -1.13,
            "book_valuer_per_share_4q_avg": -1.52,
            "equity": 18494000,
            "current_ratio": 134.29,
            "debt_ratio": 68.48,
            "inventory_turnover_ratio": 1.4,
            "account_receivable_turnover_ratio": 1.26,
            "reinvestment_rate": -0.15,
            "research_to_sale_ratio": null,
            "price_fair": 280.7,
            "eps_avg_yearly": 8.02,
            "eps_latest_yearly": 8.8,
            "eps_growth_yearly": 30.16
        },
        "20201": {
            "year_quarter": 20201,
            "year": 2020,
            "quarter": 1,
            "eps": 2.28,
            "eps_growth_year": 13.54,
            "eps_4q": 8.89,
            "eps_4q_growth_year": -7.17,
            "roe": 8.89,
            "roe_4q": 33.690000000000005,
            "gross_profit": 2929000,
            "gross_margin": 34.61,
            "gross_margin_4q_avg": 33.9,
            "net_income": 1606000,
            "net_income_4q": null,
            "revenue": 8463000,
            "revenue_4q": null,
            "common_shares": 958000,
            "book_valuer_per_share": -1.74,
            "book_valuer_per_share_4q_avg": -1.67,
            "equity": 17644000,
            "current_ratio": 130.13,
            "debt_ratio": 69.27,
            "inventory_turnover_ratio": 1.23,
            "account_receivable_turnover_ratio": 1.13,
            "reinvestment_rate": -0.54,
            "research_to_sale_ratio": null,
            "price_fair": 285.95,
            "eps_avg_yearly": 8.17,
            "eps_latest_yearly": 9.12,
            "eps_growth_yearly": 30.92
        },
        "20202": {
            "year_quarter": 20202,
            "year": 2020,
            "quarter": 2,
            "eps": 1.88,
            "eps_growth_year": -15.79,
            "eps_4q": 8.54,
            "eps_4q_growth_year": -13.38,
            "roe": 6.14,
            "roe_4q": 31.340000000000003,
            "gross_profit": 2201000,
            "gross_margin": 29.44,
            "gross_margin_4q_avg": 32.74,
            "net_income": 1099000,
            "net_income_4q": null,
            "revenue": 7477000,
            "revenue_4q": null,
            "common_shares": 958000,
            "book_valuer_per_share": -1.31,
            "book_valuer_per_share_4q_avg": -1.43,
            "equity": 18147000,
            "current_ratio": 163.32,
            "debt_ratio": 71.47,
            "inventory_turnover_ratio": 1.13,
            "account_receivable_turnover_ratio": 1.06,
            "reinvestment_rate": 1.36,
            "research_to_sale_ratio": null,
            "price_fair": 279.35,
            "eps_avg_yearly": 8.18,
            "eps_latest_yearly": 7.52,
            "eps_growth_yearly": 24.15
        },
        "20203": {
            "year_quarter": 20203,
            "year": 2020,
            "quarter": 3,
            "eps": 1.54,
            "eps_growth_year": -29.3,
            "eps_4q": 7.9,
            "eps_4q_growth_year": -7.83,
            "roe": 4.31,
            "roe_4q": 27.12,
            "gross_profit": 2414000,
            "gross_margin": 30.96,
            "gross_margin_4q_avg": 32.09,
            "net_income": 781000,
            "net_income_4q": null,
            "revenue": 7797000,
            "revenue_4q": null,
            "common_shares": 958000,
            "book_valuer_per_share": -1.55,
            "book_valuer_per_share_4q_avg": -1.43,
            "equity": 18074000,
            "current_ratio": 164.11,
            "debt_ratio": 71.52,
            "inventory_turnover_ratio": 1.14,
            "account_receivable_turnover_ratio": 1.15,
            "reinvestment_rate": 2.01,
            "research_to_sale_ratio": null,
            "price_fair": 234.27,
            "eps_avg_yearly": 8.09,
            "eps_latest_yearly": 6.16,
            "eps_growth_yearly": 18.95
        },
        "20204": {
            "year_quarter": 20204,
            "year": 2020,
            "quarter": 4,
            "eps": 2.2,
            "eps_growth_year": -0.01,
            "eps_4q": 7.9,
            "eps_4q_growth_year": -8.36,
            "roe": 7.74,
            "roe_4q": 27.080000000000002,
            "gross_profit": 2924000,
            "gross_margin": 32.85,
            "gross_margin_4q_avg": 31.97,
            "net_income": 1379000,
            "net_income_4q": null,
            "revenue": 8900000,
            "revenue_4q": null,
            "common_shares": 958000,
            "book_valuer_per_share": -2.97,
            "book_valuer_per_share_4q_avg": -1.89,
            "equity": 17549000,
            "current_ratio": 146.77,
            "debt_ratio": 72.83,
            "inventory_turnover_ratio": 1.3,
            "account_receivable_turnover_ratio": 1.3,
            "reinvestment_rate": 3.07,
            "research_to_sale_ratio": null,
            "price_fair": 289.71,
            "eps_avg_yearly": 8.28,
            "eps_latest_yearly": 8.8,
            "eps_growth_yearly": 35.35
        },
        "20211": {
            "year_quarter": 20211,
            "year": 2021,
            "quarter": 1,
            "eps": 2.08,
            "eps_growth_year": -8.56,
            "eps_4q": 7.71,
            "eps_4q_growth_year": -13.35,
            "roe": 8.15,
            "roe_4q": 26.34,
            "gross_profit": 2745000,
            "gross_margin": 32.47,
            "gross_margin_4q_avg": 31.43,
            "net_income": 1448000,
            "net_income_4q": null,
            "revenue": 8454000,
            "revenue_4q": null,
            "common_shares": 958000,
            "book_valuer_per_share": -4.02,
            "book_valuer_per_share_4q_avg": -2.46,
            "equity": 17986000,
            "current_ratio": 142.55,
            "debt_ratio": 71.7,
            "inventory_turnover_ratio": 1.26,
            "account_receivable_turnover_ratio": 1.25,
            "reinvestment_rate": 3.51,
            "research_to_sale_ratio": null,
            "price_fair": 291.81,
            "eps_avg_yearly": 8.34,
            "eps_latest_yearly": 8.32,
            "eps_growth_yearly": 27.48
        },
        "20212": {
            "year_quarter": 20212,
            "year": 2021,
            "quarter": 2,
            "eps": 2.15,
            "eps_growth_year": 14.03,
            "eps_4q": 7.97,
            "eps_4q_growth_year": -6.68,
            "roe": 8.06,
            "roe_4q": 28.26,
            "gross_profit": 2805000,
            "gross_margin": 31.85,
            "gross_margin_4q_avg": 32.03,
            "net_income": 1447000,
            "net_income_4q": null,
            "revenue": 8808000,
            "revenue_4q": null,
            "common_shares": 958000,
            "book_valuer_per_share": -4.27,
            "book_valuer_per_share_4q_avg": -3.2,
            "equity": 17938000,
            "current_ratio": 141.39,
            "debt_ratio": 71.95,
            "inventory_turnover_ratio": 1.29,
            "account_receivable_turnover_ratio": 1.29,
            "reinvestment_rate": 6.29,
            "research_to_sale_ratio": null,
            "price_fair": 292.86,
            "eps_avg_yearly": 8.37,
            "eps_latest_yearly": 8.6,
            "eps_growth_yearly": 25.74
        },
        "20213": {
            "year_quarter": 20213,
            "year": 2021,
            "quarter": 3,
            "eps": 2.07,
            "eps_growth_year": 34.09,
            "eps_4q": 8.5,
            "eps_4q_growth_year": 7.53,
            "roe": 7.12,
            "roe_4q": 31.07,
            "gross_profit": 2727000,
            "gross_margin": 32.18,
            "gross_margin_4q_avg": 32.34,
            "net_income": 1273000,
            "net_income_4q": null,
            "revenue": 8473000,
            "revenue_4q": null,
            "common_shares": 958000,
            "book_valuer_per_share": -4.01,
            "book_valuer_per_share_4q_avg": -3.82,
            "equity": 17842000,
            "current_ratio": 128.83,
            "debt_ratio": 72.2,
            "inventory_turnover_ratio": 1.19,
            "account_receivable_turnover_ratio": 1.19,
            "reinvestment_rate": 4.96,
            "research_to_sale_ratio": null,
            "price_fair": 293.65,
            "eps_avg_yearly": 8.39,
            "eps_latest_yearly": 8.28,
            "eps_growth_yearly": 25.43
        },
        "20214": {
            "year_quarter": 20214,
            "year": 2021,
            "quarter": 4,
            "eps": 2.31,
            "eps_growth_year": 5.07,
            "eps_4q": 8.61,
            "eps_4q_growth_year": 8.94,
            "roe": 7.92,
            "roe_4q": 31.25,
            "gross_profit": 2721000,
            "gross_margin": 31.43,
            "gross_margin_4q_avg": 31.98,
            "net_income": 1442000,
            "net_income_4q": null,
            "revenue": 8657000,
            "revenue_4q": null,
            "common_shares": 958000,
            "book_valuer_per_share": -4.09,
            "book_valuer_per_share_4q_avg": -4.1,
            "equity": 18569000,
            "current_ratio": 130.06,
            "debt_ratio": 71.2,
            "inventory_turnover_ratio": 1.17,
            "account_receivable_turnover_ratio": 1.23,
            "reinvestment_rate": 3.94,
            "research_to_sale_ratio": null,
            "price_fair": 305.03,
            "eps_avg_yearly": 8.72,
            "eps_latest_yearly": 9.24,
            "eps_growth_yearly": 40.57
        },
        "20221": {
            "year_quarter": 20221,
            "year": 2022,
            "quarter": 1,
            "eps": 2.06,
            "eps_growth_year": -0.95,
            "eps_4q": 8.59,
            "eps_4q_growth_year": 11.44,
            "roe": 6.14,
            "roe_4q": 29.240000000000002,
            "gross_profit": 2702000,
            "gross_margin": 32.26,
            "gross_margin_4q_avg": 31.93,
            "net_income": 1134000,
            "net_income_4q": null,
            "revenue": 8376000,
            "revenue_4q": null,
            "common_shares": 958000,
            "book_valuer_per_share": -4.45,
            "book_valuer_per_share_4q_avg": -4.21,
            "equity": 18365000,
            "current_ratio": 121.24,
            "debt_ratio": 71.01,
            "inventory_turnover_ratio": 1.07,
            "account_receivable_turnover_ratio": 1.19,
            "reinvestment_rate": 2.64,
            "research_to_sale_ratio": null,
            "price_fair": 173,
            "eps_avg_yearly": 8.7,
            "eps_latest_yearly": 8.24,
            "eps_growth_yearly": 9.9
        },
        "20222": {
            "year_quarter": 20222,
            "year": 2022,
            "quarter": 2,
            "eps": 2.2,
            "eps_growth_year": 2.56,
            "eps_4q": 8.64,
            "eps_4q_growth_year": 8.44,
            "roe": 7.04,
            "roe_4q": 28.220000000000002,
            "gross_profit": 2907000,
            "gross_margin": 32.47,
            "gross_margin_4q_avg": 32.09,
            "net_income": 1263000,
            "net_income_4q": null,
            "revenue": 8953000,
            "revenue_4q": null,
            "common_shares": 958000,
            "book_valuer_per_share": -5.01,
            "book_valuer_per_share_4q_avg": -4.39,
            "equity": 17541000,
            "current_ratio": 119.55,
            "debt_ratio": 71.83,
            "inventory_turnover_ratio": 1.09,
            "account_receivable_turnover_ratio": 1.18,
            "reinvestment_rate": 1.44,
            "research_to_sale_ratio": null,
            "price_fair": 207.48,
            "eps_avg_yearly": 8.76,
            "eps_latest_yearly": 8.8,
            "eps_growth_yearly": 13.7
        },
        "20223": {
            "year_quarter": 20223,
            "year": 2022,
            "quarter": 3,
            "eps": 2.38,
            "eps_growth_year": 14.97,
            "eps_4q": 8.95,
            "eps_4q_growth_year": 5.37,
            "roe": 8.79,
            "roe_4q": 29.89,
            "gross_profit": 2970000,
            "gross_margin": 33.18,
            "gross_margin_4q_avg": 32.34,
            "net_income": 1549000,
            "net_income_4q": null,
            "revenue": 8951000,
            "revenue_4q": null,
            "common_shares": 958000,
            "book_valuer_per_share": -3.7,
            "book_valuer_per_share_4q_avg": -4.31,
            "equity": 17707000,
            "current_ratio": 124.39,
            "debt_ratio": 70.63,
            "inventory_turnover_ratio": 1.08,
            "account_receivable_turnover_ratio": 1.16,
            "reinvestment_rate": 4.48,
            "research_to_sale_ratio": null,
            "price_fair": 25.45,
            "eps_avg_yearly": 8.48,
            "eps_latest_yearly": 9.52,
            "eps_growth_yearly": -3.52
        },
        "20224": {
            "year_quarter": 20224,
            "year": 2022,
            "quarter": 4,
            "eps": 2.18,
            "eps_growth_year": -5.59,
            "eps_4q": 8.82,
            "eps_4q_growth_year": 2.5,
            "roe": 5.94,
            "roe_4q": 27.91,
            "gross_profit": 3062000,
            "gross_margin": 33.33,
            "gross_margin_4q_avg": 32.81,
            "net_income": 1021000,
            "net_income_4q": null,
            "revenue": 9186000,
            "revenue_4q": null,
            "common_shares": 958000,
            "book_valuer_per_share": -6.02,
            "book_valuer_per_share_4q_avg": -4.8,
            "equity": 16697000,
            "current_ratio": 125.3,
            "debt_ratio": 73.19,
            "inventory_turnover_ratio": 1.11,
            "account_receivable_turnover_ratio": 1.22,
            "reinvestment_rate": 2.8,
            "research_to_sale_ratio": null,
            "price_fair": 117.95,
            "eps_avg_yearly": 8.49,
            "eps_latest_yearly": 8.72,
            "eps_growth_yearly": 3.89
        },
        "20231": {
            "year_quarter": 20231,
            "year": 2023,
            "quarter": 1,
            "eps": 2.07,
            "eps_growth_year": 0.44,
            "eps_4q": 8.83,
            "eps_4q_growth_year": 2.85,
            "roe": 8.23,
            "roe_4q": 30,
            "gross_profit": 3366000,
            "gross_margin": 37.97,
            "gross_margin_4q_avg": 34.24,
            "net_income": 1408000,
            "net_income_4q": null,
            "revenue": 8864000,
            "revenue_4q": null,
            "common_shares": null,
            "book_valuer_per_share": -4.85,
            "book_valuer_per_share_4q_avg": -4.9,
            "equity": 17515000,
            "current_ratio": 125.78,
            "debt_ratio": 70.75,
            "inventory_turnover_ratio": 0.97,
            "account_receivable_turnover_ratio": 1.15,
            "reinvestment_rate": -1.28,
            "research_to_sale_ratio": 4.03,
            "price_fair": 121.27,
            "eps_avg_yearly": 8.51,
            "eps_latest_yearly": 8.28,
            "eps_growth_yearly": 4.26
        },
        "20232": {
            "year_quarter": 20232,
            "year": 2023,
            "quarter": 2,
            "eps": 2.35,
            "eps_growth_year": 6.89,
            "eps_4q": 8.98,
            "eps_4q_growth_year": 3.95,
            "roe": 8.62,
            "roe_4q": 31.580000000000002,
            "gross_profit": 3520000,
            "gross_margin": 38.49,
            "gross_margin_4q_avg": 35.74,
            "net_income": 1501000,
            "net_income_4q": null,
            "revenue": 9146000,
            "revenue_4q": null,
            "common_shares": 958000,
            "book_valuer_per_share": -6.13,
            "book_valuer_per_share_4q_avg": -5.18,
            "equity": 17299000,
            "current_ratio": 140.81,
            "debt_ratio": 72.25,
            "inventory_turnover_ratio": 0.96,
            "account_receivable_turnover_ratio": 1.14,
            "reinvestment_rate": 3.48,
            "research_to_sale_ratio": 4.1,
            "price_fair": 126.11,
            "eps_avg_yearly": 8.53,
            "eps_latest_yearly": 9.4,
            "eps_growth_yearly": 4.78
        },
        "20233": {
            "year_quarter": 20233,
            "year": 2023,
            "quarter": 3,
            "eps": 2.37,
            "eps_growth_year": -0.23,
            "eps_4q": 8.98,
            "eps_4q_growth_year": 0.29,
            "roe": 8.77,
            "roe_4q": 31.560000000000002,
            "gross_profit": 3542000,
            "gross_margin": 38.45,
            "gross_margin_4q_avg": 37.06,
            "net_income": 1515000,
            "net_income_4q": null,
            "revenue": 9212000,
            "revenue_4q": null,
            "common_shares": 958000,
            "book_valuer_per_share": -5.87,
            "book_valuer_per_share_4q_avg": -5.72,
            "equity": 17231000,
            "current_ratio": 135.37,
            "debt_ratio": 71.89,
            "inventory_turnover_ratio": 0.95,
            "account_receivable_turnover_ratio": 1.14,
            "reinvestment_rate": 3.31,
            "research_to_sale_ratio": 3.95,
            "price_fair": 134.38,
            "eps_avg_yearly": 8.58,
            "eps_latest_yearly": 9.48,
            "eps_growth_yearly": 5.66
        }
    },
    "months": {
        "2001-01": {
            "month": "2001-01",
            "price": "46.97",
            "revenue": 0
        },
        "2001-02": {
            "month": "2001-02",
            "price": "48.28",
            "revenue": 0
        },
        "2001-03": {
            "month": "2001-03",
            "price": "41.68",
            "revenue": 0
        },
        "2001-04": {
            "month": "2001-04",
            "price": "44.04",
            "revenue": 0
        },
        "2001-05": {
            "month": "2001-05",
            "price": "50.39",
            "revenue": 0
        },
        "2001-06": {
            "month": "2001-06",
            "price": "41.32",
            "revenue": 0
        },
        "2001-07": {
            "month": "2001-07",
            "price": "36.08",
            "revenue": 0
        },
        "2001-08": {
            "month": "2001-08",
            "price": "37.14",
            "revenue": 0
        },
        "2001-09": {
            "month": "2001-09",
            "price": "29.95",
            "revenue": 0
        },
        "2001-10": {
            "month": "2001-10",
            "price": "28.18",
            "revenue": 0
        },
        "2001-11": {
            "month": "2001-11",
            "price": "31.88",
            "revenue": 0
        },
        "2001-12": {
            "month": "2001-12",
            "price": "33.15",
            "revenue": 0
        },
        "2002-01": {
            "month": "2002-01",
            "price": "32.15",
            "revenue": 0
        },
        "2002-02": {
            "month": "2002-02",
            "price": "34.15",
            "revenue": 0
        },
        "2002-03": {
            "month": "2002-03",
            "price": "39.31",
            "revenue": 0
        },
        "2002-04": {
            "month": "2002-04",
            "price": "38.35",
            "revenue": 0
        },
        "2002-05": {
            "month": "2002-05",
            "price": "38.12",
            "revenue": 0
        },
        "2002-06": {
            "month": "2002-06",
            "price": "36.18",
            "revenue": 0
        },
        "2002-07": {
            "month": "2002-07",
            "price": "32.49",
            "revenue": 0
        },
        "2002-08": {
            "month": "2002-08",
            "price": "30.93",
            "revenue": 0
        },
        "2002-09": {
            "month": "2002-09",
            "price": "25.75",
            "revenue": 0
        },
        "2002-10": {
            "month": "2002-10",
            "price": "22.19",
            "revenue": 0
        },
        "2002-11": {
            "month": "2002-11",
            "price": "24.63",
            "revenue": 0
        },
        "2002-12": {
            "month": "2002-12",
            "price": "23.89",
            "revenue": 0
        },
        "2003-01": {
            "month": "2003-01",
            "price": "24.59",
            "revenue": 0
        },
        "2003-02": {
            "month": "2003-02",
            "price": "23.49",
            "revenue": 0
        },
        "2003-03": {
            "month": "2003-03",
            "price": "22.35",
            "revenue": 0
        },
        "2003-04": {
            "month": "2003-04",
            "price": "22.58",
            "revenue": 0
        },
        "2003-05": {
            "month": "2003-05",
            "price": "24.63",
            "revenue": 0
        },
        "2003-06": {
            "month": "2003-06",
            "price": "27.55",
            "revenue": 0
        },
        "2003-07": {
            "month": "2003-07",
            "price": "27.99",
            "revenue": 0
        },
        "2003-08": {
            "month": "2003-08",
            "price": "28.43",
            "revenue": 0
        },
        "2003-09": {
            "month": "2003-09",
            "price": "28.19",
            "revenue": 0
        },
        "2003-10": {
            "month": "2003-10",
            "price": "28.55",
            "revenue": 0
        },
        "2003-11": {
            "month": "2003-11",
            "price": "29.84",
            "revenue": 0
        },
        "2003-12": {
            "month": "2003-12",
            "price": "31.28",
            "revenue": 0
        },
        "2004-01": {
            "month": "2004-01",
            "price": "35.41",
            "revenue": 0
        },
        "2004-02": {
            "month": "2004-02",
            "price": "35.62",
            "revenue": 0
        },
        "2004-03": {
            "month": "2004-03",
            "price": "33.38",
            "revenue": 0
        },
        "2004-04": {
            "month": "2004-04",
            "price": "34.68",
            "revenue": 0
        },
        "2004-05": {
            "month": "2004-05",
            "price": "33.63",
            "revenue": 0
        },
        "2004-06": {
            "month": "2004-06",
            "price": "35.63",
            "revenue": 0
        },
        "2004-07": {
            "month": "2004-07",
            "price": "36.33",
            "revenue": 0
        },
        "2004-08": {
            "month": "2004-08",
            "price": "35.69",
            "revenue": 0
        },
        "2004-09": {
            "month": "2004-09",
            "price": "36.17",
            "revenue": 0
        },
        "2004-10": {
            "month": "2004-10",
            "price": "34.73",
            "revenue": 0
        },
        "2004-11": {
            "month": "2004-11",
            "price": "35.77",
            "revenue": 0
        },
        "2004-12": {
            "month": "2004-12",
            "price": "35.59",
            "revenue": 0
        },
        "2005-01": {
            "month": "2005-01",
            "price": "35.06",
            "revenue": 0
        },
        "2005-02": {
            "month": "2005-02",
            "price": "37.87",
            "revenue": 0
        },
        "2005-03": {
            "month": "2005-03",
            "price": "38.02",
            "revenue": 0
        },
        "2005-04": {
            "month": "2005-04",
            "price": "36.61",
            "revenue": 0
        },
        "2005-05": {
            "month": "2005-05",
            "price": "36.47",
            "revenue": 0
        },
        "2005-06": {
            "month": "2005-06",
            "price": "36.89",
            "revenue": 0
        },
        "2005-07": {
            "month": "2005-07",
            "price": "37.12",
            "revenue": 0
        },
        "2005-08": {
            "month": "2005-08",
            "price": "38.42",
            "revenue": 0
        },
        "2005-09": {
            "month": "2005-09",
            "price": "38.06",
            "revenue": 0
        },
        "2005-10": {
            "month": "2005-10",
            "price": "35.17",
            "revenue": 0
        },
        "2005-11": {
            "month": "2005-11",
            "price": "36.20",
            "revenue": 0
        },
        "2005-12": {
            "month": "2005-12",
            "price": "37.04",
            "revenue": 0
        },
        "2006-01": {
            "month": "2006-01",
            "price": "37.19",
            "revenue": 0
        },
        "2006-02": {
            "month": "2006-02",
            "price": "40.42",
            "revenue": 0
        },
        "2006-03": {
            "month": "2006-03",
            "price": "42.07",
            "revenue": 0
        },
        "2006-04": {
            "month": "2006-04",
            "price": "43.09",
            "revenue": 0
        },
        "2006-05": {
            "month": "2006-05",
            "price": "42.43",
            "revenue": 0
        },
        "2006-06": {
            "month": "2006-06",
            "price": "39.24",
            "revenue": 0
        },
        "2006-07": {
            "month": "2006-07",
            "price": "38.17",
            "revenue": 0
        },
        "2006-08": {
            "month": "2006-08",
            "price": "38.42",
            "revenue": 0
        },
        "2006-09": {
            "month": "2006-09",
            "price": "39.64",
            "revenue": 0
        },
        "2006-10": {
            "month": "2006-10",
            "price": "42.33",
            "revenue": 0
        },
        "2006-11": {
            "month": "2006-11",
            "price": "42.58",
            "revenue": 0
        },
        "2006-12": {
            "month": "2006-12",
            "price": "43.63",
            "revenue": 0
        },
        "2007-01": {
            "month": "2007-01",
            "price": "44.96",
            "revenue": 0
        },
        "2007-02": {
            "month": "2007-02",
            "price": "46.94",
            "revenue": 0
        },
        "2007-03": {
            "month": "2007-03",
            "price": "46.83",
            "revenue": 0
        },
        "2007-04": {
            "month": "2007-04",
            "price": "49.32",
            "revenue": 0
        },
        "2007-05": {
            "month": "2007-05",
            "price": "57.04",
            "revenue": 0
        },
        "2007-06": {
            "month": "2007-06",
            "price": "57.14",
            "revenue": 0
        },
        "2007-07": {
            "month": "2007-07",
            "price": "59.49",
            "revenue": 0
        },
        "2007-08": {
            "month": "2007-08",
            "price": "56.49",
            "revenue": 0
        },
        "2007-09": {
            "month": "2007-09",
            "price": "57.20",
            "revenue": 0
        },
        "2007-10": {
            "month": "2007-10",
            "price": "60.06",
            "revenue": 0
        },
        "2007-11": {
            "month": "2007-11",
            "price": "56.88",
            "revenue": 0
        },
        "2007-12": {
            "month": "2007-12",
            "price": "59.75",
            "revenue": 0
        },
        "2008-01": {
            "month": "2008-01",
            "price": "57.52",
            "revenue": 0
        },
        "2008-02": {
            "month": "2008-02",
            "price": "58.04",
            "revenue": 0
        },
        "2008-03": {
            "month": "2008-03",
            "price": "56.39",
            "revenue": 0
        },
        "2008-04": {
            "month": "2008-04",
            "price": "58.58",
            "revenue": 0
        },
        "2008-05": {
            "month": "2008-05",
            "price": "60.33",
            "revenue": 0
        },
        "2008-06": {
            "month": "2008-06",
            "price": "54.45",
            "revenue": 0
        },
        "2008-07": {
            "month": "2008-07",
            "price": "50.61",
            "revenue": 0
        },
        "2008-08": {
            "month": "2008-08",
            "price": "50.21",
            "revenue": 0
        },
        "2008-09": {
            "month": "2008-09",
            "price": "45.57",
            "revenue": 0
        },
        "2008-10": {
            "month": "2008-10",
            "price": "31.52",
            "revenue": 0
        },
        "2008-11": {
            "month": "2008-11",
            "price": "27.61",
            "revenue": 0
        },
        "2008-12": {
            "month": "2008-12",
            "price": "29.92",
            "revenue": 0
        },
        "2009-01": {
            "month": "2009-01",
            "price": "33.42",
            "revenue": 0
        },
        "2009-02": {
            "month": "2009-02",
            "price": "30.75",
            "revenue": 0
        },
        "2009-03": {
            "month": "2009-03",
            "price": "26.92",
            "revenue": 0
        },
        "2009-04": {
            "month": "2009-04",
            "price": "30.51",
            "revenue": 0
        },
        "2009-05": {
            "month": "2009-05",
            "price": "32.56",
            "revenue": 0
        },
        "2009-06": {
            "month": "2009-06",
            "price": "33.70",
            "revenue": 0
        },
        "2009-07": {
            "month": "2009-07",
            "price": "32.31",
            "revenue": 0
        },
        "2009-08": {
            "month": "2009-08",
            "price": "36.09",
            "revenue": 0
        },
        "2009-09": {
            "month": "2009-09",
            "price": "38.40",
            "revenue": 0
        },
        "2009-10": {
            "month": "2009-10",
            "price": "37.14",
            "revenue": 0
        },
        "2009-11": {
            "month": "2009-11",
            "price": "38.30",
            "revenue": 0
        },
        "2009-12": {
            "month": "2009-12",
            "price": "40.03",
            "revenue": 0
        },
        "2010-01": {
            "month": "2010-01",
            "price": "41.14",
            "revenue": 0
        },
        "2010-02": {
            "month": "2010-02",
            "price": "38.98",
            "revenue": 0
        },
        "2010-03": {
            "month": "2010-03",
            "price": "43.01",
            "revenue": 0
        },
        "2010-04": {
            "month": "2010-04",
            "price": "46.43",
            "revenue": 0
        },
        "2010-05": {
            "month": "2010-05",
            "price": "44.47",
            "revenue": 0
        },
        "2010-06": {
            "month": "2010-06",
            "price": "41.55",
            "revenue": 0
        },
        "2010-07": {
            "month": "2010-07",
            "price": "41.40",
            "revenue": 0
        },
        "2010-08": {
            "month": "2010-08",
            "price": "41.46",
            "revenue": 0
        },
        "2010-09": {
            "month": "2010-09",
            "price": "43.27",
            "revenue": 0
        },
        "2010-10": {
            "month": "2010-10",
            "price": "46.17",
            "revenue": 0
        },
        "2010-11": {
            "month": "2010-11",
            "price": "48.87",
            "revenue": 0
        },
        "2010-12": {
            "month": "2010-12",
            "price": "52.42",
            "revenue": 0
        },
        "2011-01": {
            "month": "2011-01",
            "price": "54.74",
            "revenue": 0
        },
        "2011-02": {
            "month": "2011-02",
            "price": "57.21",
            "revenue": 0
        },
        "2011-03": {
            "month": "2011-03",
            "price": "56.87",
            "revenue": 0
        },
        "2011-04": {
            "month": "2011-04",
            "price": "59.08",
            "revenue": 0
        },
        "2011-05": {
            "month": "2011-05",
            "price": "60.04",
            "revenue": 0
        },
        "2011-06": {
            "month": "2011-06",
            "price": "56.99",
            "revenue": 0
        },
        "2011-07": {
            "month": "2011-07",
            "price": "57.20",
            "revenue": 0
        },
        "2011-08": {
            "month": "2011-08",
            "price": "46.34",
            "revenue": 0
        },
        "2011-09": {
            "month": "2011-09",
            "price": "45.16",
            "revenue": 0
        },
        "2011-10": {
            "month": "2011-10",
            "price": "48.62",
            "revenue": 0
        },
        "2011-11": {
            "month": "2011-11",
            "price": "52.73",
            "revenue": 0
        },
        "2011-12": {
            "month": "2011-12",
            "price": "53.77",
            "revenue": 0
        },
        "2012-01": {
            "month": "2012-01",
            "price": "57.07",
            "revenue": 0
        },
        "2012-02": {
            "month": "2012-02",
            "price": "59.68",
            "revenue": 0
        },
        "2012-03": {
            "month": "2012-03",
            "price": "60.00",
            "revenue": 0
        },
        "2012-04": {
            "month": "2012-04",
            "price": "59.27",
            "revenue": 0
        },
        "2012-05": {
            "month": "2012-05",
            "price": "57.92",
            "revenue": 0
        },
        "2012-06": {
            "month": "2012-06",
            "price": "54.94",
            "revenue": 0
        },
        "2012-07": {
            "month": "2012-07",
            "price": "56.17",
            "revenue": 0
        },
        "2012-08": {
            "month": "2012-08",
            "price": "58.64",
            "revenue": 0
        },
        "2012-09": {
            "month": "2012-09",
            "price": "59.99",
            "revenue": 0
        },
        "2012-10": {
            "month": "2012-10",
            "price": "61.23",
            "revenue": 0
        },
        "2012-11": {
            "month": "2012-11",
            "price": "61.18",
            "revenue": 0
        },
        "2012-12": {
            "month": "2012-12",
            "price": "62.52",
            "revenue": 0
        },
        "2013-01": {
            "month": "2013-01",
            "price": "67.20",
            "revenue": 0
        },
        "2013-02": {
            "month": "2013-02",
            "price": "69.94",
            "revenue": 0
        },
        "2013-03": {
            "month": "2013-03",
            "price": "73.48",
            "revenue": 0
        },
        "2013-04": {
            "month": "2013-04",
            "price": "73.72",
            "revenue": 0
        },
        "2013-05": {
            "month": "2013-05",
            "price": "78.15",
            "revenue": 0
        },
        "2013-06": {
            "month": "2013-06",
            "price": "78.52",
            "revenue": 0
        },
        "2013-07": {
            "month": "2013-07",
            "price": "81.91",
            "revenue": 0
        },
        "2013-08": {
            "month": "2013-08",
            "price": "82.19",
            "revenue": 0
        },
        "2013-09": {
            "month": "2013-09",
            "price": "83.79",
            "revenue": 0
        },
        "2013-10": {
            "month": "2013-10",
            "price": "85.07",
            "revenue": 0
        },
        "2013-11": {
            "month": "2013-11",
            "price": "87.65",
            "revenue": 0
        },
        "2013-12": {
            "month": "2013-12",
            "price": "88.45",
            "revenue": 0
        },
        "2014-01": {
            "month": "2014-01",
            "price": "90.22",
            "revenue": 0
        },
        "2014-02": {
            "month": "2014-02",
            "price": "93.05",
            "revenue": 0
        },
        "2014-03": {
            "month": "2014-03",
            "price": "93.16",
            "revenue": 0
        },
        "2014-04": {
            "month": "2014-04",
            "price": "92.73",
            "revenue": 0
        },
        "2014-05": {
            "month": "2014-05",
            "price": "92.33",
            "revenue": 0
        },
        "2014-06": {
            "month": "2014-06",
            "price": "94.07",
            "revenue": 0
        },
        "2014-07": {
            "month": "2014-07",
            "price": "95.18",
            "revenue": 0
        },
        "2014-08": {
            "month": "2014-08",
            "price": "93.91",
            "revenue": 0
        },
        "2014-09": {
            "month": "2014-09",
            "price": "94.64",
            "revenue": 0
        },
        "2014-10": {
            "month": "2014-10",
            "price": "91.16",
            "revenue": 0
        },
        "2014-11": {
            "month": "2014-11",
            "price": "97.18",
            "revenue": 0
        },
        "2014-12": {
            "month": "2014-12",
            "price": "99.28",
            "revenue": 0
        },
        "2015-01": {
            "month": "2015-01",
            "price": "99.36",
            "revenue": 0
        },
        "2015-02": {
            "month": "2015-02",
            "price": "103.07",
            "revenue": 0
        },
        "2015-03": {
            "month": "2015-03",
            "price": "103.05",
            "revenue": 0
        },
        "2015-04": {
            "month": "2015-04",
            "price": "103.05",
            "revenue": 0
        },
        "2015-05": {
            "month": "2015-05",
            "price": "104.23",
            "revenue": 0
        },
        "2015-06": {
            "month": "2015-06",
            "price": "104.05",
            "revenue": 0
        },
        "2015-07": {
            "month": "2015-07",
            "price": "103.70",
            "revenue": 0
        },
        "2015-08": {
            "month": "2015-08",
            "price": "102.92",
            "revenue": 0
        },
        "2015-09": {
            "month": "2015-09",
            "price": "97.16",
            "revenue": 0
        },
        "2015-10": {
            "month": "2015-10",
            "price": "99.98",
            "revenue": 0
        },
        "2015-11": {
            "month": "2015-11",
            "price": "103.48",
            "revenue": 0
        },
        "2015-12": {
            "month": "2015-12",
            "price": "102.85",
            "revenue": 0
        },
        "2016-01": {
            "month": "2016-01",
            "price": "98.82",
            "revenue": 0
        },
        "2016-02": {
            "month": "2016-02",
            "price": "103.39",
            "revenue": 0
        },
        "2016-03": {
            "month": "2016-03",
            "price": "109.83",
            "revenue": 0
        },
        "2016-04": {
            "month": "2016-04",
            "price": "113.87",
            "revenue": 0
        },
        "2016-05": {
            "month": "2016-05",
            "price": "113.81",
            "revenue": 0
        },
        "2016-06": {
            "month": "2016-06",
            "price": "115.43",
            "revenue": 0
        },
        "2016-07": {
            "month": "2016-07",
            "price": "117.47",
            "revenue": 0
        },
        "2016-08": {
            "month": "2016-08",
            "price": "116.35",
            "revenue": 0
        },
        "2016-09": {
            "month": "2016-09",
            "price": "115.10",
            "revenue": 0
        },
        "2016-10": {
            "month": "2016-10",
            "price": "109.69",
            "revenue": 0
        },
        "2016-11": {
            "month": "2016-11",
            "price": "112.02",
            "revenue": 0
        },
        "2016-12": {
            "month": "2016-12",
            "price": "116.00",
            "revenue": 0
        },
        "2017-01": {
            "month": "2017-01",
            "price": "117.76",
            "revenue": 0
        },
        "2017-02": {
            "month": "2017-02",
            "price": "122.41",
            "revenue": 0
        },
        "2017-03": {
            "month": "2017-03",
            "price": "126.01",
            "revenue": 0
        },
        "2017-04": {
            "month": "2017-04",
            "price": "125.53",
            "revenue": 0
        },
        "2017-05": {
            "month": "2017-05",
            "price": "131.75",
            "revenue": 0
        },
        "2017-06": {
            "month": "2017-06",
            "price": "133.84",
            "revenue": 0
        },
        "2017-07": {
            "month": "2017-07",
            "price": "135.55",
            "revenue": 0
        },
        "2017-08": {
            "month": "2017-08",
            "price": "137.54",
            "revenue": 0
        },
        "2017-09": {
            "month": "2017-09",
            "price": "138.84",
            "revenue": 0
        },
        "2017-10": {
            "month": "2017-10",
            "price": "144.06",
            "revenue": 0
        },
        "2017-11": {
            "month": "2017-11",
            "price": "148.00",
            "revenue": 0
        },
        "2017-12": {
            "month": "2017-12",
            "price": "153.86",
            "revenue": 0
        },
        "2018-01": {
            "month": "2018-01",
            "price": "158.04",
            "revenue": 0
        },
        "2018-02": {
            "month": "2018-02",
            "price": "152.48",
            "revenue": 0
        },
        "2018-03": {
            "month": "2018-03",
            "price": "148.92",
            "revenue": 0
        },
        "2018-04": {
            "month": "2018-04",
            "price": "146.23",
            "revenue": 0
        },
        "2018-05": {
            "month": "2018-05",
            "price": "147.37",
            "revenue": 0
        },
        "2018-06": {
            "month": "2018-06",
            "price": "148.22",
            "revenue": 0
        },
        "2018-07": {
            "month": "2018-07",
            "price": "150.59",
            "revenue": 0
        },
        "2018-08": {
            "month": "2018-08",
            "price": "156.20",
            "revenue": 0
        },
        "2018-09": {
            "month": "2018-09",
            "price": "164.71",
            "revenue": 0
        },
        "2018-10": {
            "month": "2018-10",
            "price": "155.32",
            "revenue": 0
        },
        "2018-11": {
            "month": "2018-11",
            "price": "146.57",
            "revenue": 0
        },
        "2018-12": {
            "month": "2018-12",
            "price": "135.37",
            "revenue": 0
        },
        "2019-01": {
            "month": "2019-01",
            "price": "138.36",
            "revenue": 0
        },
        "2019-02": {
            "month": "2019-02",
            "price": "151.13",
            "revenue": 0
        },
        "2019-03": {
            "month": "2019-03",
            "price": "155.58",
            "revenue": 0
        },
        "2019-04": {
            "month": "2019-04",
            "price": "165.18",
            "revenue": 0
        },
        "2019-05": {
            "month": "2019-05",
            "price": "168.90",
            "revenue": 0
        },
        "2019-06": {
            "month": "2019-06",
            "price": "172.65",
            "revenue": 0
        },
        "2019-07": {
            "month": "2019-07",
            "price": "174.62",
            "revenue": 0
        },
        "2019-08": {
            "month": "2019-08",
            "price": "163.64",
            "revenue": 0
        },
        "2019-09": {
            "month": "2019-09",
            "price": "167.95",
            "revenue": 0
        },
        "2019-10": {
            "month": "2019-10",
            "price": "166.26",
            "revenue": 0
        },
        "2019-11": {
            "month": "2019-11",
            "price": "179.41",
            "revenue": 0
        },
        "2019-12": {
            "month": "2019-12",
            "price": "175.65",
            "revenue": 0
        },
        "2020-01": {
            "month": "2020-01",
            "price": "178.67",
            "revenue": 0
        },
        "2020-02": {
            "month": "2020-02",
            "price": "175.06",
            "revenue": 0
        },
        "2020-03": {
            "month": "2020-03",
            "price": "140.17",
            "revenue": 0
        },
        "2020-04": {
            "month": "2020-04",
            "price": "136.55",
            "revenue": 0
        },
        "2020-05": {
            "month": "2020-05",
            "price": "135.76",
            "revenue": 0
        },
        "2020-06": {
            "month": "2020-06",
            "price": "148.30",
            "revenue": 0
        },
        "2020-07": {
            "month": "2020-07",
            "price": "149.28",
            "revenue": 0
        },
        "2020-08": {
            "month": "2020-08",
            "price": "158.53",
            "revenue": 0
        },
        "2020-09": {
            "month": "2020-09",
            "price": "165.56",
            "revenue": 0
        },
        "2020-10": {
            "month": "2020-10",
            "price": "170.46",
            "revenue": 0
        },
        "2020-11": {
            "month": "2020-11",
            "price": "197.48",
            "revenue": 0
        },
        "2020-12": {
            "month": "2020-12",
            "price": "210.74",
            "revenue": 0
        },
        "2021-01": {
            "month": "2021-01",
            "price": "205.95",
            "revenue": 0
        },
        "2021-02": {
            "month": "2021-02",
            "price": "202.70",
            "revenue": 0
        },
        "2021-03": {
            "month": "2021-03",
            "price": "211.86",
            "revenue": 0
        },
        "2021-04": {
            "month": "2021-04",
            "price": "225.06",
            "revenue": 0
        },
        "2021-05": {
            "month": "2021-05",
            "price": "225.72",
            "revenue": 0
        },
        "2021-06": {
            "month": "2021-06",
            "price": "222.20",
            "revenue": 0
        },
        "2021-07": {
            "month": "2021-07",
            "price": "226.95",
            "revenue": 0
        },
        "2021-08": {
            "month": "2021-08",
            "price": "230.78",
            "revenue": 0
        },
        "2021-09": {
            "month": "2021-09",
            "price": "220.57",
            "revenue": 0
        },
        "2021-10": {
            "month": "2021-10",
            "price": "218.08",
            "revenue": 0
        },
        "2021-11": {
            "month": "2021-11",
            "price": "219.17",
            "revenue": 0
        },
        "2021-12": {
            "month": "2021-12",
            "price": "205.75",
            "revenue": 0
        },
        "2022-01": {
            "month": "2022-01",
            "price": "209.57",
            "revenue": 0
        },
        "2022-02": {
            "month": "2022-02",
            "price": "190.14",
            "revenue": 0
        },
        "2022-03": {
            "month": "2022-03",
            "price": "189.99",
            "revenue": 0
        },
        "2022-04": {
            "month": "2022-04",
            "price": "192.70",
            "revenue": 0
        },
        "2022-05": {
            "month": "2022-05",
            "price": "194.41",
            "revenue": 0
        },
        "2022-06": {
            "month": "2022-06",
            "price": "184.56",
            "revenue": 0
        },
        "2022-07": {
            "month": "2022-07",
            "price": "177.22",
            "revenue": 0
        },
        "2022-08": {
            "month": "2022-08",
            "price": "196.31",
            "revenue": 0
        },
        "2022-09": {
            "month": "2022-09",
            "price": "179.46",
            "revenue": 0
        },
        "2022-10": {
            "month": "2022-10",
            "price": "181.64",
            "revenue": 0
        },
        "2022-11": {
            "month": "2022-11",
            "price": "212.90",
            "revenue": 0
        },
        "2022-12": {
            "month": "2022-12",
            "price": "213.57",
            "revenue": 0
        },
        "2023-01": {
            "month": "2023-01",
            "price": "208.75",
            "revenue": 0
        },
        "2023-02": {
            "month": "2023-02",
            "price": "199.91",
            "revenue": 0
        },
        "2023-03": {
            "month": "2023-03",
            "price": "191.09",
            "revenue": 0
        },
        "2023-04": {
            "month": "2023-04",
            "price": "194.80",
            "revenue": 0
        },
        "2023-05": {
            "month": "2023-05",
            "price": "195.63",
            "revenue": 0
        },
        "2023-06": {
            "month": "2023-06",
            "price": "200.61",
            "revenue": 0
        },
        "2023-07": {
            "month": "2023-07",
            "price": "205.50",
            "revenue": 0
        },
        "2023-08": {
            "month": "2023-08",
            "price": "188.42",
            "revenue": 0
        },
        "2023-09": {
            "month": "2023-09",
            "price": "189.29",
            "revenue": 0
        },
        "2023-10": {
            "month": "2023-10",
            "price": "182.47",
            "revenue": 0
        },
        "2023-11": {
            "month": "2023-11",
            "price": "189.66",
            "revenue": 0
        },
        "2023-12": {
            "month": "2023-12",
            "price": "202.72",
            "revenue": 0
        }
    }
}
