{
    "summary": {
        "stock_name": "International Business Machines Corp",
        "stock_id": "IBM",
        "category": "Computer and Technology",
        "main_business": "國際商業機器公司於1911年6月16日在紐約州註冊成立，前身為Computing-Tabulating-Recording Co.(C-T-R)，合併了Computing Scale Co. of America、The Tabulating Machine Co.和The International Time Recording Co. of New York三家公司。自那時以來，IBM一直專注於業務洞察力和技術創新的交集，其運營和目標本質上是國際性的。這是在1924年C-T-R更名為國際商業機器公司時發出的。公司透過利用資料，資訊科技，行業和業務流程的深厚專業知識以及廣泛的合作伙伴和聯盟生態系統的整合解決方案和產品為客戶創造價值。 IBM解決方案通常為客戶提供新功能，從而創造價值，改變他們的業務並幫助他們以新的方式與客戶和員工互動。這些解決方案來自行業領先的諮詢和IT實施服務，雲和認知產品以及企業系統和軟體產品組合，所有這些都得到了世界領先的研究機構之一的支援。",
        "website_url": "https://www.ibm.com/",
        "ceo": "Arvind Krishna",
        "pe_ratio": 15,
        "report_year_from": 1993,
        "report_year_to": 2023,
        "age": 30,
        "eps_negative_percentage": 0,
        "eps_growth_avg": {
            "last_all": 7.19,
            "last_2y": 10.89,
            "last_4y": -2.78,
            "last_8y": -1.9,
            "last_12y": 2.25,
            "last_16y": 7.88,
            "last_20y": 7.19,
            "at_2006_last_3y": 26.6,
            "at_2007_last_3y": 15.15,
            "at_2008_last_3y": 20.99,
            "at_2009_last_3y": 26.18,
            "at_2010_last_3y": 19.66,
            "at_2011_last_3y": 17.78,
            "at_2012_last_3y": 13.23,
            "at_2013_last_3y": 11.58,
            "at_2014_last_3y": 8.02,
            "at_2015_last_3y": 1.39,
            "at_2016_last_3y": 0.84,
            "at_2017_last_3y": -0.8,
            "at_2018_last_3y": -2.3,
            "at_2019_last_3y": -10.37,
            "at_2020_last_3y": 5.32,
            "at_2021_last_3y": -6.63,
            "at_2022_last_3y": -3.65,
            "at_2023_last_3y": -3.65,
            "at_2006_last_all": 12.82,
            "at_2007_last_all": 13.87,
            "at_2008_last_all": 15.23,
            "at_2009_last_all": 15.23,
            "at_2010_last_all": 15.86,
            "at_2011_last_all": 15.44,
            "at_2012_last_all": 14.5,
            "at_2013_last_all": 14.01,
            "at_2014_last_all": 13.45,
            "at_2015_last_all": 11.42,
            "at_2016_last_all": 10.86,
            "at_2017_last_all": 10.31,
            "at_2018_last_all": 9.74,
            "at_2019_last_all": 6.58,
            "at_2020_last_all": 9.69,
            "at_2021_last_all": 6.92,
            "at_2022_last_all": 7.19,
            "at_2023_last_all": 7.19
        },
        "latest_eps": 8.44,
        "latest_price": 126.76,
        "latest_roe": 9.64,
        "latest_gross_margin": 52.69,
        "latest_equity": 21604000,
        "latest_revenue": 14252000,
        "latest_gross_profit": 7509000,
        "latest_net_income": 929000,
        "latest_debt_ratio": 83.83,
        "latest_current_ratio": 116.1,
        "latest_account_receivable_turnover_ratio": 1.03,
        "latest_inventory_turnover_ratio": 4.27,
        "latest_reinvestment_rate": -41.39,
        "latest_research_to_sale_ratio": 11.61
    },
    "eps_dividends": {
        "1995": {
            "cash": 0,
            "stock": 0,
            "eps": 0
        },
        "1996": {
            "cash": 0,
            "stock": 0,
            "eps": 0
        },
        "1997": {
            "cash": 0,
            "stock": 0,
            "eps": 0
        },
        "1998": {
            "cash": 0,
            "stock": 0,
            "eps": 0
        },
        "1999": {
            "cash": 0,
            "stock": 0,
            "eps": 0
        },
        "2000": {
            "cash": 0,
            "stock": 0,
            "eps": 0
        },
        "2001": {
            "cash": 0,
            "stock": 0,
            "eps": 4.59
        },
        "2002": {
            "cash": 0,
            "stock": 0,
            "eps": 2.65
        },
        "2003": {
            "cash": 0,
            "stock": 0,
            "eps": 4.37
        },
        "2004": {
            "cash": 0,
            "stock": 0,
            "eps": 4.37
        },
        "2005": {
            "cash": 0,
            "stock": 0,
            "eps": 4.13
        },
        "2006": {
            "cash": 0,
            "stock": 0,
            "eps": 6.07
        },
        "2007": {
            "cash": 0,
            "stock": 0,
            "eps": 7.23
        },
        "2008": {
            "cash": 3,
            "stock": 0,
            "eps": 8.92
        },
        "2009": {
            "cash": 4,
            "stock": 0,
            "eps": 10.28
        },
        "2010": {
            "cash": 4,
            "stock": 0,
            "eps": 12.43
        },
        "2011": {
            "cash": 4,
            "stock": 0,
            "eps": 13.87
        },
        "2012": {
            "cash": 4,
            "stock": 0,
            "eps": 14.59
        },
        "2013": {
            "cash": 4,
            "stock": 0,
            "eps": 15.85
        },
        "2014": {
            "cash": 4,
            "stock": 0,
            "eps": 16.91
        },
        "2015": {
            "cash": 4,
            "stock": 0,
            "eps": 14.38
        },
        "2016": {
            "cash": 4,
            "stock": 0,
            "eps": 14.81
        },
        "2017": {
            "cash": 7,
            "stock": 0,
            "eps": 15.12
        },
        "2018": {
            "cash": 8,
            "stock": 0,
            "eps": 15.22
        },
        "2019": {
            "cash": 8,
            "stock": 0,
            "eps": 8.03
        },
        "2020": {
            "cash": 8,
            "stock": 0,
            "eps": 13.31
        },
        "2021": {
            "cash": 8,
            "stock": 0,
            "eps": 7.23
        },
        "2022": {
            "cash": 8,
            "stock": 0,
            "eps": 8.14
        },
        "2023": {
            "cash": 4,
            "stock": 0,
            "eps": 1.08
        }
    },
    "dividends": {
        "1995-06-10": {
            "cash": 0.06,
            "stock": 0
        },
        "1995-09-09": {
            "cash": 0.06,
            "stock": 0
        },
        "1996-03-09": {
            "cash": 0.06,
            "stock": 0
        },
        "1996-06-10": {
            "cash": 0.09,
            "stock": 0
        },
        "1996-09-10": {
            "cash": 0.09,
            "stock": 0
        },
        "1997-03-10": {
            "cash": 0.09,
            "stock": 0
        },
        "1997-06-10": {
            "cash": 0.2,
            "stock": 0
        },
        "1997-09-10": {
            "cash": 0.1,
            "stock": 0
        },
        "1998-03-10": {
            "cash": 0.1,
            "stock": 0
        },
        "1998-06-10": {
            "cash": 0.11,
            "stock": 0
        },
        "1998-09-10": {
            "cash": 0.11,
            "stock": 0
        },
        "1998-12-10": {
            "cash": 0.11,
            "stock": 0
        },
        "1999-03-10": {
            "cash": 0.11,
            "stock": 0
        },
        "1999-06-10": {
            "cash": 0.24,
            "stock": 0
        },
        "1999-09-10": {
            "cash": 0.12,
            "stock": 0
        },
        "2000-03-10": {
            "cash": 0.12,
            "stock": 0
        },
        "2000-06-10": {
            "cash": 0.13,
            "stock": 0
        },
        "2000-09-09": {
            "cash": 0.13,
            "stock": 0
        },
        "2001-03-10": {
            "cash": 0.13,
            "stock": 0
        },
        "2001-06-09": {
            "cash": 0.14,
            "stock": 0
        },
        "2001-09-10": {
            "cash": 0.14,
            "stock": 0
        },
        "2002-03-09": {
            "cash": 0.14,
            "stock": 0
        },
        "2002-06-10": {
            "cash": 0.15,
            "stock": 0
        },
        "2002-09-10": {
            "cash": 0.15,
            "stock": 0
        },
        "2002-12-10": {
            "cash": 0.15,
            "stock": 0
        },
        "2003-03-10": {
            "cash": 0.15,
            "stock": 0
        },
        "2003-06-10": {
            "cash": 0.16,
            "stock": 0
        },
        "2003-09-10": {
            "cash": 0.16,
            "stock": 0
        },
        "2003-12-10": {
            "cash": 0.16,
            "stock": 0
        },
        "2004-03-10": {
            "cash": 0.16,
            "stock": 0
        },
        "2004-06-10": {
            "cash": 0.18,
            "stock": 0
        },
        "2004-09-10": {
            "cash": 0.18,
            "stock": 0
        },
        "2004-12-10": {
            "cash": 0.18,
            "stock": 0
        },
        "2005-03-10": {
            "cash": 0.18,
            "stock": 0
        },
        "2005-06-10": {
            "cash": 0.2,
            "stock": 0
        },
        "2005-09-10": {
            "cash": 0.2,
            "stock": 0
        },
        "2005-12-10": {
            "cash": 0.2,
            "stock": 0
        },
        "2006-03-10": {
            "cash": 0.2,
            "stock": 0
        },
        "2006-06-10": {
            "cash": 0.3,
            "stock": 0
        },
        "2006-09-09": {
            "cash": 0.3,
            "stock": 0
        },
        "2006-12-09": {
            "cash": 0.3,
            "stock": 0
        },
        "2007-03-10": {
            "cash": 0.3,
            "stock": 0
        },
        "2007-06-09": {
            "cash": 0.4,
            "stock": 0
        },
        "2007-09-10": {
            "cash": 0.4,
            "stock": 0
        },
        "2007-12-10": {
            "cash": 0.4,
            "stock": 0
        },
        "2008-03-10": {
            "cash": 0.4,
            "stock": 0
        },
        "2008-06-10": {
            "cash": 0.5,
            "stock": 0
        },
        "2008-09-10": {
            "cash": 0.5,
            "stock": 0
        },
        "2008-12-10": {
            "cash": 0.5,
            "stock": 0
        },
        "2009-03-10": {
            "cash": 0.5,
            "stock": 0
        },
        "2009-06-10": {
            "cash": 0.55,
            "stock": 0
        },
        "2009-09-10": {
            "cash": 0.55,
            "stock": 0
        },
        "2009-12-10": {
            "cash": 0.55,
            "stock": 0
        },
        "2010-03-10": {
            "cash": 0.55,
            "stock": 0
        },
        "2010-06-10": {
            "cash": 0.65,
            "stock": 0
        },
        "2010-09-10": {
            "cash": 0.65,
            "stock": 0
        },
        "2010-12-10": {
            "cash": 0.65,
            "stock": 0
        },
        "2011-03-10": {
            "cash": 0.65,
            "stock": 0
        },
        "2011-06-10": {
            "cash": 0.75,
            "stock": 0
        },
        "2011-09-10": {
            "cash": 0.75,
            "stock": 0
        },
        "2011-12-10": {
            "cash": 0.75,
            "stock": 0
        },
        "2012-03-10": {
            "cash": 0.75,
            "stock": 0
        },
        "2012-06-09": {
            "cash": 0.85,
            "stock": 0
        },
        "2012-09-10": {
            "cash": 0.85,
            "stock": 0
        },
        "2012-12-10": {
            "cash": 0.85,
            "stock": 0
        },
        "2013-03-09": {
            "cash": 0.85,
            "stock": 0
        },
        "2013-06-10": {
            "cash": 0.95,
            "stock": 0
        },
        "2013-09-10": {
            "cash": 0.95,
            "stock": 0
        },
        "2013-12-10": {
            "cash": 0.95,
            "stock": 0
        },
        "2014-03-10": {
            "cash": 0.95,
            "stock": 0
        },
        "2014-06-10": {
            "cash": 1.1,
            "stock": 0
        },
        "2014-09-10": {
            "cash": 1.1,
            "stock": 0
        },
        "2014-12-10": {
            "cash": 1.1,
            "stock": 0
        },
        "2015-03-10": {
            "cash": 1.1,
            "stock": 0
        },
        "2015-06-10": {
            "cash": 1.3,
            "stock": 0
        },
        "2015-09-10": {
            "cash": 1.3,
            "stock": 0
        },
        "2015-12-10": {
            "cash": 1.3,
            "stock": 0
        },
        "2016-03-10": {
            "cash": 1.3,
            "stock": 0
        },
        "2016-06-10": {
            "cash": 1.4,
            "stock": 0
        },
        "2016-09-10": {
            "cash": 1.4,
            "stock": 0
        },
        "2016-12-10": {
            "cash": 1.4,
            "stock": 0
        },
        "2017-03-10": {
            "cash": 1.4,
            "stock": 0
        },
        "2017-06-10": {
            "cash": 1.5,
            "stock": 0
        },
        "2017-09-09": {
            "cash": 1.5,
            "stock": 0
        },
        "2017-12-09": {
            "cash": 1.5,
            "stock": 0
        },
        "2018-03-10": {
            "cash": 1.5,
            "stock": 0
        },
        "2018-06-09": {
            "cash": 1.57,
            "stock": 0
        },
        "2018-09-10": {
            "cash": 1.57,
            "stock": 0
        },
        "2018-12-10": {
            "cash": 1.57,
            "stock": 0
        },
        "2019-03-09": {
            "cash": 1.57,
            "stock": 0
        },
        "2019-06-10": {
            "cash": 1.62,
            "stock": 0
        },
        "2019-09-10": {
            "cash": 1.62,
            "stock": 0
        },
        "2019-12-10": {
            "cash": 1.62,
            "stock": 0
        },
        "2020-03-10": {
            "cash": 1.62,
            "stock": 0
        },
        "2020-06-10": {
            "cash": 1.63,
            "stock": 0
        },
        "2020-09-10": {
            "cash": 1.63,
            "stock": 0
        },
        "2020-12-10": {
            "cash": 1.63,
            "stock": 0
        },
        "2021-03-10": {
            "cash": 1.63,
            "stock": 0
        },
        "2021-06-10": {
            "cash": 1.64,
            "stock": 0
        },
        "2021-09-10": {
            "cash": 1.64,
            "stock": 0
        },
        "2021-12-10": {
            "cash": 1.64,
            "stock": 0
        },
        "2022-03-10": {
            "cash": 1.64,
            "stock": 0
        },
        "2022-06-10": {
            "cash": 1.65,
            "stock": 0
        },
        "2022-09-10": {
            "cash": 1.65,
            "stock": 0
        },
        "2022-12-09": {
            "cash": 1.65,
            "stock": 0
        },
        "2023-03-10": {
            "cash": 1.65,
            "stock": 0
        },
        "2023-06-09": {
            "cash": 1.65,
            "stock": 0
        }
    },
    "prices": {
        "200101": "101.87",
        "200102": "111.00",
        "200103": "97.28",
        "200104": "103.94",
        "200105": "115.78",
        "200106": "114.78",
        "200107": "106.65",
        "200108": "104.94",
        "200109": "94.99",
        "200110": "102.15",
        "200111": "113.94",
        "200112": "121.09",
        "200201": "115.99",
        "200202": "102.96",
        "200203": "105.48",
        "200204": "89.59",
        "200205": "82.43",
        "200206": "74.68",
        "200207": "69.89",
        "200208": "74.98",
        "200209": "68.46",
        "200210": "67.54",
        "200211": "81.68",
        "200212": "80.61",
        "200301": "82.73",
        "200302": "77.92",
        "200303": "79.64",
        "200304": "82.35",
        "200305": "87.37",
        "200306": "83.54",
        "200307": "83.77",
        "200308": "81.73",
        "200309": "89.19",
        "200310": "90.36",
        "200311": "89.52",
        "200312": "92.20",
        "200401": "94.95",
        "200402": "98.44",
        "200403": "93.41",
        "200404": "92.02",
        "200405": "87.57",
        "200406": "89.37",
        "200407": "85.44",
        "200408": "84.63",
        "200409": "85.34",
        "200410": "87.47",
        "200411": "94.00",
        "200412": "97.17",
        "200501": "94.25",
        "200502": "93.45",
        "200503": "91.27",
        "200504": "81.14",
        "200505": "75.47",
        "200506": "75.54",
        "200507": "81.28",
        "200508": "82.17",
        "200509": "79.70",
        "200510": "82.09",
        "200511": "85.61",
        "200512": "84.95",
        "200601": "82.50",
        "200602": "80.62",
        "200603": "82.21",
        "200604": "82.52",
        "200605": "81.57",
        "200606": "77.93",
        "200607": "75.97",
        "200608": "78.02",
        "200609": "81.72",
        "200610": "87.30",
        "200611": "92.47",
        "200612": "95.01",
        "200701": "98.45",
        "200702": "98.33",
        "200703": "93.78",
        "200704": "96.96",
        "200705": "104.99",
        "200706": "104.74",
        "200707": "111.59",
        "200708": "112.28",
        "200709": "116.66",
        "200710": "116.06",
        "200711": "106.12",
        "200712": "108.34",
        "200801": "102.75",
        "200802": "108.07",
        "200803": "115.95",
        "200804": "119.72",
        "200805": "125.74",
        "200806": "124.58",
        "200807": "125.16",
        "200808": "125.41",
        "200809": "116.68",
        "200810": "91.67",
        "200811": "82.23",
        "200812": "82.03",
        "200901": "88.08",
        "200902": "91.45",
        "200903": "91.83",
        "200904": "100.98",
        "200905": "103.73",
        "200906": "106.64",
        "200907": "110.18",
        "200908": "118.73",
        "200909": "119.24",
        "200910": "122.57",
        "200911": "125.87",
        "200912": "129.11",
        "201001": "129.01",
        "201002": "125.22",
        "201003": "127.84",
        "201004": "129.56",
        "201005": "127.10",
        "201006": "127.53",
        "201007": "127.56",
        "201008": "128.04",
        "201009": "130.18",
        "201010": "139.63",
        "201011": "144.44",
        "201012": "145.25",
        "201101": "153.18",
        "201102": "163.34",
        "201103": "160.43",
        "201104": "165.98",
        "201105": "169.63",
        "201106": "165.59",
        "201107": "178.98",
        "201108": "169.36",
        "201109": "170.25",
        "201110": "182.32",
        "201111": "184.24",
        "201112": "187.79",
        "201201": "185.71",
        "201202": "194.04",
        "201203": "203.58",
        "201204": "203.98",
        "201205": "199.70",
        "201206": "193.93",
        "201207": "190.88",
        "201208": "197.61",
        "201209": "203.67",
        "201210": "202.55",
        "201211": "190.84",
        "201212": "192.18",
        "201301": "197.27",
        "201302": "200.74",
        "201303": "210.98",
        "201304": "204.73",
        "201305": "205.26",
        "201306": "200.85",
        "201307": "194.35",
        "201308": "187.12",
        "201309": "188.77",
        "201310": "180.71",
        "201311": "181.33",
        "201312": "179.11",
        "201401": "184.07",
        "201402": "180.47",
        "201403": "187.58",
        "201404": "193.80",
        "201405": "187.97",
        "201406": "183.01",
        "201407": "191.03",
        "201408": "189.18",
        "201409": "191.47",
        "201410": "175.92",
        "201411": "162.37",
        "201412": "159.97",
        "201501": "156.08",
        "201502": "160.01",
        "201503": "159.81",
        "201504": "165.22",
        "201505": "172.25",
        "201506": "167.15",
        "201507": "164.75",
        "201508": "152.77",
        "201509": "145.36",
        "201510": "146.12",
        "201511": "137.21",
        "201512": "137.96",
        "201601": "128.41",
        "201602": "127.49",
        "201603": "143.67",
        "201604": "149.38",
        "201605": "148.24",
        "201606": "151.49",
        "201607": "158.29",
        "201608": "160.77",
        "201609": "156.92",
        "201610": "153.75",
        "201611": "158.76",
        "201612": "165.48",
        "201701": "170.72",
        "201702": "178.84",
        "201703": "176.61",
        "201704": "167.15",
        "201705": "153.37",
        "201706": "153.86",
        "201707": "150.18",
        "201708": "142.59",
        "201709": "144.86",
        "201710": "151.42",
        "201711": "151.08",
        "201712": "153.93",
        "201801": "163.85",
        "201802": "154.64",
        "201803": "155.94",
        "201804": "151.07",
        "201805": "143.63",
        "201806": "143.04",
        "201807": "144.75",
        "201808": "145.53",
        "201809": "148.50",
        "201810": "136.90",
        "201811": "120.67",
        "201812": "117.19",
        "201901": "124.59",
        "201902": "136.86",
        "201903": "138.88",
        "201904": "141.80",
        "201905": "134.80",
        "201906": "135.68",
        "201907": "145.34",
        "201908": "135.99",
        "201909": "142.07",
        "201910": "138.19",
        "201911": "135.43",
        "201912": "133.99",
        "202001": "137.86",
        "202002": "148.56",
        "202003": "112.81",
        "202004": "119.08",
        "202005": "121.18",
        "202006": "124.07",
        "202007": "122.53",
        "202008": "124.98",
        "202009": "121.96",
        "202010": "119.90",
        "202011": "117.66",
        "202012": "124.81",
        "202101": "125.84",
        "202102": "120.92",
        "202103": "128.16",
        "202104": "137.38",
        "202105": "144.52",
        "202106": "147.08",
        "202107": "140.93",
        "202108": "141.16",
        "202109": "137.33",
        "202110": "137.28",
        "202111": "119.92",
        "202112": "125.87",
        "202201": "133.87",
        "202202": "130.48",
        "202203": "127.35",
        "202204": "131.50",
        "202205": "134.11",
        "202206": "139.14",
        "202207": "134.69",
        "202208": "133.19",
        "202209": "125.80",
        "202210": "126.01",
        "202211": "143.23",
        "202212": "144.58",
        "202301": "141.22",
        "202302": "134.18",
        "202303": "126.98",
        "202304": "128.26",
        "202305": "124.71"
    },
    "quarters": {
        "20011": {
            "year_quarter": 20011,
            "year": 2001,
            "quarter": 1,
            "eps": 1,
            "eps_growth_year": 20.38,
            "eps_4q": 4.64,
            "eps_4q_growth_year": 11.86,
            "roe": 8.44,
            "roe_4q": 8.44,
            "gross_profit": 7535000,
            "gross_margin": 37.1,
            "gross_margin_4q_avg": 37.1,
            "net_income": 1777000,
            "revenue": 20309000,
            "common_shares": 12938000,
            "book_valuer_per_share": 12.21,
            "book_valuer_per_share_4q_avg": 12.21,
            "equity": 21466000,
            "current_ratio": 127.58,
            "debt_ratio": 74.68,
            "inventory_turnover_ratio": 2.61,
            "account_receivable_turnover_ratio": 0.7,
            "reinvestment_rate": -29.1,
            "research_to_sale_ratio": 5.95,
            "price_fair": 0,
            "eps_avg_yearly": 0,
            "eps_latest_yearly": 0,
            "eps_growth_yearly": 0
        },
        "20012": {
            "year_quarter": 20012,
            "year": 2001,
            "quarter": 2,
            "eps": 1.17,
            "eps_growth_year": 10.19,
            "eps_4q": 4.75,
            "eps_4q_growth_year": 20.59,
            "roe": 9.49,
            "roe_4q": 17.93,
            "gross_profit": 7987000,
            "gross_margin": 38.34,
            "gross_margin_4q_avg": 37.72,
            "net_income": 2091000,
            "revenue": 20834000,
            "common_shares": 13701000,
            "book_valuer_per_share": 12.87,
            "book_valuer_per_share_4q_avg": 12.54,
            "equity": 22591000,
            "current_ratio": 135.48,
            "debt_ratio": 73.09,
            "inventory_turnover_ratio": 2.6,
            "account_receivable_turnover_ratio": 0.77,
            "reinvestment_rate": -27.55,
            "research_to_sale_ratio": 6.16,
            "price_fair": 0,
            "eps_avg_yearly": 0,
            "eps_latest_yearly": 0,
            "eps_growth_yearly": 0
        },
        "20013": {
            "year_quarter": 20013,
            "year": 2001,
            "quarter": 3,
            "eps": 0.96,
            "eps_growth_year": -12.96,
            "eps_4q": 4.61,
            "eps_4q_growth_year": 11.96,
            "roe": 7.69,
            "roe_4q": 25.619999999999997,
            "gross_profit": 7434000,
            "gross_margin": 37.58,
            "gross_margin_4q_avg": 37.67,
            "net_income": 1713000,
            "revenue": 19783000,
            "common_shares": 13852000,
            "book_valuer_per_share": 12.76,
            "book_valuer_per_share_4q_avg": 12.61,
            "equity": 21977000,
            "current_ratio": 122.61,
            "debt_ratio": 74.17,
            "inventory_turnover_ratio": 2.55,
            "account_receivable_turnover_ratio": 0.74,
            "reinvestment_rate": -25.91,
            "research_to_sale_ratio": 6.33,
            "price_fair": 0,
            "eps_avg_yearly": 0,
            "eps_latest_yearly": 0,
            "eps_growth_yearly": 0
        },
        "20014": {
            "year_quarter": 20014,
            "year": 2001,
            "quarter": 4,
            "eps": 1.46,
            "eps_growth_year": -0.92,
            "eps_4q": 4.6,
            "eps_4q_growth_year": 2.68,
            "roe": 11.29,
            "roe_4q": 36.91,
            "gross_profit": 8933000,
            "gross_margin": 40.35,
            "gross_margin_4q_avg": 38.34,
            "net_income": 2565000,
            "revenue": 22141000,
            "common_shares": 14248000,
            "book_valuer_per_share": 12.87,
            "book_valuer_per_share_4q_avg": 12.68,
            "equity": 23448000,
            "current_ratio": 120.91,
            "debt_ratio": 74.03,
            "inventory_turnover_ratio": 2.89,
            "account_receivable_turnover_ratio": 0.82,
            "reinvestment_rate": -55.05,
            "research_to_sale_ratio": 5.6,
            "price_fair": 0,
            "eps_avg_yearly": 0,
            "eps_latest_yearly": 0,
            "eps_growth_yearly": 0
        },
        "20021": {
            "year_quarter": 20021,
            "year": 2002,
            "quarter": 1,
            "eps": 0.73,
            "eps_growth_year": -26.45,
            "eps_4q": 4.33,
            "eps_4q_growth_year": -6.72,
            "roe": 5.52,
            "roe_4q": 33.99,
            "gross_profit": 6500000,
            "gross_margin": 36.05,
            "gross_margin_4q_avg": 38.08,
            "net_income": 1284000,
            "revenue": 18030000,
            "common_shares": 14444000,
            "book_valuer_per_share": 12.42,
            "book_valuer_per_share_4q_avg": 12.73,
            "equity": 23051000,
            "current_ratio": 124.27,
            "debt_ratio": 72.25,
            "inventory_turnover_ratio": 2.65,
            "account_receivable_turnover_ratio": 0.71,
            "reinvestment_rate": -23.78,
            "research_to_sale_ratio": 6.3,
            "price_fair": 8.76,
            "eps_avg_yearly": 2.92,
            "eps_latest_yearly": 2.92,
            "eps_growth_yearly": -200
        },
        "20022": {
            "year_quarter": 20022,
            "year": 2002,
            "quarter": 2,
            "eps": 0.95,
            "eps_growth_year": -18.64,
            "eps_4q": 4.11,
            "eps_4q_growth_year": -13.45,
            "roe": 2,
            "roe_4q": 26.5,
            "gross_profit": 7270000,
            "gross_margin": 37,
            "gross_margin_4q_avg": 37.75,
            "net_income": 445000,
            "revenue": 19651000,
            "common_shares": 14520000,
            "book_valuer_per_share": 11.61,
            "book_valuer_per_share_4q_avg": 12.42,
            "equity": 21395000,
            "current_ratio": 112.66,
            "debt_ratio": 74.59,
            "inventory_turnover_ratio": 3,
            "account_receivable_turnover_ratio": 0.8,
            "reinvestment_rate": -29.38,
            "research_to_sale_ratio": 6.1,
            "price_fair": 10.08,
            "eps_avg_yearly": 3.36,
            "eps_latest_yearly": 3.8,
            "eps_growth_yearly": -39.73
        },
        "20023": {
            "year_quarter": 20023,
            "year": 2002,
            "quarter": 3,
            "eps": 0.99,
            "eps_growth_year": 2.31,
            "eps_4q": 4.14,
            "eps_4q_growth_year": -10.27,
            "roe": 7.79,
            "roe_4q": 26.599999999999998,
            "gross_profit": 7323000,
            "gross_margin": 36.95,
            "gross_margin_4q_avg": 37.59,
            "net_income": 1694000,
            "revenue": 19821000,
            "common_shares": 14572000,
            "book_valuer_per_share": 12.06,
            "book_valuer_per_share_4q_avg": 12.24,
            "equity": 22092000,
            "current_ratio": 123.4,
            "debt_ratio": 73.69,
            "inventory_turnover_ratio": 3.44,
            "account_receivable_turnover_ratio": 0.81,
            "reinvestment_rate": -38.36,
            "research_to_sale_ratio": 6.12,
            "price_fair": 10.68,
            "eps_avg_yearly": 3.56,
            "eps_latest_yearly": 3.96,
            "eps_growth_yearly": -20.87
        },
        "20024": {
            "year_quarter": 20024,
            "year": 2002,
            "quarter": 4,
            "eps": -0.02,
            "eps_growth_year": -101.3,
            "eps_4q": 2.66,
            "eps_4q_growth_year": -42.23,
            "roe": 8.52,
            "roe_4q": 23.83,
            "gross_profit": 9191000,
            "gross_margin": 38.81,
            "gross_margin_4q_avg": 37.2,
            "net_income": 1911000,
            "revenue": 23684000,
            "common_shares": 14858000,
            "book_valuer_per_share": 10.55,
            "book_valuer_per_share_4q_avg": 11.66,
            "equity": 22782000,
            "current_ratio": 121.92,
            "debt_ratio": 76.39,
            "inventory_turnover_ratio": 4.41,
            "account_receivable_turnover_ratio": 0.92,
            "reinvestment_rate": -63.69,
            "research_to_sale_ratio": 5.08,
            "price_fair": 10.68,
            "eps_avg_yearly": 3.56,
            "eps_latest_yearly": 3.96,
            "eps_growth_yearly": -20.87
        },
        "20031": {
            "year_quarter": 20031,
            "year": 2003,
            "quarter": 1,
            "eps": 0.79,
            "eps_growth_year": 8.44,
            "eps_4q": 2.72,
            "eps_4q_growth_year": -37.29,
            "roe": 5.86,
            "roe_4q": 24.169999999999998,
            "gross_profit": 7233000,
            "gross_margin": 36.05,
            "gross_margin_4q_avg": 37.2,
            "net_income": 1387000,
            "revenue": 20065000,
            "common_shares": 15257000,
            "book_valuer_per_share": 10.52,
            "book_valuer_per_share_4q_avg": 11.19,
            "equity": 24573000,
            "current_ratio": 125.01,
            "debt_ratio": 74.33,
            "inventory_turnover_ratio": 3.97,
            "account_receivable_turnover_ratio": 0.76,
            "reinvestment_rate": -58.33,
            "research_to_sale_ratio": 5.96,
            "price_fair": 10.68,
            "eps_avg_yearly": 3.56,
            "eps_latest_yearly": 3.96,
            "eps_growth_yearly": -20.87
        },
        "20032": {
            "year_quarter": 20032,
            "year": 2003,
            "quarter": 2,
            "eps": 0.98,
            "eps_growth_year": 2.41,
            "eps_4q": 2.74,
            "eps_4q_growth_year": -33.39,
            "roe": 6.75,
            "roe_4q": 28.919999999999998,
            "gross_profit": 7998000,
            "gross_margin": 36.97,
            "gross_margin_4q_avg": 37.2,
            "net_income": 1725000,
            "revenue": 21631000,
            "common_shares": 15413000,
            "book_valuer_per_share": 11.29,
            "book_valuer_per_share_4q_avg": 11.11,
            "equity": 26573000,
            "current_ratio": 126.29,
            "debt_ratio": 72.59,
            "inventory_turnover_ratio": 4.08,
            "account_receivable_turnover_ratio": 0.84,
            "reinvestment_rate": -68.02,
            "research_to_sale_ratio": 5.67,
            "price_fair": 67.15,
            "eps_avg_yearly": 3.65,
            "eps_latest_yearly": 3.92,
            "eps_growth_yearly": 8.4
        },
        "20033": {
            "year_quarter": 20033,
            "year": 2003,
            "quarter": 3,
            "eps": 1.02,
            "eps_growth_year": 2.97,
            "eps_4q": 2.77,
            "eps_4q_growth_year": -33.04,
            "roe": 6.62,
            "roe_4q": 27.75,
            "gross_profit": 7812000,
            "gross_margin": 36.3,
            "gross_margin_4q_avg": 37.03,
            "net_income": 1785000,
            "revenue": 21522000,
            "common_shares": 15674000,
            "book_valuer_per_share": 11.63,
            "book_valuer_per_share_4q_avg": 11,
            "equity": 27326000,
            "current_ratio": 124.45,
            "debt_ratio": 71.88,
            "inventory_turnover_ratio": 4.13,
            "account_receivable_turnover_ratio": 0.83,
            "reinvestment_rate": -32.27,
            "research_to_sale_ratio": 6.07,
            "price_fair": 74.66,
            "eps_avg_yearly": 3.74,
            "eps_latest_yearly": 4.08,
            "eps_growth_yearly": 9.98
        },
        "20034": {
            "year_quarter": 20034,
            "year": 2003,
            "quarter": 4,
            "eps": 1.58,
            "eps_growth_year": null,
            "eps_4q": 4.37,
            "eps_4q_growth_year": 64.4,
            "roe": 9.84,
            "roe_4q": 29.07,
            "gross_profit": 9975000,
            "gross_margin": 38.49,
            "gross_margin_4q_avg": 36.95,
            "net_income": 2716000,
            "revenue": 25913000,
            "common_shares": 16269000,
            "book_valuer_per_share": 11.34,
            "book_valuer_per_share_4q_avg": 11.2,
            "equity": 27864000,
            "current_ratio": 118.71,
            "debt_ratio": 73.32,
            "inventory_turnover_ratio": 5.12,
            "account_receivable_turnover_ratio": 0.94,
            "reinvestment_rate": -71.61,
            "research_to_sale_ratio": 5.21,
            "price_fair": 145.83,
            "eps_avg_yearly": 4.17,
            "eps_latest_yearly": 6.32,
            "eps_growth_yearly": 44.92
        },
        "20041": {
            "year_quarter": 20041,
            "year": 2004,
            "quarter": 1,
            "eps": 0.79,
            "eps_growth_year": -0.79,
            "eps_4q": 4.36,
            "eps_4q_growth_year": 60.42,
            "roe": 4.87,
            "roe_4q": 28.080000000000002,
            "gross_profit": 7892000,
            "gross_margin": 35.59,
            "gross_margin_4q_avg": 36.84,
            "net_income": 1364000,
            "revenue": 22175000,
            "common_shares": 16951000,
            "book_valuer_per_share": 12.35,
            "book_valuer_per_share_4q_avg": 11.65,
            "equity": 28185000,
            "current_ratio": 120.44,
            "debt_ratio": 72.32,
            "inventory_turnover_ratio": 4.77,
            "account_receivable_turnover_ratio": 0.81,
            "reinvestment_rate": -67.95,
            "research_to_sale_ratio": 6.39,
            "price_fair": 80.19,
            "eps_avg_yearly": 4.02,
            "eps_latest_yearly": 3.16,
            "eps_growth_yearly": 9.93
        },
        "20042": {
            "year_quarter": 20042,
            "year": 2004,
            "quarter": 2,
            "eps": 1,
            "eps_growth_year": 2.09,
            "eps_4q": 4.38,
            "eps_4q_growth_year": 59.82,
            "roe": 6.09,
            "roe_4q": 27.42,
            "gross_profit": 8406000,
            "gross_margin": 36.39,
            "gross_margin_4q_avg": 36.69,
            "net_income": 1737000,
            "revenue": 23098000,
            "common_shares": 17406000,
            "book_valuer_per_share": 12.4,
            "book_valuer_per_share_4q_avg": 11.93,
            "equity": 28830000,
            "current_ratio": 120.53,
            "debt_ratio": 71.05,
            "inventory_turnover_ratio": 4.72,
            "account_receivable_turnover_ratio": 0.92,
            "reinvestment_rate": -75.62,
            "research_to_sale_ratio": 6.39,
            "price_fair": 128.57,
            "eps_avg_yearly": 4.02,
            "eps_latest_yearly": 4,
            "eps_growth_yearly": 21.98
        },
        "20043": {
            "year_quarter": 20043,
            "year": 2004,
            "quarter": 3,
            "eps": 0.91,
            "eps_growth_year": -10.07,
            "eps_4q": 4.28,
            "eps_4q_growth_year": 54.43,
            "roe": 5.31,
            "roe_4q": 26.11,
            "gross_profit": 8533000,
            "gross_margin": 36.55,
            "gross_margin_4q_avg": 36.76,
            "net_income": 1554000,
            "revenue": 23349000,
            "common_shares": 17691000,
            "book_valuer_per_share": 12.93,
            "book_valuer_per_share_4q_avg": 12.26,
            "equity": 29702000,
            "current_ratio": 120.65,
            "debt_ratio": 70.5,
            "inventory_turnover_ratio": 4.55,
            "account_receivable_turnover_ratio": 0.96,
            "reinvestment_rate": -34.87,
            "research_to_sale_ratio": 6.29,
            "price_fair": 101.59,
            "eps_avg_yearly": 3.98,
            "eps_latest_yearly": 3.64,
            "eps_growth_yearly": 15.54
        },
        "20044": {
            "year_quarter": 20044,
            "year": 2004,
            "quarter": 4,
            "eps": 1.67,
            "eps_growth_year": 5.91,
            "eps_4q": 4.37,
            "eps_4q_growth_year": 0.11,
            "roe": 9.26,
            "roe_4q": 25.53,
            "gross_profit": 10738000,
            "gross_margin": 38.81,
            "gross_margin_4q_avg": 36.84,
            "net_income": 2842000,
            "revenue": 27671000,
            "common_shares": 26673000,
            "book_valuer_per_share": 13.04,
            "book_valuer_per_share_4q_avg": 12.68,
            "equity": 31688000,
            "current_ratio": 118.49,
            "debt_ratio": 71.45,
            "inventory_turnover_ratio": 5.09,
            "account_receivable_turnover_ratio": 1.06,
            "reinvestment_rate": -29.62,
            "research_to_sale_ratio": 5.47,
            "price_fair": 148.68,
            "eps_avg_yearly": 4.25,
            "eps_latest_yearly": 6.68,
            "eps_growth_yearly": 47.39
        },
        "20051": {
            "year_quarter": 20051,
            "year": 2005,
            "quarter": 1,
            "eps": 0.85,
            "eps_growth_year": 7.58,
            "eps_4q": 4.43,
            "eps_4q_growth_year": 1.63,
            "roe": 4.57,
            "roe_4q": 25.23,
            "gross_profit": 8254000,
            "gross_margin": 36.03,
            "gross_margin_4q_avg": 36.95,
            "net_income": 1407000,
            "revenue": 22908000,
            "common_shares": 27296000,
            "book_valuer_per_share": 12.14,
            "book_valuer_per_share_4q_avg": 12.63,
            "equity": 29920000,
            "current_ratio": 122.24,
            "debt_ratio": 71.48,
            "inventory_turnover_ratio": 4.35,
            "account_receivable_turnover_ratio": 0.87,
            "reinvestment_rate": -33.42,
            "research_to_sale_ratio": 6.37,
            "price_fair": 145.98,
            "eps_avg_yearly": 4.17,
            "eps_latest_yearly": 3.4,
            "eps_growth_yearly": 25.23
        },
        "20052": {
            "year_quarter": 20052,
            "year": 2005,
            "quarter": 2,
            "eps": 1.24,
            "eps_growth_year": 23.76,
            "eps_4q": 4.67,
            "eps_4q_growth_year": 6.57,
            "roe": 6.17,
            "roe_4q": 25.31,
            "gross_profit": 8775000,
            "gross_margin": 39.4,
            "gross_margin_4q_avg": 37.7,
            "net_income": 1851000,
            "revenue": 22270000,
            "common_shares": 27725000,
            "book_valuer_per_share": 12.01,
            "book_valuer_per_share_4q_avg": 12.53,
            "equity": 30125000,
            "current_ratio": 125.82,
            "debt_ratio": 70.86,
            "inventory_turnover_ratio": 4.05,
            "account_receivable_turnover_ratio": 0.91,
            "reinvestment_rate": -40.38,
            "research_to_sale_ratio": 6.63,
            "price_fair": 148.28,
            "eps_avg_yearly": 4.24,
            "eps_latest_yearly": 4.96,
            "eps_growth_yearly": 38.42
        },
        "20053": {
            "year_quarter": 20053,
            "year": 2005,
            "quarter": 3,
            "eps": 0.94,
            "eps_growth_year": 2.53,
            "eps_4q": 4.69,
            "eps_4q_growth_year": 9.66,
            "roe": 5.02,
            "roe_4q": 25.02,
            "gross_profit": 8738000,
            "gross_margin": 40.59,
            "gross_margin_4q_avg": 38.71,
            "net_income": 1516000,
            "revenue": 21529000,
            "common_shares": 28191000,
            "book_valuer_per_share": 12.14,
            "book_valuer_per_share_4q_avg": 12.33,
            "equity": 30235000,
            "current_ratio": 130.63,
            "debt_ratio": 70.07,
            "inventory_turnover_ratio": 3.91,
            "account_receivable_turnover_ratio": 0.9,
            "reinvestment_rate": -9.12,
            "research_to_sale_ratio": 6.72,
            "price_fair": 147,
            "eps_avg_yearly": 4.2,
            "eps_latest_yearly": 3.76,
            "eps_growth_yearly": 28.02
        },
        "20054": {
            "year_quarter": 20054,
            "year": 2005,
            "quarter": 4,
            "eps": 1.1,
            "eps_growth_year": -34.3,
            "eps_4q": 4.12,
            "eps_4q_growth_year": -5.78,
            "roe": 10.17,
            "roe_4q": 25.93,
            "gross_profit": 10765000,
            "gross_margin": 44.07,
            "gross_margin_4q_avg": 40.02,
            "net_income": 3219000,
            "revenue": 24427000,
            "common_shares": 28926000,
            "book_valuer_per_share": 13.97,
            "book_valuer_per_share_4q_avg": 12.57,
            "equity": 33098000,
            "current_ratio": 129.9,
            "debt_ratio": 68.7,
            "inventory_turnover_ratio": 4.46,
            "account_receivable_turnover_ratio": 1.02,
            "reinvestment_rate": -47.16,
            "research_to_sale_ratio": 5.97,
            "price_fair": 147.5,
            "eps_avg_yearly": 4.21,
            "eps_latest_yearly": 4.4,
            "eps_growth_yearly": 30.88
        },
        "20061": {
            "year_quarter": 20061,
            "year": 2006,
            "quarter": 1,
            "eps": 1.08,
            "eps_growth_year": 27.05,
            "eps_4q": 4.35,
            "eps_4q_growth_year": -1.88,
            "roe": 5.18,
            "roe_4q": 26.54,
            "gross_profit": 8087000,
            "gross_margin": 39.15,
            "gross_margin_4q_avg": 40.8,
            "net_income": 1706000,
            "revenue": 20659000,
            "common_shares": 29431000,
            "book_valuer_per_share": 13.48,
            "book_valuer_per_share_4q_avg": 12.9,
            "equity": 32732000,
            "current_ratio": 124.99,
            "debt_ratio": 68.06,
            "inventory_turnover_ratio": 4.34,
            "account_receivable_turnover_ratio": 0.89,
            "reinvestment_rate": -44.74,
            "research_to_sale_ratio": 7.05,
            "price_fair": 151,
            "eps_avg_yearly": 4.31,
            "eps_latest_yearly": 4.32,
            "eps_growth_yearly": 44.65
        },
        "20062": {
            "year_quarter": 20062,
            "year": 2006,
            "quarter": 2,
            "eps": 1.3,
            "eps_growth_year": 5.09,
            "eps_4q": 4.41,
            "eps_4q_growth_year": -5.51,
            "roe": 6.1,
            "roe_4q": 26.47,
            "gross_profit": 9014000,
            "gross_margin": 41.18,
            "gross_margin_4q_avg": 41.25,
            "net_income": 2021000,
            "revenue": 21890000,
            "common_shares": 29823000,
            "book_valuer_per_share": 14.17,
            "book_valuer_per_share_4q_avg": 13.44,
            "equity": 33549000,
            "current_ratio": 116.04,
            "debt_ratio": 67.55,
            "inventory_turnover_ratio": 4.25,
            "account_receivable_turnover_ratio": 0.99,
            "reinvestment_rate": -41.83,
            "research_to_sale_ratio": 6.95,
            "price_fair": 154.5,
            "eps_avg_yearly": 4.41,
            "eps_latest_yearly": 5.2,
            "eps_growth_yearly": 41.86
        },
        "20063": {
            "year_quarter": 20063,
            "year": 2006,
            "quarter": 3,
            "eps": 1.45,
            "eps_growth_year": 54.2,
            "eps_4q": 4.92,
            "eps_4q_growth_year": 4.85,
            "roe": 6.55,
            "roe_4q": 28,
            "gross_profit": 9492000,
            "gross_margin": 41.97,
            "gross_margin_4q_avg": 41.59,
            "net_income": 2222000,
            "revenue": 22618000,
            "common_shares": 30257000,
            "book_valuer_per_share": 14.81,
            "book_valuer_per_share_4q_avg": 14.11,
            "equity": 34248000,
            "current_ratio": 116.43,
            "debt_ratio": 67.12,
            "inventory_turnover_ratio": 4.2,
            "account_receivable_turnover_ratio": 1,
            "reinvestment_rate": -12.27,
            "research_to_sale_ratio": 6.82,
            "price_fair": 159.1,
            "eps_avg_yearly": 4.55,
            "eps_latest_yearly": 5.8,
            "eps_growth_yearly": 43.95
        },
        "20064": {
            "year_quarter": 20064,
            "year": 2006,
            "quarter": 4,
            "eps": 2.24,
            "eps_growth_year": 104.17,
            "eps_4q": 6.06,
            "eps_4q_growth_year": 47.19,
            "roe": 11.05,
            "roe_4q": 28.880000000000003,
            "gross_profit": 11701000,
            "gross_margin": 44.57,
            "gross_margin_4q_avg": 41.72,
            "net_income": 3466000,
            "revenue": 26256000,
            "common_shares": 31271000,
            "book_valuer_per_share": 8.93,
            "book_valuer_per_share_4q_avg": 12.85,
            "equity": 28506000,
            "current_ratio": 111.4,
            "debt_ratio": 72.39,
            "inventory_turnover_ratio": 4.9,
            "account_receivable_turnover_ratio": 1.06,
            "reinvestment_rate": 1.76,
            "research_to_sale_ratio": 6.04,
            "price_fair": 169.4,
            "eps_avg_yearly": 4.84,
            "eps_latest_yearly": 8.96,
            "eps_growth_yearly": 55.55
        },
        "20071": {
            "year_quarter": 20071,
            "year": 2007,
            "quarter": 1,
            "eps": 1.21,
            "eps_growth_year": 12.28,
            "eps_4q": 6.19,
            "eps_4q_growth_year": 42.47,
            "roe": 6.55,
            "roe_4q": 30.25,
            "gross_profit": 8866000,
            "gross_margin": 40.25,
            "gross_margin_4q_avg": 41.99,
            "net_income": 1843000,
            "revenue": 22029000,
            "common_shares": 32264000,
            "book_valuer_per_share": 8.45,
            "book_valuer_per_share_4q_avg": 11.59,
            "equity": 27809000,
            "current_ratio": 115.46,
            "debt_ratio": 72.63,
            "inventory_turnover_ratio": 4.6,
            "account_receivable_turnover_ratio": 0.87,
            "reinvestment_rate": 1.03,
            "research_to_sale_ratio": 6.85,
            "price_fair": 169.4,
            "eps_avg_yearly": 4.84,
            "eps_latest_yearly": 4.84,
            "eps_growth_yearly": 40.58
        },
        "20072": {
            "year_quarter": 20072,
            "year": 2007,
            "quarter": 2,
            "eps": 1.5,
            "eps_growth_year": 15.65,
            "eps_4q": 6.4,
            "eps_4q_growth_year": 45.05,
            "roe": 10.14,
            "roe_4q": 34.29,
            "gross_profit": 9937000,
            "gross_margin": 41.8,
            "gross_margin_4q_avg": 42.15,
            "net_income": 2260000,
            "revenue": 23771000,
            "common_shares": 33374000,
            "book_valuer_per_share": 1.08,
            "book_valuer_per_share_4q_avg": 8.32,
            "equity": 16755000,
            "current_ratio": 87.96,
            "debt_ratio": 83.66,
            "inventory_turnover_ratio": 4.8,
            "account_receivable_turnover_ratio": 0.98,
            "reinvestment_rate": 3.87,
            "research_to_sale_ratio": 6.45,
            "price_fair": 173.95,
            "eps_avg_yearly": 4.97,
            "eps_latest_yearly": 6,
            "eps_growth_yearly": 40.56
        },
        "20073": {
            "year_quarter": 20073,
            "year": 2007,
            "quarter": 3,
            "eps": 1.68,
            "eps_growth_year": 16.25,
            "eps_4q": 6.63,
            "eps_4q_growth_year": 34.84,
            "roe": 12.67,
            "roe_4q": 40.410000000000004,
            "gross_profit": 9956000,
            "gross_margin": 41.28,
            "gross_margin_4q_avg": 41.98,
            "net_income": 2363000,
            "revenue": 24119000,
            "common_shares": 34705000,
            "book_valuer_per_share": 3.3,
            "book_valuer_per_share_4q_avg": 5.44,
            "equity": 20547000,
            "current_ratio": 103.51,
            "debt_ratio": 81.08,
            "inventory_turnover_ratio": 4.97,
            "account_receivable_turnover_ratio": 0.98,
            "reinvestment_rate": 5.46,
            "research_to_sale_ratio": 6.32,
            "price_fair": 179.73,
            "eps_avg_yearly": 5.14,
            "eps_latest_yearly": 6.72,
            "eps_growth_yearly": 42.54
        },
        "20074": {
            "year_quarter": 20074,
            "year": 2007,
            "quarter": 4,
            "eps": 2.84,
            "eps_growth_year": 26.71,
            "eps_4q": 7.23,
            "eps_4q_growth_year": 19.28,
            "roe": 16.13,
            "roe_4q": 45.489999999999995,
            "gross_profit": 12970000,
            "gross_margin": 44.93,
            "gross_margin_4q_avg": 42.07,
            "net_income": 3954000,
            "revenue": 28867000,
            "common_shares": 35188000,
            "book_valuer_per_share": 8.72,
            "book_valuer_per_share_4q_avg": 5.39,
            "equity": 28469000,
            "current_ratio": 120.01,
            "debt_ratio": 76.36,
            "inventory_turnover_ratio": 5.76,
            "account_receivable_turnover_ratio": 1.08,
            "reinvestment_rate": -7.69,
            "research_to_sale_ratio": 5.49,
            "price_fair": 190.75,
            "eps_avg_yearly": 5.45,
            "eps_latest_yearly": 11.36,
            "eps_growth_yearly": 46.08
        },
        "20081": {
            "year_quarter": 20081,
            "year": 2008,
            "quarter": 1,
            "eps": 1.64,
            "eps_growth_year": 35.3,
            "eps_4q": 7.66,
            "eps_4q_growth_year": 23.63,
            "roe": 8.11,
            "roe_4q": 47.05,
            "gross_profit": 10166000,
            "gross_margin": 41.49,
            "gross_margin_4q_avg": 42.38,
            "net_income": 2318000,
            "revenue": 24502000,
            "common_shares": 36252000,
            "book_valuer_per_share": 5.08,
            "book_valuer_per_share_4q_avg": 4.55,
            "equity": 28729000,
            "current_ratio": 102.93,
            "debt_ratio": 76.42,
            "inventory_turnover_ratio": 5.08,
            "account_receivable_turnover_ratio": 0.88,
            "reinvestment_rate": 1.24,
            "research_to_sale_ratio": 6.4,
            "price_fair": 198.19,
            "eps_avg_yearly": 5.66,
            "eps_latest_yearly": 6.56,
            "eps_growth_yearly": 48.01
        },
        "20082": {
            "year_quarter": 20082,
            "year": 2008,
            "quarter": 2,
            "eps": 1.95,
            "eps_growth_year": 29.83,
            "eps_4q": 8.1,
            "eps_4q_growth_year": 26.7,
            "roe": 9.71,
            "roe_4q": 46.620000000000005,
            "gross_profit": 11601000,
            "gross_margin": 43.25,
            "gross_margin_4q_avg": 42.74,
            "net_income": 2767000,
            "revenue": 26821000,
            "common_shares": 37882000,
            "book_valuer_per_share": 3.96,
            "book_valuer_per_share_4q_avg": 5.27,
            "equity": 28264000,
            "current_ratio": 103.64,
            "debt_ratio": 76.63,
            "inventory_turnover_ratio": 5.17,
            "account_receivable_turnover_ratio": 0.99,
            "reinvestment_rate": -0.1,
            "research_to_sale_ratio": 6.19,
            "price_fair": 206.5,
            "eps_avg_yearly": 5.9,
            "eps_latest_yearly": 7.8,
            "eps_growth_yearly": 46.09
        },
        "20083": {
            "year_quarter": 20083,
            "year": 2008,
            "quarter": 3,
            "eps": 2.04,
            "eps_growth_year": 21.42,
            "eps_4q": 8.46,
            "eps_4q_growth_year": 27.64,
            "roe": 10.12,
            "roe_4q": 44.06999999999999,
            "gross_profit": 10959000,
            "gross_margin": 43.31,
            "gross_margin_4q_avg": 43.25,
            "net_income": 2824000,
            "revenue": 25302000,
            "common_shares": 38874000,
            "book_valuer_per_share": 4.18,
            "book_valuer_per_share_4q_avg": 5.49,
            "equity": 27519000,
            "current_ratio": 98.74,
            "debt_ratio": 76.26,
            "inventory_turnover_ratio": 4.85,
            "account_receivable_turnover_ratio": 0.97,
            "reinvestment_rate": -5.46,
            "research_to_sale_ratio": 6.24,
            "price_fair": 216.39,
            "eps_avg_yearly": 6.18,
            "eps_latest_yearly": 8.16,
            "eps_growth_yearly": 49.5
        },
        "20084": {
            "year_quarter": 20084,
            "year": 2008,
            "quarter": 4,
            "eps": 3.29,
            "eps_growth_year": 15.82,
            "eps_4q": 8.91,
            "eps_4q_growth_year": 23.29,
            "roe": 21.6,
            "roe_4q": 49.54,
            "gross_profit": 12935000,
            "gross_margin": 47.9,
            "gross_margin_4q_avg": 43.99,
            "net_income": 4426000,
            "revenue": 27005000,
            "common_shares": 39129000,
            "book_valuer_per_share": -5.7,
            "book_valuer_per_share_4q_avg": 1.88,
            "equity": 13466000,
            "current_ratio": 115.48,
            "debt_ratio": 87.7,
            "inventory_turnover_ratio": 4.94,
            "account_receivable_turnover_ratio": 1.03,
            "reinvestment_rate": -5.68,
            "research_to_sale_ratio": 5.66,
            "price_fair": 230.56,
            "eps_avg_yearly": 6.59,
            "eps_latest_yearly": 13.16,
            "eps_growth_yearly": 43.94
        },
        "20091": {
            "year_quarter": 20091,
            "year": 2009,
            "quarter": 1,
            "eps": 1.85,
            "eps_growth_year": 12.84,
            "eps_4q": 9.12,
            "eps_4q_growth_year": 19.16,
            "roe": 16.97,
            "roe_4q": 58.4,
            "gross_profit": 9430000,
            "gross_margin": 43.43,
            "gross_margin_4q_avg": 44.47,
            "net_income": 2296000,
            "revenue": 21711000,
            "common_shares": 39430000,
            "book_valuer_per_share": -5.44,
            "book_valuer_per_share_4q_avg": -0.75,
            "equity": 13601000,
            "current_ratio": 117.56,
            "debt_ratio": 86.66,
            "inventory_turnover_ratio": 4.5,
            "account_receivable_turnover_ratio": 0.85,
            "reinvestment_rate": -6.3,
            "research_to_sale_ratio": 6.82,
            "price_fair": 239.31,
            "eps_avg_yearly": 6.84,
            "eps_latest_yearly": 7.4,
            "eps_growth_yearly": 45.27
        },
        "20092": {
            "year_quarter": 20092,
            "year": 2009,
            "quarter": 2,
            "eps": 2.36,
            "eps_growth_year": 20.92,
            "eps_4q": 9.53,
            "eps_4q_growth_year": 17.61,
            "roe": 21.41,
            "roe_4q": 70.1,
            "gross_profit": 10581000,
            "gross_margin": 45.51,
            "gross_margin_4q_avg": 45.04,
            "net_income": 3103000,
            "revenue": 23250000,
            "common_shares": 39774000,
            "book_valuer_per_share": -4.53,
            "book_valuer_per_share_4q_avg": -2.87,
            "equity": 15380000,
            "current_ratio": 121.97,
            "debt_ratio": 85.16,
            "inventory_turnover_ratio": 4.65,
            "account_receivable_turnover_ratio": 0.98,
            "reinvestment_rate": -3.84,
            "research_to_sale_ratio": 6.17,
            "price_fair": 249.11,
            "eps_avg_yearly": 7.12,
            "eps_latest_yearly": 9.44,
            "eps_growth_yearly": 40.69
        },
        "20093": {
            "year_quarter": 20093,
            "year": 2009,
            "quarter": 3,
            "eps": 2.42,
            "eps_growth_year": 18.64,
            "eps_4q": 9.91,
            "eps_4q_growth_year": 17.1,
            "roe": 19.04,
            "roe_4q": 79.02000000000001,
            "gross_profit": 10628000,
            "gross_margin": 45.1,
            "gross_margin_4q_avg": 45.49,
            "net_income": 3215000,
            "revenue": 23566000,
            "common_shares": 40482000,
            "book_valuer_per_share": -2.52,
            "book_valuer_per_share_4q_avg": -4.55,
            "equity": 18396000,
            "current_ratio": 131.81,
            "debt_ratio": 82.26,
            "inventory_turnover_ratio": 4.94,
            "account_receivable_turnover_ratio": 0.99,
            "reinvestment_rate": 1.16,
            "research_to_sale_ratio": 6.14,
            "price_fair": 262.06,
            "eps_avg_yearly": 7.49,
            "eps_latest_yearly": 9.68,
            "eps_growth_yearly": 47.38
        },
        "20094": {
            "year_quarter": 20094,
            "year": 2009,
            "quarter": 4,
            "eps": 3.65,
            "eps_growth_year": 10.96,
            "eps_4q": 10.27,
            "eps_4q_growth_year": 15.24,
            "roe": 23.45,
            "roe_4q": 80.86999999999999,
            "gross_profit": 13148000,
            "gross_margin": 48.28,
            "gross_margin_4q_avg": 45.58,
            "net_income": 4812000,
            "revenue": 27232000,
            "common_shares": 41810000,
            "book_valuer_per_share": -0.05,
            "book_valuer_per_share_4q_avg": -3.14,
            "equity": 22637000,
            "current_ratio": 135.92,
            "debt_ratio": 79.24,
            "inventory_turnover_ratio": 5.59,
            "account_receivable_turnover_ratio": 1.08,
            "reinvestment_rate": 1.88,
            "research_to_sale_ratio": 5.36,
            "price_fair": 284.38,
            "eps_avg_yearly": 8.13,
            "eps_latest_yearly": 14.6,
            "eps_growth_yearly": 55.83
        },
        "20101": {
            "year_quarter": 20101,
            "year": 2010,
            "quarter": 1,
            "eps": 2.45,
            "eps_growth_year": 32.9,
            "eps_4q": 10.88,
            "eps_4q_growth_year": 19.25,
            "roe": 11.65,
            "roe_4q": 75.55,
            "gross_profit": 9976000,
            "gross_margin": 43.65,
            "gross_margin_4q_avg": 45.64,
            "net_income": 2601000,
            "revenue": 22857000,
            "common_shares": 42665000,
            "book_valuer_per_share": -1.15,
            "book_valuer_per_share_4q_avg": -2.06,
            "equity": 22033000,
            "current_ratio": 132.17,
            "debt_ratio": 79.06,
            "inventory_turnover_ratio": 5.13,
            "account_receivable_turnover_ratio": 0.91,
            "reinvestment_rate": 1.34,
            "research_to_sale_ratio": 6.6,
            "price_fair": 296.36,
            "eps_avg_yearly": 8.47,
            "eps_latest_yearly": 9.8,
            "eps_growth_yearly": 48.06
        },
        "20102": {
            "year_quarter": 20102,
            "year": 2010,
            "quarter": 2,
            "eps": 2.69,
            "eps_growth_year": 14.06,
            "eps_4q": 11.21,
            "eps_4q_growth_year": 17.62,
            "roe": 15.72,
            "roe_4q": 69.86,
            "gross_profit": 10810000,
            "gross_margin": 45.57,
            "gross_margin_4q_avg": 45.65,
            "net_income": 3386000,
            "revenue": 23724000,
            "common_shares": 43522000,
            "book_valuer_per_share": -1.59,
            "book_valuer_per_share_4q_avg": -1.33,
            "equity": 21059000,
            "current_ratio": 128.3,
            "debt_ratio": 79.64,
            "inventory_turnover_ratio": 5.05,
            "account_receivable_turnover_ratio": 1.01,
            "reinvestment_rate": 1.37,
            "research_to_sale_ratio": 6.22,
            "price_fair": 308.53,
            "eps_avg_yearly": 8.82,
            "eps_latest_yearly": 10.76,
            "eps_growth_yearly": 45.42
        },
        "20103": {
            "year_quarter": 20103,
            "year": 2010,
            "quarter": 3,
            "eps": 2.92,
            "eps_growth_year": 20.71,
            "eps_4q": 11.71,
            "eps_4q_growth_year": 18.17,
            "roe": 16.58,
            "roe_4q": 67.39999999999999,
            "gross_profit": 11001000,
            "gross_margin": 45.33,
            "gross_margin_4q_avg": 45.71,
            "net_income": 3589000,
            "revenue": 24271000,
            "common_shares": 44328000,
            "book_valuer_per_share": -2.83,
            "book_valuer_per_share_4q_avg": -1.41,
            "equity": 22238000,
            "current_ratio": 125.47,
            "debt_ratio": 79.25,
            "inventory_turnover_ratio": 5.08,
            "account_receivable_turnover_ratio": 1.01,
            "reinvestment_rate": -5.37,
            "research_to_sale_ratio": 6.03,
            "price_fair": 321.39,
            "eps_avg_yearly": 9.18,
            "eps_latest_yearly": 11.68,
            "eps_growth_yearly": 44.67
        },
        "20104": {
            "year_quarter": 20104,
            "year": 2010,
            "quarter": 4,
            "eps": 4.37,
            "eps_growth_year": 19.91,
            "eps_4q": 12.44,
            "eps_4q_growth_year": 21.09,
            "roe": 23.39,
            "roe_4q": 67.34,
            "gross_profit": 14226000,
            "gross_margin": 49.02,
            "gross_margin_4q_avg": 45.89,
            "net_income": 5295000,
            "revenue": 29018000,
            "common_shares": 45418000,
            "book_valuer_per_share": -4.54,
            "book_valuer_per_share_4q_avg": -2.53,
            "equity": 23046000,
            "current_ratio": 118.62,
            "debt_ratio": 79.69,
            "inventory_turnover_ratio": 5.82,
            "account_receivable_turnover_ratio": 1.1,
            "reinvestment_rate": -5.73,
            "research_to_sale_ratio": 5.44,
            "price_fair": 340.03,
            "eps_avg_yearly": 9.72,
            "eps_latest_yearly": 17.48,
            "eps_growth_yearly": 43.47
        },
        "20111": {
            "year_quarter": 20111,
            "year": 2011,
            "quarter": 1,
            "eps": 2.58,
            "eps_growth_year": 5.23,
            "eps_4q": 12.57,
            "eps_4q_growth_year": 15.51,
            "roe": 12.52,
            "roe_4q": 68.21,
            "gross_profit": 10858000,
            "gross_margin": 44.13,
            "gross_margin_4q_avg": 46.01,
            "net_income": 2863000,
            "revenue": 24607000,
            "common_shares": 46278000,
            "book_valuer_per_share": -5,
            "book_valuer_per_share_4q_avg": -3.49,
            "equity": 22671000,
            "current_ratio": 117.67,
            "debt_ratio": 79.93,
            "inventory_turnover_ratio": 5.5,
            "account_receivable_turnover_ratio": 0.91,
            "reinvestment_rate": -7.21,
            "research_to_sale_ratio": 6.45,
            "price_fair": 352.01,
            "eps_avg_yearly": 10.06,
            "eps_latest_yearly": 10.32,
            "eps_growth_yearly": 44.72
        },
        "20112": {
            "year_quarter": 20112,
            "year": 2011,
            "quarter": 2,
            "eps": 3.25,
            "eps_growth_year": 20.81,
            "eps_4q": 13.13,
            "eps_4q_growth_year": 17.08,
            "roe": 16,
            "roe_4q": 68.49,
            "gross_profit": 12384000,
            "gross_margin": 46.44,
            "gross_margin_4q_avg": 46.23,
            "net_income": 3664000,
            "revenue": 26666000,
            "common_shares": 46975000,
            "book_valuer_per_share": -4.76,
            "book_valuer_per_share_4q_avg": -4.28,
            "equity": 23127000,
            "current_ratio": 117.8,
            "debt_ratio": 79.62,
            "inventory_turnover_ratio": 5.58,
            "account_receivable_turnover_ratio": 1.02,
            "reinvestment_rate": -8,
            "research_to_sale_ratio": 5.88,
            "price_fair": 367.33,
            "eps_avg_yearly": 10.5,
            "eps_latest_yearly": 13,
            "eps_growth_yearly": 45.22
        },
        "20113": {
            "year_quarter": 20113,
            "year": 2011,
            "quarter": 3,
            "eps": 3.31,
            "eps_growth_year": 13.45,
            "eps_4q": 13.52,
            "eps_4q_growth_year": 15.43,
            "roe": 16.91,
            "roe_4q": 68.82,
            "gross_profit": 12173000,
            "gross_margin": 46.54,
            "gross_margin_4q_avg": 46.53,
            "net_income": 3839000,
            "revenue": 26157000,
            "common_shares": 47558000,
            "book_valuer_per_share": -4.8,
            "book_valuer_per_share_4q_avg": -4.78,
            "equity": 22291000,
            "current_ratio": 125.94,
            "debt_ratio": 79.76,
            "inventory_turnover_ratio": 5.34,
            "account_receivable_turnover_ratio": 1.02,
            "reinvestment_rate": -1.86,
            "research_to_sale_ratio": 5.91,
            "price_fair": 381.59,
            "eps_avg_yearly": 10.9,
            "eps_latest_yearly": 13.24,
            "eps_growth_yearly": 42.68
        },
        "20114": {
            "year_quarter": 20114,
            "year": 2011,
            "quarter": 4,
            "eps": 4.73,
            "eps_growth_year": 8.17,
            "eps_4q": 13.88,
            "eps_4q_growth_year": 11.56,
            "roe": 25.86,
            "roe_4q": 71.28999999999999,
            "gross_profit": 14722000,
            "gross_margin": 49.93,
            "gross_margin_4q_avg": 46.76,
            "net_income": 5487000,
            "revenue": 29486000,
            "common_shares": 48129000,
            "book_valuer_per_share": -8.14,
            "book_valuer_per_share_4q_avg": -5.68,
            "equity": 20138000,
            "current_ratio": 120.9,
            "debt_ratio": 82.7,
            "inventory_turnover_ratio": 5.61,
            "account_receivable_turnover_ratio": 1.08,
            "reinvestment_rate": -5.23,
            "research_to_sale_ratio": 5.28,
            "price_fair": 398.13,
            "eps_avg_yearly": 11.38,
            "eps_latest_yearly": 18.92,
            "eps_growth_yearly": 36.15
        },
        "20121": {
            "year_quarter": 20121,
            "year": 2012,
            "quarter": 1,
            "eps": 2.62,
            "eps_growth_year": 1.32,
            "eps_4q": 13.91,
            "eps_4q_growth_year": 10.69,
            "roe": 15.02,
            "roe_4q": 73.78999999999999,
            "gross_profit": 11118000,
            "gross_margin": 45.06,
            "gross_margin_4q_avg": 46.99,
            "net_income": 3067000,
            "revenue": 24673000,
            "common_shares": 48800000,
            "book_valuer_per_share": -9.02,
            "book_valuer_per_share_4q_avg": -6.68,
            "equity": 20701000,
            "current_ratio": 127.84,
            "debt_ratio": 82.05,
            "inventory_turnover_ratio": 5.07,
            "account_receivable_turnover_ratio": 0.87,
            "reinvestment_rate": -4.28,
            "research_to_sale_ratio": 6.49,
            "price_fair": 406.7,
            "eps_avg_yearly": 11.62,
            "eps_latest_yearly": 10.48,
            "eps_growth_yearly": 35.56
        },
        "20122": {
            "year_quarter": 20122,
            "year": 2012,
            "quarter": 2,
            "eps": 3.28,
            "eps_growth_year": 0.86,
            "eps_4q": 13.94,
            "eps_4q_growth_year": 6.19,
            "roe": 18.85,
            "roe_4q": 76.64,
            "gross_profit": 12281000,
            "gross_margin": 47.63,
            "gross_margin_4q_avg": 47.29,
            "net_income": 3881000,
            "revenue": 25783000,
            "common_shares": 49157000,
            "book_valuer_per_share": -9.56,
            "book_valuer_per_share_4q_avg": -7.88,
            "equity": 20472000,
            "current_ratio": 121.82,
            "debt_ratio": 82.01,
            "inventory_turnover_ratio": 4.9,
            "account_receivable_turnover_ratio": 0.96,
            "reinvestment_rate": -2.73,
            "research_to_sale_ratio": 6.16,
            "price_fair": 418.34,
            "eps_avg_yearly": 11.95,
            "eps_latest_yearly": 13.12,
            "eps_growth_yearly": 37.13
        },
        "20123": {
            "year_quarter": 20123,
            "year": 2012,
            "quarter": 3,
            "eps": 3.48,
            "eps_growth_year": 4.91,
            "eps_4q": 14.1,
            "eps_4q_growth_year": 4.31,
            "roe": 18.2,
            "roe_4q": 77.92999999999999,
            "gross_profit": 11731000,
            "gross_margin": 47.4,
            "gross_margin_4q_avg": 47.51,
            "net_income": 3823000,
            "revenue": 24747000,
            "common_shares": 49603000,
            "book_valuer_per_share": -9.11,
            "book_valuer_per_share_4q_avg": -8.96,
            "equity": 21541000,
            "current_ratio": 121.88,
            "debt_ratio": 81.4,
            "inventory_turnover_ratio": 4.87,
            "account_receivable_turnover_ratio": 0.92,
            "reinvestment_rate": -0.55,
            "research_to_sale_ratio": 6.2,
            "price_fair": 430.94,
            "eps_avg_yearly": 12.31,
            "eps_latest_yearly": 13.92,
            "eps_growth_yearly": 37.5
        },
        "20124": {
            "year_quarter": 20124,
            "year": 2012,
            "quarter": 4,
            "eps": 5.21,
            "eps_growth_year": 10.2,
            "eps_4q": 14.58,
            "eps_4q_growth_year": 5.1,
            "roe": 28.88,
            "roe_4q": 80.95,
            "gross_profit": 15167000,
            "gross_margin": 51.76,
            "gross_margin_4q_avg": 47.96,
            "net_income": 5833000,
            "revenue": 29304000,
            "common_shares": 50110000,
            "book_valuer_per_share": -12.69,
            "book_valuer_per_share_4q_avg": -10.1,
            "equity": 18860000,
            "current_ratio": 113.31,
            "debt_ratio": 84.18,
            "inventory_turnover_ratio": 5.8,
            "account_receivable_turnover_ratio": 1.02,
            "reinvestment_rate": 0.6,
            "research_to_sale_ratio": 5.39,
            "price_fair": 447.74,
            "eps_avg_yearly": 12.79,
            "eps_latest_yearly": 20.84,
            "eps_growth_yearly": 34.61
        },
        "20131": {
            "year_quarter": 20131,
            "year": 2013,
            "quarter": 1,
            "eps": 2.49,
            "eps_growth_year": -4.65,
            "eps_4q": 14.46,
            "eps_4q_growth_year": 3.97,
            "roe": 15.98,
            "roe_4q": 81.91,
            "gross_profit": 10678000,
            "gross_margin": 45.62,
            "gross_margin_4q_avg": 48.1,
            "net_income": 3032000,
            "revenue": 23408000,
            "common_shares": 50522000,
            "book_valuer_per_share": -12.21,
            "book_valuer_per_share_4q_avg": -10.89,
            "equity": 19092000,
            "current_ratio": 116.21,
            "debt_ratio": 83.72,
            "inventory_turnover_ratio": 5.41,
            "account_receivable_turnover_ratio": 0.8,
            "reinvestment_rate": -1.13,
            "research_to_sale_ratio": 7.02,
            "price_fair": 453.34,
            "eps_avg_yearly": 12.95,
            "eps_latest_yearly": 9.96,
            "eps_growth_yearly": 32.5
        },
        "20132": {
            "year_quarter": 20132,
            "year": 2013,
            "quarter": 2,
            "eps": 3.65,
            "eps_growth_year": 11.34,
            "eps_4q": 14.83,
            "eps_4q_growth_year": 6.42,
            "roe": 17.51,
            "roe_4q": 80.57000000000001,
            "gross_profit": 12132000,
            "gross_margin": 48.68,
            "gross_margin_4q_avg": 48.37,
            "net_income": 3226000,
            "revenue": 24924000,
            "common_shares": 50886000,
            "book_valuer_per_share": -13.24,
            "book_valuer_per_share_4q_avg": -11.81,
            "equity": 17756000,
            "current_ratio": 116.75,
            "debt_ratio": 84.58,
            "inventory_turnover_ratio": 5.32,
            "account_receivable_turnover_ratio": 0.87,
            "reinvestment_rate": -2.51,
            "research_to_sale_ratio": 6.21,
            "price_fair": 464.63,
            "eps_avg_yearly": 13.28,
            "eps_latest_yearly": 14.6,
            "eps_growth_yearly": 37.26
        },
        "20133": {
            "year_quarter": 20133,
            "year": 2013,
            "quarter": 3,
            "eps": 3.54,
            "eps_growth_year": 1.93,
            "eps_4q": 14.9,
            "eps_4q_growth_year": 5.67,
            "roe": 22,
            "roe_4q": 84.37,
            "gross_profit": 11430000,
            "gross_margin": 48.98,
            "gross_margin_4q_avg": 48.76,
            "net_income": 4140000,
            "revenue": 23338000,
            "common_shares": 51203000,
            "book_valuer_per_share": -13.82,
            "book_valuer_per_share_4q_avg": -12.99,
            "equity": 19877000,
            "current_ratio": 121.19,
            "debt_ratio": 83.13,
            "inventory_turnover_ratio": 4.88,
            "account_receivable_turnover_ratio": 0.82,
            "reinvestment_rate": -2.15,
            "research_to_sale_ratio": 5.81,
            "price_fair": 474.43,
            "eps_avg_yearly": 13.56,
            "eps_latest_yearly": 14.16,
            "eps_growth_yearly": 35.87
        },
        "20134": {
            "year_quarter": 20134,
            "year": 2013,
            "quarter": 4,
            "eps": 6.17,
            "eps_growth_year": 18.37,
            "eps_4q": 15.86,
            "eps_4q_growth_year": 8.74,
            "roe": 29.14,
            "roe_4q": 84.63000000000001,
            "gross_profit": 14337000,
            "gross_margin": 52.35,
            "gross_margin_4q_avg": 48.91,
            "net_income": 6217000,
            "revenue": 27385000,
            "common_shares": 51594000,
            "book_valuer_per_share": -11.63,
            "book_valuer_per_share_4q_avg": -12.73,
            "equity": 22792000,
            "current_ratio": 127.88,
            "debt_ratio": 81.94,
            "inventory_turnover_ratio": 5.43,
            "account_receivable_turnover_ratio": 0.91,
            "reinvestment_rate": -2.46,
            "research_to_sale_ratio": 5.3,
            "price_fair": 496.48,
            "eps_avg_yearly": 14.19,
            "eps_latest_yearly": 24.68,
            "eps_growth_yearly": 41.73
        },
        "20141": {
            "year_quarter": 20141,
            "year": 2014,
            "quarter": 1,
            "eps": 3.03,
            "eps_growth_year": 21.51,
            "eps_4q": 16.39,
            "eps_4q_growth_year": 13.37,
            "roe": 12.84,
            "roe_4q": 81.49000000000001,
            "gross_profit": 10628000,
            "gross_margin": 47.8,
            "gross_margin_4q_avg": 49.45,
            "net_income": 2530000,
            "revenue": 22236000,
            "common_shares": 51943000,
            "book_valuer_per_share": -18.08,
            "book_valuer_per_share_4q_avg": -14.19,
            "equity": 16607000,
            "current_ratio": 116.81,
            "debt_ratio": 86.46,
            "inventory_turnover_ratio": 4.87,
            "account_receivable_turnover_ratio": 0.72,
            "reinvestment_rate": -2.09,
            "research_to_sale_ratio": 6.31,
            "price_fair": 501.55,
            "eps_avg_yearly": 14.33,
            "eps_latest_yearly": 12.12,
            "eps_growth_yearly": 37.23
        },
        "20142": {
            "year_quarter": 20142,
            "year": 2014,
            "quarter": 2,
            "eps": 4,
            "eps_growth_year": 9.64,
            "eps_4q": 16.75,
            "eps_4q_growth_year": 12.9,
            "roe": 25.02,
            "roe_4q": 89,
            "gross_profit": 12044000,
            "gross_margin": 50.09,
            "gross_margin_4q_avg": 49.81,
            "net_income": 4252000,
            "revenue": 24047000,
            "common_shares": 52163000,
            "book_valuer_per_share": -17.82,
            "book_valuer_per_share_4q_avg": -15.34,
            "equity": 17377000,
            "current_ratio": 113.55,
            "debt_ratio": 86.02,
            "inventory_turnover_ratio": 5.01,
            "account_receivable_turnover_ratio": 0.81,
            "reinvestment_rate": -2.56,
            "research_to_sale_ratio": 5.66,
            "price_fair": 513.01,
            "eps_avg_yearly": 14.66,
            "eps_latest_yearly": 16,
            "eps_growth_yearly": 42.78
        },
        "20143": {
            "year_quarter": 20143,
            "year": 2014,
            "quarter": 3,
            "eps": 3.23,
            "eps_growth_year": -8.78,
            "eps_4q": 16.44,
            "eps_4q_growth_year": 10.3,
            "roe": 21.84,
            "roe_4q": 88.84,
            "gross_profit": 10874000,
            "gross_margin": 48.55,
            "gross_margin_4q_avg": 49.7,
            "net_income": 3455000,
            "revenue": 22397000,
            "common_shares": 52446000,
            "book_valuer_per_share": -20.37,
            "book_valuer_per_share_4q_avg": -16.98,
            "equity": 14255000,
            "current_ratio": 111.48,
            "debt_ratio": 88.01,
            "inventory_turnover_ratio": 4.91,
            "account_receivable_turnover_ratio": 0.77,
            "reinvestment_rate": -6.49,
            "research_to_sale_ratio": 6.05,
            "price_fair": 515.73,
            "eps_avg_yearly": 14.74,
            "eps_latest_yearly": 12.92,
            "eps_growth_yearly": 35.83
        },
        "20144": {
            "year_quarter": 20144,
            "year": 2014,
            "quarter": 4,
            "eps": 6.65,
            "eps_growth_year": 7.7,
            "eps_4q": 16.91,
            "eps_4q_growth_year": 6.64,
            "roe": 42.23,
            "roe_4q": 101.92999999999999,
            "gross_profit": 12862000,
            "gross_margin": 53.34,
            "gross_margin_4q_avg": 49.95,
            "net_income": 5516000,
            "revenue": 24113000,
            "common_shares": 52666000,
            "book_valuer_per_share": -22,
            "book_valuer_per_share_4q_avg": -19.57,
            "equity": 11868000,
            "current_ratio": 119.7,
            "debt_ratio": 89.88,
            "inventory_turnover_ratio": 5.05,
            "account_receivable_turnover_ratio": 0.81,
            "reinvestment_rate": -6.14,
            "research_to_sale_ratio": 5.47,
            "price_fair": 535.68,
            "eps_avg_yearly": 15.31,
            "eps_latest_yearly": 26.6,
            "eps_growth_yearly": 49.89
        },
        "20151": {
            "year_quarter": 20151,
            "year": 2015,
            "quarter": 1,
            "eps": 2.58,
            "eps_growth_year": -14.93,
            "eps_4q": 16.46,
            "eps_4q_growth_year": 0.39,
            "roe": 20.13,
            "roe_4q": 109.22,
            "gross_profit": 9452000,
            "gross_margin": 48.25,
            "gross_margin_4q_avg": 50.06,
            "net_income": 2416000,
            "revenue": 19590000,
            "common_shares": 52928000,
            "book_valuer_per_share": -21.04,
            "book_valuer_per_share_4q_avg": -20.31,
            "equity": 12141000,
            "current_ratio": 129.96,
            "debt_ratio": 89.16,
            "inventory_turnover_ratio": 4.98,
            "account_receivable_turnover_ratio": 0.66,
            "reinvestment_rate": -6.81,
            "research_to_sale_ratio": 6.63,
            "price_fair": 535.68,
            "eps_avg_yearly": 15.31,
            "eps_latest_yearly": 10.32,
            "eps_growth_yearly": 44.83
        },
        "20152": {
            "year_quarter": 20152,
            "year": 2015,
            "quarter": 2,
            "eps": 3.61,
            "eps_growth_year": -9.67,
            "eps_4q": 16.07,
            "eps_4q_growth_year": -4.03,
            "roe": 27.31,
            "roe_4q": 111.50999999999999,
            "gross_profit": 10390000,
            "gross_margin": 49.92,
            "gross_margin_4q_avg": 50.02,
            "net_income": 3526000,
            "revenue": 20813000,
            "common_shares": 53059000,
            "book_valuer_per_share": -20.2,
            "book_valuer_per_share_4q_avg": -20.9,
            "equity": 13684000,
            "current_ratio": 127.16,
            "debt_ratio": 87.86,
            "inventory_turnover_ratio": 5.37,
            "account_receivable_turnover_ratio": 0.75,
            "reinvestment_rate": -5.98,
            "research_to_sale_ratio": 6.25,
            "price_fair": 538.83,
            "eps_avg_yearly": 15.4,
            "eps_latest_yearly": 14.44,
            "eps_growth_yearly": 48.32
        },
        "20153": {
            "year_quarter": 20153,
            "year": 2015,
            "quarter": 3,
            "eps": 3.3,
            "eps_growth_year": 2.17,
            "eps_4q": 16.14,
            "eps_4q_growth_year": -1.79,
            "roe": 21.96,
            "roe_4q": 111.63,
            "gross_profit": 9436000,
            "gross_margin": 48.94,
            "gross_margin_4q_avg": 50.11,
            "net_income": 2962000,
            "revenue": 19280000,
            "common_shares": 53220000,
            "book_valuer_per_share": -20.37,
            "book_valuer_per_share_4q_avg": -20.9,
            "equity": 13293000,
            "current_ratio": 124.84,
            "debt_ratio": 87.77,
            "inventory_turnover_ratio": 5.59,
            "account_receivable_turnover_ratio": 0.73,
            "reinvestment_rate": -5.23,
            "research_to_sale_ratio": 6.68,
            "price_fair": 538.74,
            "eps_avg_yearly": 15.39,
            "eps_latest_yearly": 13.2,
            "eps_growth_yearly": 45.71
        },
        "20154": {
            "year_quarter": 20154,
            "year": 2015,
            "quarter": 4,
            "eps": 4.89,
            "eps_growth_year": -26.38,
            "eps_4q": 14.39,
            "eps_4q_growth_year": -14.92,
            "roe": 32.38,
            "roe_4q": 101.78,
            "gross_profit": 11407000,
            "gross_margin": 51.71,
            "gross_margin_4q_avg": 49.71,
            "net_income": 4461000,
            "revenue": 22059000,
            "common_shares": 53262000,
            "book_valuer_per_share": -22,
            "book_valuer_per_share_4q_avg": -20.9,
            "equity": 14262000,
            "current_ratio": 124.03,
            "debt_ratio": 87.09,
            "inventory_turnover_ratio": 6.73,
            "account_receivable_turnover_ratio": 0.82,
            "reinvestment_rate": -5.7,
            "research_to_sale_ratio": 6.17,
            "price_fair": 540.14,
            "eps_avg_yearly": 15.43,
            "eps_latest_yearly": 19.56,
            "eps_growth_yearly": 47.03
        },
        "20161": {
            "year_quarter": 20161,
            "year": 2016,
            "quarter": 1,
            "eps": 3.37,
            "eps_growth_year": 30.56,
            "eps_4q": 15.18,
            "eps_4q_growth_year": -7.79,
            "roe": 13.82,
            "roe_4q": 95.47,
            "gross_profit": 8685000,
            "gross_margin": 46.48,
            "gross_margin_4q_avg": 49.26,
            "net_income": 2017000,
            "revenue": 18684000,
            "common_shares": 53439000,
            "book_valuer_per_share": -24.76,
            "book_valuer_per_share_4q_avg": -21.83,
            "equity": 14925000,
            "current_ratio": 137.38,
            "debt_ratio": 87.44,
            "inventory_turnover_ratio": 6.17,
            "account_receivable_turnover_ratio": 0.68,
            "reinvestment_rate": -5.59,
            "research_to_sale_ratio": 7.8,
            "price_fair": 546.7,
            "eps_avg_yearly": 15.62,
            "eps_latest_yearly": 13.48,
            "eps_growth_yearly": 50.41
        },
        "20162": {
            "year_quarter": 20162,
            "year": 2016,
            "quarter": 2,
            "eps": 3.01,
            "eps_growth_year": -16.7,
            "eps_4q": 14.57,
            "eps_4q_growth_year": -9.32,
            "roe": 16.34,
            "roe_4q": 84.5,
            "gross_profit": 9702000,
            "gross_margin": 47.94,
            "gross_margin_4q_avg": 48.77,
            "net_income": 2505000,
            "revenue": 20238000,
            "common_shares": 53565000,
            "book_valuer_per_share": -27.03,
            "book_valuer_per_share_4q_avg": -23.54,
            "equity": 15733000,
            "current_ratio": 129.59,
            "debt_ratio": 86.67,
            "inventory_turnover_ratio": 6.24,
            "account_receivable_turnover_ratio": 0.76,
            "reinvestment_rate": -6.18,
            "research_to_sale_ratio": 7.24,
            "price_fair": 544.34,
            "eps_avg_yearly": 15.55,
            "eps_latest_yearly": 12.04,
            "eps_growth_yearly": 41.44
        },
        "20163": {
            "year_quarter": 20163,
            "year": 2016,
            "quarter": 3,
            "eps": 3.36,
            "eps_growth_year": 1.85,
            "eps_4q": 14.63,
            "eps_4q_growth_year": -9.34,
            "roe": 17.43,
            "roe_4q": 79.97,
            "gross_profit": 9013000,
            "gross_margin": 46.88,
            "gross_margin_4q_avg": 48.25,
            "net_income": 2854000,
            "revenue": 19226000,
            "common_shares": 53759000,
            "book_valuer_per_share": -25.53,
            "book_valuer_per_share_4q_avg": -24.83,
            "equity": 17010000,
            "current_ratio": 120.28,
            "debt_ratio": 85.29,
            "inventory_turnover_ratio": 5.98,
            "account_receivable_turnover_ratio": 0.74,
            "reinvestment_rate": -6.46,
            "research_to_sale_ratio": 7.27,
            "price_fair": 543.29,
            "eps_avg_yearly": 15.52,
            "eps_latest_yearly": 13.44,
            "eps_growth_yearly": 42.83
        },
        "20164": {
            "year_quarter": 20164,
            "year": 2016,
            "quarter": 4,
            "eps": 5.07,
            "eps_growth_year": 3.66,
            "eps_4q": 14.81,
            "eps_4q_growth_year": 2.95,
            "roe": 25.56,
            "roe_4q": 73.15,
            "gross_profit": 11115000,
            "gross_margin": 51.06,
            "gross_margin_4q_avg": 48.09,
            "net_income": 4505000,
            "revenue": 21770000,
            "common_shares": 53935000,
            "book_valuer_per_share": -23.94,
            "book_valuer_per_share_4q_avg": -25.32,
            "equity": 18246000,
            "current_ratio": 120.99,
            "debt_ratio": 84.47,
            "inventory_turnover_ratio": 6.49,
            "account_receivable_turnover_ratio": 0.8,
            "reinvestment_rate": -6.6,
            "research_to_sale_ratio": 6.46,
            "price_fair": 542.06,
            "eps_avg_yearly": 15.49,
            "eps_latest_yearly": 20.28,
            "eps_growth_yearly": 43.12
        },
        "20171": {
            "year_quarter": 20171,
            "year": 2017,
            "quarter": 1,
            "eps": 2.74,
            "eps_growth_year": -18.65,
            "eps_4q": 14.19,
            "eps_4q_growth_year": -6.53,
            "roe": 9.59,
            "roe_4q": 68.92,
            "gross_profit": 7944000,
            "gross_margin": 43.76,
            "gross_margin_4q_avg": 47.41,
            "net_income": 1753000,
            "revenue": 18155000,
            "common_shares": 445240,
            "book_valuer_per_share": -23.86,
            "book_valuer_per_share_4q_avg": -25.09,
            "equity": 18327000,
            "current_ratio": 117.57,
            "debt_ratio": 84.4,
            "inventory_turnover_ratio": 6.46,
            "account_receivable_turnover_ratio": 0.66,
            "reinvestment_rate": -4.05,
            "research_to_sale_ratio": 8.17,
            "price_fair": 544.25,
            "eps_avg_yearly": 15.55,
            "eps_latest_yearly": 10.96,
            "eps_growth_yearly": 44.68
        },
        "20172": {
            "year_quarter": 20172,
            "year": 2017,
            "quarter": 2,
            "eps": 3.19,
            "eps_growth_year": 6.12,
            "eps_4q": 14.37,
            "eps_4q_growth_year": -1.4,
            "roe": 12.69,
            "roe_4q": 65.27000000000001,
            "gross_profit": 8968000,
            "gross_margin": 46.49,
            "gross_margin_4q_avg": 47.05,
            "net_income": 2332000,
            "revenue": 19289000,
            "common_shares": 445610,
            "book_valuer_per_share": -23.9,
            "book_valuer_per_share_4q_avg": -24.31,
            "equity": 18419000,
            "current_ratio": 125.15,
            "debt_ratio": 84.71,
            "inventory_turnover_ratio": 6.42,
            "account_receivable_turnover_ratio": 0.73,
            "reinvestment_rate": -4.58,
            "research_to_sale_ratio": 7.44,
            "price_fair": 540.23,
            "eps_avg_yearly": 15.44,
            "eps_latest_yearly": 12.76,
            "eps_growth_yearly": 37.14
        },
        "20173": {
            "year_quarter": 20173,
            "year": 2017,
            "quarter": 3,
            "eps": 3.57,
            "eps_growth_year": 6.15,
            "eps_4q": 14.58,
            "eps_4q_growth_year": -0.4,
            "roe": 14.33,
            "roe_4q": 62.17,
            "gross_profit": 8981000,
            "gross_margin": 46.89,
            "gross_margin_4q_avg": 47.05,
            "net_income": 2726000,
            "revenue": 19153000,
            "common_shares": 445690,
            "book_valuer_per_share": -22.83,
            "book_valuer_per_share_4q_avg": -23.63,
            "equity": 19627000,
            "current_ratio": 141.16,
            "debt_ratio": 83.86,
            "inventory_turnover_ratio": 6.14,
            "account_receivable_turnover_ratio": 0.71,
            "reinvestment_rate": -4.06,
            "research_to_sale_ratio": 6.74,
            "price_fair": 540.49,
            "eps_avg_yearly": 15.44,
            "eps_latest_yearly": 14.28,
            "eps_growth_yearly": 40.87
        },
        "20174": {
            "year_quarter": 20174,
            "year": 2017,
            "quarter": 4,
            "eps": 5.62,
            "eps_growth_year": 10.82,
            "eps_4q": 15.13,
            "eps_4q_growth_year": 2.11,
            "roe": 23.76,
            "roe_4q": 60.370000000000005,
            "gross_profit": 11049000,
            "gross_margin": 49.02,
            "gross_margin_4q_avg": 46.54,
            "net_income": 4422000,
            "revenue": 22542000,
            "common_shares": 445890,
            "book_valuer_per_share": -24.87,
            "book_valuer_per_share_4q_avg": -23.87,
            "equity": 17594000,
            "current_ratio": 133.11,
            "debt_ratio": 85.96,
            "inventory_turnover_ratio": 6.98,
            "account_receivable_turnover_ratio": 0.77,
            "reinvestment_rate": -10.64,
            "research_to_sale_ratio": 6.11,
            "price_fair": 535.68,
            "eps_avg_yearly": 15.31,
            "eps_latest_yearly": 22.48,
            "eps_growth_yearly": 36.66
        },
        "20181": {
            "year_quarter": 20181,
            "year": 2018,
            "quarter": 1,
            "eps": 3.21,
            "eps_growth_year": 17.02,
            "eps_4q": 15.59,
            "eps_4q_growth_year": 9.91,
            "roe": 9.97,
            "roe_4q": 60.75,
            "gross_profit": 8247000,
            "gross_margin": 43.24,
            "gross_margin_4q_avg": 46.41,
            "net_income": 1783000,
            "revenue": 19072000,
            "common_shares": 446090,
            "book_valuer_per_share": -24.06,
            "book_valuer_per_share_4q_avg": -23.92,
            "equity": 18166000,
            "current_ratio": 137.47,
            "debt_ratio": 85.5,
            "inventory_turnover_ratio": 6.49,
            "account_receivable_turnover_ratio": 0.63,
            "reinvestment_rate": -8.35,
            "research_to_sale_ratio": 7.37,
            "price_fair": 537.25,
            "eps_avg_yearly": 15.35,
            "eps_latest_yearly": 12.84,
            "eps_growth_yearly": 38.66
        },
        "20182": {
            "year_quarter": 20182,
            "year": 2018,
            "quarter": 2,
            "eps": 3.32,
            "eps_growth_year": 4.03,
            "eps_4q": 15.72,
            "eps_4q_growth_year": 9.4,
            "roe": 13.02,
            "roe_4q": 61.08,
            "gross_profit": 9199000,
            "gross_margin": 45.99,
            "gross_margin_4q_avg": 46.29,
            "net_income": 2389000,
            "revenue": 20003000,
            "common_shares": 446460,
            "book_valuer_per_share": -23.34,
            "book_valuer_per_share_4q_avg": -23.78,
            "equity": 18520000,
            "current_ratio": 132.03,
            "debt_ratio": 84.77,
            "inventory_turnover_ratio": 6.18,
            "account_receivable_turnover_ratio": 0.69,
            "reinvestment_rate": -4.31,
            "research_to_sale_ratio": 6.82,
            "price_fair": 531.3,
            "eps_avg_yearly": 15.18,
            "eps_latest_yearly": 13.28,
            "eps_growth_yearly": 31.51
        },
        "20183": {
            "year_quarter": 20183,
            "year": 2018,
            "quarter": 3,
            "eps": 3.68,
            "eps_growth_year": 3.16,
            "eps_4q": 15.83,
            "eps_4q_growth_year": 8.62,
            "roe": 14.06,
            "roe_4q": 60.81,
            "gross_profit": 8803000,
            "gross_margin": 46.93,
            "gross_margin_4q_avg": 46.3,
            "net_income": 2692000,
            "revenue": 18756000,
            "common_shares": 446520,
            "book_valuer_per_share": -21.87,
            "book_valuer_per_share_4q_avg": -23.54,
            "equity": 19784000,
            "current_ratio": 131.05,
            "debt_ratio": 83.78,
            "inventory_turnover_ratio": 5.48,
            "account_receivable_turnover_ratio": 0.68,
            "reinvestment_rate": -4.89,
            "research_to_sale_ratio": 6.68,
            "price_fair": 535.24,
            "eps_avg_yearly": 15.29,
            "eps_latest_yearly": 14.72,
            "eps_growth_yearly": 39.04
        },
        "20184": {
            "year_quarter": 20184,
            "year": 2018,
            "quarter": 4,
            "eps": 5.01,
            "eps_growth_year": -10.83,
            "eps_4q": 15.22,
            "eps_4q_growth_year": 0.65,
            "roe": 21.31,
            "roe_4q": 58.36,
            "gross_profit": 10688000,
            "gross_margin": 49.12,
            "gross_margin_4q_avg": 46.32,
            "net_income": 3897000,
            "revenue": 21761000,
            "common_shares": 446690,
            "book_valuer_per_share": -25.27,
            "book_valuer_per_share_4q_avg": -23.64,
            "equity": 16795000,
            "current_ratio": 128.56,
            "debt_ratio": 86.39,
            "inventory_turnover_ratio": 6.19,
            "account_receivable_turnover_ratio": 0.75,
            "reinvestment_rate": -4.99,
            "research_to_sale_ratio": 6.24,
            "price_fair": 470.28,
            "eps_avg_yearly": 14.88,
            "eps_latest_yearly": 20.04,
            "eps_growth_yearly": 21.6
        },
        "20191": {
            "year_quarter": 20191,
            "year": 2019,
            "quarter": 1,
            "eps": 2.41,
            "eps_growth_year": -24.89,
            "eps_4q": 14.43,
            "eps_4q_growth_year": -7.47,
            "roe": 10.43,
            "roe_4q": 58.81999999999999,
            "gross_profit": 8043000,
            "gross_margin": 44.24,
            "gross_margin_4q_avg": 46.57,
            "net_income": 1735000,
            "revenue": 18182000,
            "common_shares": 446960,
            "book_valuer_per_share": -25.67,
            "book_valuer_per_share_4q_avg": -24.04,
            "equity": 16481000,
            "current_ratio": 135.59,
            "debt_ratio": 87.41,
            "inventory_turnover_ratio": 5.87,
            "account_receivable_turnover_ratio": 0.62,
            "reinvestment_rate": 4.82,
            "research_to_sale_ratio": 7.88,
            "price_fair": 503.47,
            "eps_avg_yearly": 14.84,
            "eps_latest_yearly": 9.64,
            "eps_growth_yearly": 23.93
        },
        "20192": {
            "year_quarter": 20192,
            "year": 2019,
            "quarter": 2,
            "eps": 3.59,
            "eps_growth_year": 8.11,
            "eps_4q": 14.7,
            "eps_4q_growth_year": -6.52,
            "roe": 14.73,
            "roe_4q": 60.53,
            "gross_profit": 9010000,
            "gross_margin": 47.02,
            "gross_margin_4q_avg": 46.83,
            "net_income": 2513000,
            "revenue": 19161000,
            "common_shares": 447340,
            "book_valuer_per_share": -22.99,
            "book_valuer_per_share_4q_avg": -23.95,
            "equity": 17645000,
            "current_ratio": 183.03,
            "debt_ratio": 88.59,
            "inventory_turnover_ratio": 5.77,
            "account_receivable_turnover_ratio": 0.73,
            "reinvestment_rate": 4.31,
            "research_to_sale_ratio": 7.34,
            "price_fair": 519.23,
            "eps_avg_yearly": 14.84,
            "eps_latest_yearly": 14.36,
            "eps_growth_yearly": 26.19
        },
        "20193": {
            "year_quarter": 20193,
            "year": 2019,
            "quarter": 3,
            "eps": 3.04,
            "eps_growth_year": -17.44,
            "eps_4q": 14.05,
            "eps_4q_growth_year": -11.24,
            "roe": 9.43,
            "roe_4q": 55.900000000000006,
            "gross_profit": 8336000,
            "gross_margin": 46.24,
            "gross_margin_4q_avg": 46.66,
            "net_income": 1678000,
            "revenue": 18028000,
            "common_shares": 447410,
            "book_valuer_per_share": -62.79,
            "book_valuer_per_share_4q_avg": -34.18,
            "equity": 17957000,
            "current_ratio": 108.71,
            "debt_ratio": 88,
            "inventory_turnover_ratio": 5.61,
            "account_receivable_turnover_ratio": 0.79,
            "reinvestment_rate": 4.46,
            "research_to_sale_ratio": 8.61,
            "price_fair": 509.61,
            "eps_avg_yearly": 14.77,
            "eps_latest_yearly": 12.16,
            "eps_growth_yearly": 24.5
        },
        "20194": {
            "year_quarter": 20194,
            "year": 2019,
            "quarter": 4,
            "eps": -1.01,
            "eps_growth_year": -120.2,
            "eps_4q": 8.03,
            "eps_4q_growth_year": -47.27,
            "roe": 7.04,
            "roe_4q": 41.629999999999995,
            "gross_profit": 6145000,
            "gross_margin": 262.16,
            "gross_margin_4q_avg": 99.92,
            "net_income": 1366000,
            "revenue": 2344000,
            "common_shares": 447590,
            "book_valuer_per_share": -59.31,
            "book_valuer_per_share_4q_avg": -42.69,
            "equity": 20841000,
            "current_ratio": 101.91,
            "debt_ratio": 86.31,
            "inventory_turnover_ratio": -2.28,
            "account_receivable_turnover_ratio": 0.1,
            "reinvestment_rate": 4.41,
            "research_to_sale_ratio": 66.98,
            "price_fair": 336.53,
            "eps_avg_yearly": 14.45,
            "eps_latest_yearly": 12.16,
            "eps_growth_yearly": 13.29
        },
        "20201": {
            "year_quarter": 20201,
            "year": 2020,
            "quarter": 1,
            "eps": 3,
            "eps_growth_year": 24.75,
            "eps_4q": 8.62,
            "eps_4q_growth_year": -40.22,
            "roe": 6.49,
            "roe_4q": 37.69,
            "gross_profit": 7922000,
            "gross_margin": 45.09,
            "gross_margin_4q_avg": 100.13,
            "net_income": 1326000,
            "revenue": 17571000,
            "common_shares": 447780,
            "book_valuer_per_share": -58.77,
            "book_valuer_per_share_4q_avg": -50.97,
            "equity": 19999000,
            "current_ratio": 95.72,
            "debt_ratio": 86.96,
            "inventory_turnover_ratio": 5.67,
            "account_receivable_turnover_ratio": 0.79,
            "reinvestment_rate": 2.67,
            "research_to_sale_ratio": 9.25,
            "price_fair": 480.88,
            "eps_avg_yearly": 14.52,
            "eps_latest_yearly": 12.16,
            "eps_growth_yearly": 23.12
        },
        "20202": {
            "year_quarter": 20202,
            "year": 2020,
            "quarter": 2,
            "eps": 2.39,
            "eps_growth_year": -33.5,
            "eps_4q": 7.42,
            "eps_4q_growth_year": -49.51,
            "roe": 6.72,
            "roe_4q": 29.68,
            "gross_profit": 8700000,
            "gross_margin": 48.01,
            "gross_margin_4q_avg": 100.38,
            "net_income": 1362000,
            "revenue": 18123000,
            "common_shares": 448246,
            "book_valuer_per_share": -57.89,
            "book_valuer_per_share_4q_avg": -59.69,
            "equity": 20551000,
            "current_ratio": 103.93,
            "debt_ratio": 86.67,
            "inventory_turnover_ratio": 5.16,
            "account_receivable_turnover_ratio": 0.89,
            "reinvestment_rate": 3.03,
            "research_to_sale_ratio": 8.73,
            "price_fair": 435.47,
            "eps_avg_yearly": 14.34,
            "eps_latest_yearly": 9.56,
            "eps_growth_yearly": 20.36
        },
        "20203": {
            "year_quarter": 20203,
            "year": 2020,
            "quarter": 3,
            "eps": 2.61,
            "eps_growth_year": -14.09,
            "eps_4q": 6.99,
            "eps_4q_growth_year": -50.25,
            "roe": 8.04,
            "roe_4q": 28.29,
            "gross_profit": 8430000,
            "gross_margin": 48.01,
            "gross_margin_4q_avg": 100.82,
            "net_income": 1678000,
            "revenue": 17560000,
            "common_shares": 448246,
            "book_valuer_per_share": -57.36,
            "book_valuer_per_share_4q_avg": -58.33,
            "equity": 21208000,
            "current_ratio": 104.87,
            "debt_ratio": 86.24,
            "inventory_turnover_ratio": 4.78,
            "account_receivable_turnover_ratio": 0.92,
            "reinvestment_rate": 6.16,
            "research_to_sale_ratio": 8.63,
            "price_fair": 419.18,
            "eps_avg_yearly": 14.13,
            "eps_latest_yearly": 10.44,
            "eps_growth_yearly": 19.67
        },
        "20204": {
            "year_quarter": 20204,
            "year": 2020,
            "quarter": 4,
            "eps": 5.31,
            "eps_growth_year": null,
            "eps_4q": 13.31,
            "eps_4q_growth_year": 65.86,
            "roe": 5.97,
            "roe_4q": 27.22,
            "gross_profit": 10523000,
            "gross_margin": 51.67,
            "gross_margin_4q_avg": 48.2,
            "net_income": 1247000,
            "revenue": 20367000,
            "common_shares": 448594,
            "book_valuer_per_share": -52.55,
            "book_valuer_per_share_4q_avg": -56.64,
            "equity": 20598000,
            "current_ratio": 98.23,
            "debt_ratio": 86.79,
            "inventory_turnover_ratio": 5.23,
            "account_receivable_turnover_ratio": 1.14,
            "reinvestment_rate": -9.9,
            "research_to_sale_ratio": 7.91,
            "price_fair": 496.9,
            "eps_avg_yearly": 14.2,
            "eps_latest_yearly": 21.24,
            "eps_growth_yearly": 34.68
        },
        "20211": {
            "year_quarter": 20211,
            "year": 2021,
            "quarter": 1,
            "eps": 1.27,
            "eps_growth_year": -57.68,
            "eps_4q": 11.58,
            "eps_4q_growth_year": 34.31,
            "roe": 2.01,
            "roe_4q": 22.74,
            "gross_profit": 7027000,
            "gross_margin": 53.29,
            "gross_margin_4q_avg": 50.25,
            "net_income": 423000,
            "revenue": 13187000,
            "common_shares": 448803,
            "book_valuer_per_share": -58.34,
            "book_valuer_per_share_4q_avg": -56.54,
            "equity": 21389000,
            "current_ratio": 93.15,
            "debt_ratio": 85.61,
            "inventory_turnover_ratio": 3.38,
            "account_receivable_turnover_ratio": 0.78,
            "reinvestment_rate": 1.19,
            "research_to_sale_ratio": 12.25,
            "price_fair": 482.2,
            "eps_avg_yearly": 13.78,
            "eps_latest_yearly": 5.08,
            "eps_growth_yearly": 26.08
        },
        "20212": {
            "year_quarter": 20212,
            "year": 2021,
            "quarter": 2,
            "eps": 1.7,
            "eps_growth_year": -28.86,
            "eps_4q": 10.89,
            "eps_4q_growth_year": 46.81,
            "roe": 3.68,
            "roe_4q": 19.7,
            "gross_profit": 7852000,
            "gross_margin": 55.23,
            "gross_margin_4q_avg": 52.05,
            "net_income": 797000,
            "revenue": 14218000,
            "common_shares": 449397,
            "book_valuer_per_share": -59.4,
            "book_valuer_per_share_4q_avg": -56.91,
            "equity": 21942000,
            "current_ratio": 84.05,
            "debt_ratio": 85.05,
            "inventory_turnover_ratio": 3.5,
            "account_receivable_turnover_ratio": 0.86,
            "reinvestment_rate": -0.13,
            "research_to_sale_ratio": 11.54,
            "price_fair": 467.3,
            "eps_avg_yearly": 13.35,
            "eps_latest_yearly": 6.8,
            "eps_growth_yearly": 31.06
        },
        "20213": {
            "year_quarter": 20213,
            "year": 2021,
            "quarter": 3,
            "eps": 1.9,
            "eps_growth_year": -27.32,
            "eps_4q": 10.18,
            "eps_4q_growth_year": 45.59,
            "roe": 4.7,
            "roe_4q": 16.36,
            "gross_profit": 7106000,
            "gross_margin": 53.63,
            "gross_margin_4q_avg": 53.46,
            "net_income": 1037000,
            "revenue": 13251000,
            "common_shares": 449493,
            "book_valuer_per_share": -58.18,
            "book_valuer_per_share_4q_avg": -57.12,
            "equity": 22228000,
            "current_ratio": 83.63,
            "debt_ratio": 84.59,
            "inventory_turnover_ratio": 3.32,
            "account_receivable_turnover_ratio": 0.84,
            "reinvestment_rate": 8.92,
            "research_to_sale_ratio": 12.12,
            "price_fair": 450.6,
            "eps_avg_yearly": 12.87,
            "eps_latest_yearly": 7.6,
            "eps_growth_yearly": 31.02
        },
        "20214": {
            "year_quarter": 20214,
            "year": 2021,
            "quarter": 4,
            "eps": 2.36,
            "eps_growth_year": -55.53,
            "eps_4q": 7.23,
            "eps_4q_growth_year": -45.69,
            "roe": 11.51,
            "roe_4q": 21.9,
            "gross_profit": 9500000,
            "gross_margin": 56.9,
            "gross_margin_4q_avg": 54.76,
            "net_income": 2368000,
            "revenue": 16695000,
            "common_shares": 449716,
            "book_valuer_per_share": -54.84,
            "book_valuer_per_share_4q_avg": -57.69,
            "equity": 18901000,
            "current_ratio": 87.86,
            "debt_ratio": 85.68,
            "inventory_turnover_ratio": 4.06,
            "account_receivable_turnover_ratio": 1.09,
            "reinvestment_rate": -12.3,
            "research_to_sale_ratio": 9.73,
            "price_fair": 376.53,
            "eps_avg_yearly": 11.94,
            "eps_latest_yearly": 9.44,
            "eps_growth_yearly": 21.53
        },
        "20221": {
            "year_quarter": 20221,
            "year": 2022,
            "quarter": 1,
            "eps": 0.78,
            "eps_growth_year": -38.38,
            "eps_4q": 6.74,
            "eps_4q_growth_year": -41.78,
            "roe": 4.1,
            "roe_4q": 23.99,
            "gross_profit": 7335000,
            "gross_margin": 51.67,
            "gross_margin_4q_avg": 54.36,
            "net_income": 778000,
            "revenue": 14197000,
            "common_shares": 450028,
            "book_valuer_per_share": -54.89,
            "book_valuer_per_share_4q_avg": -56.83,
            "equity": 19050000,
            "current_ratio": 92,
            "debt_ratio": 85.71,
            "inventory_turnover_ratio": 4.01,
            "account_receivable_turnover_ratio": 0.96,
            "reinvestment_rate": -11.38,
            "research_to_sale_ratio": 11.83,
            "price_fair": 277.29,
            "eps_avg_yearly": 11.25,
            "eps_latest_yearly": 3.12,
            "eps_growth_yearly": 14.65
        },
        "20222": {
            "year_quarter": 20222,
            "year": 2022,
            "quarter": 2,
            "eps": 1.56,
            "eps_growth_year": -8.21,
            "eps_4q": 6.6,
            "eps_4q_growth_year": -39.38,
            "roe": 7.6,
            "roe_4q": 27.91,
            "gross_profit": 8289000,
            "gross_margin": 53.36,
            "gross_margin_4q_avg": 53.89,
            "net_income": 1461000,
            "revenue": 15535000,
            "common_shares": 450908,
            "book_valuer_per_share": -52.26,
            "book_valuer_per_share_4q_avg": -55.04,
            "equity": 19409000,
            "current_ratio": 87.6,
            "debt_ratio": 84.78,
            "inventory_turnover_ratio": 4.19,
            "account_receivable_turnover_ratio": 1.1,
            "reinvestment_rate": -12.93,
            "research_to_sale_ratio": 10.77,
            "price_fair": 376.1,
            "eps_avg_yearly": 10.75,
            "eps_latest_yearly": 6.24,
            "eps_growth_yearly": 42.24
        },
        "20223": {
            "year_quarter": 20223,
            "year": 2022,
            "quarter": 3,
            "eps": 2.92,
            "eps_growth_year": 53.61,
            "eps_4q": 7.62,
            "eps_4q_growth_year": -25.13,
            "roe": -16.28,
            "roe_4q": 6.929999999999998,
            "gross_profit": 7430000,
            "gross_margin": 52.67,
            "gross_margin_4q_avg": 53.65,
            "net_income": -3214000,
            "revenue": 14107000,
            "common_shares": 451082,
            "book_valuer_per_share": -49.89,
            "book_valuer_per_share_4q_avg": -52.97,
            "equity": 20076000,
            "current_ratio": 95.18,
            "debt_ratio": 84.05,
            "inventory_turnover_ratio": 3.84,
            "account_receivable_turnover_ratio": 1.04,
            "reinvestment_rate": -16.27,
            "research_to_sale_ratio": 11.42,
            "price_fair": 368.5,
            "eps_avg_yearly": 10.53,
            "eps_latest_yearly": 11.68,
            "eps_growth_yearly": 64.05
        },
        "20224": {
            "year_quarter": 20224,
            "year": 2022,
            "quarter": 4,
            "eps": 2.88,
            "eps_growth_year": 21.93,
            "eps_4q": 8.14,
            "eps_4q_growth_year": 12.57,
            "roe": 13.45,
            "roe_4q": 8.869999999999997,
            "gross_profit": 9632000,
            "gross_margin": 57.71,
            "gross_margin_4q_avg": 53.85,
            "net_income": 2826000,
            "revenue": 16690000,
            "common_shares": 451423,
            "book_valuer_per_share": -49.87,
            "book_valuer_per_share_4q_avg": -51.73,
            "equity": 21944000,
            "current_ratio": 92.42,
            "debt_ratio": 82.75,
            "inventory_turnover_ratio": 4.22,
            "account_receivable_turnover_ratio": 1.2,
            "reinvestment_rate": -40.67,
            "research_to_sale_ratio": 9.61,
            "price_fair": 347.2,
            "eps_avg_yearly": 9.92,
            "eps_latest_yearly": 11.52,
            "eps_growth_yearly": 53.34
        },
        "20231": {
            "year_quarter": 20231,
            "year": 2023,
            "quarter": 1,
            "eps": 1.08,
            "eps_growth_year": 38.15,
            "eps_4q": 8.44,
            "eps_4q_growth_year": 25.14,
            "roe": 4.27,
            "roe_4q": 9.039999999999997,
            "gross_profit": 7509000,
            "gross_margin": 52.69,
            "gross_margin_4q_avg": 54.11,
            "net_income": 929000,
            "revenue": 14252000,
            "common_shares": 451900,
            "book_valuer_per_share": -50.1,
            "book_valuer_per_share_4q_avg": -50.53,
            "equity": 21604000,
            "current_ratio": 116.1,
            "debt_ratio": 83.83,
            "inventory_turnover_ratio": 4.27,
            "account_receivable_turnover_ratio": 1.03,
            "reinvestment_rate": -41.39,
            "research_to_sale_ratio": 11.61,
            "price_fair": 333.9,
            "eps_avg_yearly": 9.54,
            "eps_latest_yearly": 4.32,
            "eps_growth_yearly": 50.31
        }
    },
    "months": {
        "2001-01": {
            "month": "2001-01",
            "price": "101.87",
            "revenue": 0
        },
        "2001-02": {
            "month": "2001-02",
            "price": "111.00",
            "revenue": 0
        },
        "2001-03": {
            "month": "2001-03",
            "price": "97.28",
            "revenue": 0
        },
        "2001-04": {
            "month": "2001-04",
            "price": "103.94",
            "revenue": 0
        },
        "2001-05": {
            "month": "2001-05",
            "price": "115.78",
            "revenue": 0
        },
        "2001-06": {
            "month": "2001-06",
            "price": "114.78",
            "revenue": 0
        },
        "2001-07": {
            "month": "2001-07",
            "price": "106.65",
            "revenue": 0
        },
        "2001-08": {
            "month": "2001-08",
            "price": "104.94",
            "revenue": 0
        },
        "2001-09": {
            "month": "2001-09",
            "price": "94.99",
            "revenue": 0
        },
        "2001-10": {
            "month": "2001-10",
            "price": "102.15",
            "revenue": 0
        },
        "2001-11": {
            "month": "2001-11",
            "price": "113.94",
            "revenue": 0
        },
        "2001-12": {
            "month": "2001-12",
            "price": "121.09",
            "revenue": 0
        },
        "2002-01": {
            "month": "2002-01",
            "price": "115.99",
            "revenue": 0
        },
        "2002-02": {
            "month": "2002-02",
            "price": "102.96",
            "revenue": 0
        },
        "2002-03": {
            "month": "2002-03",
            "price": "105.48",
            "revenue": 0
        },
        "2002-04": {
            "month": "2002-04",
            "price": "89.59",
            "revenue": 0
        },
        "2002-05": {
            "month": "2002-05",
            "price": "82.43",
            "revenue": 0
        },
        "2002-06": {
            "month": "2002-06",
            "price": "74.68",
            "revenue": 0
        },
        "2002-07": {
            "month": "2002-07",
            "price": "69.89",
            "revenue": 0
        },
        "2002-08": {
            "month": "2002-08",
            "price": "74.98",
            "revenue": 0
        },
        "2002-09": {
            "month": "2002-09",
            "price": "68.46",
            "revenue": 0
        },
        "2002-10": {
            "month": "2002-10",
            "price": "67.54",
            "revenue": 0
        },
        "2002-11": {
            "month": "2002-11",
            "price": "81.68",
            "revenue": 0
        },
        "2002-12": {
            "month": "2002-12",
            "price": "80.61",
            "revenue": 0
        },
        "2003-01": {
            "month": "2003-01",
            "price": "82.73",
            "revenue": 0
        },
        "2003-02": {
            "month": "2003-02",
            "price": "77.92",
            "revenue": 0
        },
        "2003-03": {
            "month": "2003-03",
            "price": "79.64",
            "revenue": 0
        },
        "2003-04": {
            "month": "2003-04",
            "price": "82.35",
            "revenue": 0
        },
        "2003-05": {
            "month": "2003-05",
            "price": "87.37",
            "revenue": 0
        },
        "2003-06": {
            "month": "2003-06",
            "price": "83.54",
            "revenue": 0
        },
        "2003-07": {
            "month": "2003-07",
            "price": "83.77",
            "revenue": 0
        },
        "2003-08": {
            "month": "2003-08",
            "price": "81.73",
            "revenue": 0
        },
        "2003-09": {
            "month": "2003-09",
            "price": "89.19",
            "revenue": 0
        },
        "2003-10": {
            "month": "2003-10",
            "price": "90.36",
            "revenue": 0
        },
        "2003-11": {
            "month": "2003-11",
            "price": "89.52",
            "revenue": 0
        },
        "2003-12": {
            "month": "2003-12",
            "price": "92.20",
            "revenue": 0
        },
        "2004-01": {
            "month": "2004-01",
            "price": "94.95",
            "revenue": 0
        },
        "2004-02": {
            "month": "2004-02",
            "price": "98.44",
            "revenue": 0
        },
        "2004-03": {
            "month": "2004-03",
            "price": "93.41",
            "revenue": 0
        },
        "2004-04": {
            "month": "2004-04",
            "price": "92.02",
            "revenue": 0
        },
        "2004-05": {
            "month": "2004-05",
            "price": "87.57",
            "revenue": 0
        },
        "2004-06": {
            "month": "2004-06",
            "price": "89.37",
            "revenue": 0
        },
        "2004-07": {
            "month": "2004-07",
            "price": "85.44",
            "revenue": 0
        },
        "2004-08": {
            "month": "2004-08",
            "price": "84.63",
            "revenue": 0
        },
        "2004-09": {
            "month": "2004-09",
            "price": "85.34",
            "revenue": 0
        },
        "2004-10": {
            "month": "2004-10",
            "price": "87.47",
            "revenue": 0
        },
        "2004-11": {
            "month": "2004-11",
            "price": "94.00",
            "revenue": 0
        },
        "2004-12": {
            "month": "2004-12",
            "price": "97.17",
            "revenue": 0
        },
        "2005-01": {
            "month": "2005-01",
            "price": "94.25",
            "revenue": 0
        },
        "2005-02": {
            "month": "2005-02",
            "price": "93.45",
            "revenue": 0
        },
        "2005-03": {
            "month": "2005-03",
            "price": "91.27",
            "revenue": 0
        },
        "2005-04": {
            "month": "2005-04",
            "price": "81.14",
            "revenue": 0
        },
        "2005-05": {
            "month": "2005-05",
            "price": "75.47",
            "revenue": 0
        },
        "2005-06": {
            "month": "2005-06",
            "price": "75.54",
            "revenue": 0
        },
        "2005-07": {
            "month": "2005-07",
            "price": "81.28",
            "revenue": 0
        },
        "2005-08": {
            "month": "2005-08",
            "price": "82.17",
            "revenue": 0
        },
        "2005-09": {
            "month": "2005-09",
            "price": "79.70",
            "revenue": 0
        },
        "2005-10": {
            "month": "2005-10",
            "price": "82.09",
            "revenue": 0
        },
        "2005-11": {
            "month": "2005-11",
            "price": "85.61",
            "revenue": 0
        },
        "2005-12": {
            "month": "2005-12",
            "price": "84.95",
            "revenue": 0
        },
        "2006-01": {
            "month": "2006-01",
            "price": "82.50",
            "revenue": 0
        },
        "2006-02": {
            "month": "2006-02",
            "price": "80.62",
            "revenue": 0
        },
        "2006-03": {
            "month": "2006-03",
            "price": "82.21",
            "revenue": 0
        },
        "2006-04": {
            "month": "2006-04",
            "price": "82.52",
            "revenue": 0
        },
        "2006-05": {
            "month": "2006-05",
            "price": "81.57",
            "revenue": 0
        },
        "2006-06": {
            "month": "2006-06",
            "price": "77.93",
            "revenue": 0
        },
        "2006-07": {
            "month": "2006-07",
            "price": "75.97",
            "revenue": 0
        },
        "2006-08": {
            "month": "2006-08",
            "price": "78.02",
            "revenue": 0
        },
        "2006-09": {
            "month": "2006-09",
            "price": "81.72",
            "revenue": 0
        },
        "2006-10": {
            "month": "2006-10",
            "price": "87.30",
            "revenue": 0
        },
        "2006-11": {
            "month": "2006-11",
            "price": "92.47",
            "revenue": 0
        },
        "2006-12": {
            "month": "2006-12",
            "price": "95.01",
            "revenue": 0
        },
        "2007-01": {
            "month": "2007-01",
            "price": "98.45",
            "revenue": 0
        },
        "2007-02": {
            "month": "2007-02",
            "price": "98.33",
            "revenue": 0
        },
        "2007-03": {
            "month": "2007-03",
            "price": "93.78",
            "revenue": 0
        },
        "2007-04": {
            "month": "2007-04",
            "price": "96.96",
            "revenue": 0
        },
        "2007-05": {
            "month": "2007-05",
            "price": "104.99",
            "revenue": 0
        },
        "2007-06": {
            "month": "2007-06",
            "price": "104.74",
            "revenue": 0
        },
        "2007-07": {
            "month": "2007-07",
            "price": "111.59",
            "revenue": 0
        },
        "2007-08": {
            "month": "2007-08",
            "price": "112.28",
            "revenue": 0
        },
        "2007-09": {
            "month": "2007-09",
            "price": "116.66",
            "revenue": 0
        },
        "2007-10": {
            "month": "2007-10",
            "price": "116.06",
            "revenue": 0
        },
        "2007-11": {
            "month": "2007-11",
            "price": "106.12",
            "revenue": 0
        },
        "2007-12": {
            "month": "2007-12",
            "price": "108.34",
            "revenue": 0
        },
        "2008-01": {
            "month": "2008-01",
            "price": "102.75",
            "revenue": 0
        },
        "2008-02": {
            "month": "2008-02",
            "price": "108.07",
            "revenue": 0
        },
        "2008-03": {
            "month": "2008-03",
            "price": "115.95",
            "revenue": 0
        },
        "2008-04": {
            "month": "2008-04",
            "price": "119.72",
            "revenue": 0
        },
        "2008-05": {
            "month": "2008-05",
            "price": "125.74",
            "revenue": 0
        },
        "2008-06": {
            "month": "2008-06",
            "price": "124.58",
            "revenue": 0
        },
        "2008-07": {
            "month": "2008-07",
            "price": "125.16",
            "revenue": 0
        },
        "2008-08": {
            "month": "2008-08",
            "price": "125.41",
            "revenue": 0
        },
        "2008-09": {
            "month": "2008-09",
            "price": "116.68",
            "revenue": 0
        },
        "2008-10": {
            "month": "2008-10",
            "price": "91.67",
            "revenue": 0
        },
        "2008-11": {
            "month": "2008-11",
            "price": "82.23",
            "revenue": 0
        },
        "2008-12": {
            "month": "2008-12",
            "price": "82.03",
            "revenue": 0
        },
        "2009-01": {
            "month": "2009-01",
            "price": "88.08",
            "revenue": 0
        },
        "2009-02": {
            "month": "2009-02",
            "price": "91.45",
            "revenue": 0
        },
        "2009-03": {
            "month": "2009-03",
            "price": "91.83",
            "revenue": 0
        },
        "2009-04": {
            "month": "2009-04",
            "price": "100.98",
            "revenue": 0
        },
        "2009-05": {
            "month": "2009-05",
            "price": "103.73",
            "revenue": 0
        },
        "2009-06": {
            "month": "2009-06",
            "price": "106.64",
            "revenue": 0
        },
        "2009-07": {
            "month": "2009-07",
            "price": "110.18",
            "revenue": 0
        },
        "2009-08": {
            "month": "2009-08",
            "price": "118.73",
            "revenue": 0
        },
        "2009-09": {
            "month": "2009-09",
            "price": "119.24",
            "revenue": 0
        },
        "2009-10": {
            "month": "2009-10",
            "price": "122.57",
            "revenue": 0
        },
        "2009-11": {
            "month": "2009-11",
            "price": "125.87",
            "revenue": 0
        },
        "2009-12": {
            "month": "2009-12",
            "price": "129.11",
            "revenue": 0
        },
        "2010-01": {
            "month": "2010-01",
            "price": "129.01",
            "revenue": 0
        },
        "2010-02": {
            "month": "2010-02",
            "price": "125.22",
            "revenue": 0
        },
        "2010-03": {
            "month": "2010-03",
            "price": "127.84",
            "revenue": 0
        },
        "2010-04": {
            "month": "2010-04",
            "price": "129.56",
            "revenue": 0
        },
        "2010-05": {
            "month": "2010-05",
            "price": "127.10",
            "revenue": 0
        },
        "2010-06": {
            "month": "2010-06",
            "price": "127.53",
            "revenue": 0
        },
        "2010-07": {
            "month": "2010-07",
            "price": "127.56",
            "revenue": 0
        },
        "2010-08": {
            "month": "2010-08",
            "price": "128.04",
            "revenue": 0
        },
        "2010-09": {
            "month": "2010-09",
            "price": "130.18",
            "revenue": 0
        },
        "2010-10": {
            "month": "2010-10",
            "price": "139.63",
            "revenue": 0
        },
        "2010-11": {
            "month": "2010-11",
            "price": "144.44",
            "revenue": 0
        },
        "2010-12": {
            "month": "2010-12",
            "price": "145.25",
            "revenue": 0
        },
        "2011-01": {
            "month": "2011-01",
            "price": "153.18",
            "revenue": 0
        },
        "2011-02": {
            "month": "2011-02",
            "price": "163.34",
            "revenue": 0
        },
        "2011-03": {
            "month": "2011-03",
            "price": "160.43",
            "revenue": 0
        },
        "2011-04": {
            "month": "2011-04",
            "price": "165.98",
            "revenue": 0
        },
        "2011-05": {
            "month": "2011-05",
            "price": "169.63",
            "revenue": 0
        },
        "2011-06": {
            "month": "2011-06",
            "price": "165.59",
            "revenue": 0
        },
        "2011-07": {
            "month": "2011-07",
            "price": "178.98",
            "revenue": 0
        },
        "2011-08": {
            "month": "2011-08",
            "price": "169.36",
            "revenue": 0
        },
        "2011-09": {
            "month": "2011-09",
            "price": "170.25",
            "revenue": 0
        },
        "2011-10": {
            "month": "2011-10",
            "price": "182.32",
            "revenue": 0
        },
        "2011-11": {
            "month": "2011-11",
            "price": "184.24",
            "revenue": 0
        },
        "2011-12": {
            "month": "2011-12",
            "price": "187.79",
            "revenue": 0
        },
        "2012-01": {
            "month": "2012-01",
            "price": "185.71",
            "revenue": 0
        },
        "2012-02": {
            "month": "2012-02",
            "price": "194.04",
            "revenue": 0
        },
        "2012-03": {
            "month": "2012-03",
            "price": "203.58",
            "revenue": 0
        },
        "2012-04": {
            "month": "2012-04",
            "price": "203.98",
            "revenue": 0
        },
        "2012-05": {
            "month": "2012-05",
            "price": "199.70",
            "revenue": 0
        },
        "2012-06": {
            "month": "2012-06",
            "price": "193.93",
            "revenue": 0
        },
        "2012-07": {
            "month": "2012-07",
            "price": "190.88",
            "revenue": 0
        },
        "2012-08": {
            "month": "2012-08",
            "price": "197.61",
            "revenue": 0
        },
        "2012-09": {
            "month": "2012-09",
            "price": "203.67",
            "revenue": 0
        },
        "2012-10": {
            "month": "2012-10",
            "price": "202.55",
            "revenue": 0
        },
        "2012-11": {
            "month": "2012-11",
            "price": "190.84",
            "revenue": 0
        },
        "2012-12": {
            "month": "2012-12",
            "price": "192.18",
            "revenue": 0
        },
        "2013-01": {
            "month": "2013-01",
            "price": "197.27",
            "revenue": 0
        },
        "2013-02": {
            "month": "2013-02",
            "price": "200.74",
            "revenue": 0
        },
        "2013-03": {
            "month": "2013-03",
            "price": "210.98",
            "revenue": 0
        },
        "2013-04": {
            "month": "2013-04",
            "price": "204.73",
            "revenue": 0
        },
        "2013-05": {
            "month": "2013-05",
            "price": "205.26",
            "revenue": 0
        },
        "2013-06": {
            "month": "2013-06",
            "price": "200.85",
            "revenue": 0
        },
        "2013-07": {
            "month": "2013-07",
            "price": "194.35",
            "revenue": 0
        },
        "2013-08": {
            "month": "2013-08",
            "price": "187.12",
            "revenue": 0
        },
        "2013-09": {
            "month": "2013-09",
            "price": "188.77",
            "revenue": 0
        },
        "2013-10": {
            "month": "2013-10",
            "price": "180.71",
            "revenue": 0
        },
        "2013-11": {
            "month": "2013-11",
            "price": "181.33",
            "revenue": 0
        },
        "2013-12": {
            "month": "2013-12",
            "price": "179.11",
            "revenue": 0
        },
        "2014-01": {
            "month": "2014-01",
            "price": "184.07",
            "revenue": 0
        },
        "2014-02": {
            "month": "2014-02",
            "price": "180.47",
            "revenue": 0
        },
        "2014-03": {
            "month": "2014-03",
            "price": "187.58",
            "revenue": 0
        },
        "2014-04": {
            "month": "2014-04",
            "price": "193.80",
            "revenue": 0
        },
        "2014-05": {
            "month": "2014-05",
            "price": "187.97",
            "revenue": 0
        },
        "2014-06": {
            "month": "2014-06",
            "price": "183.01",
            "revenue": 0
        },
        "2014-07": {
            "month": "2014-07",
            "price": "191.03",
            "revenue": 0
        },
        "2014-08": {
            "month": "2014-08",
            "price": "189.18",
            "revenue": 0
        },
        "2014-09": {
            "month": "2014-09",
            "price": "191.47",
            "revenue": 0
        },
        "2014-10": {
            "month": "2014-10",
            "price": "175.92",
            "revenue": 0
        },
        "2014-11": {
            "month": "2014-11",
            "price": "162.37",
            "revenue": 0
        },
        "2014-12": {
            "month": "2014-12",
            "price": "159.97",
            "revenue": 0
        },
        "2015-01": {
            "month": "2015-01",
            "price": "156.08",
            "revenue": 0
        },
        "2015-02": {
            "month": "2015-02",
            "price": "160.01",
            "revenue": 0
        },
        "2015-03": {
            "month": "2015-03",
            "price": "159.81",
            "revenue": 0
        },
        "2015-04": {
            "month": "2015-04",
            "price": "165.22",
            "revenue": 0
        },
        "2015-05": {
            "month": "2015-05",
            "price": "172.25",
            "revenue": 0
        },
        "2015-06": {
            "month": "2015-06",
            "price": "167.15",
            "revenue": 0
        },
        "2015-07": {
            "month": "2015-07",
            "price": "164.75",
            "revenue": 0
        },
        "2015-08": {
            "month": "2015-08",
            "price": "152.77",
            "revenue": 0
        },
        "2015-09": {
            "month": "2015-09",
            "price": "145.36",
            "revenue": 0
        },
        "2015-10": {
            "month": "2015-10",
            "price": "146.12",
            "revenue": 0
        },
        "2015-11": {
            "month": "2015-11",
            "price": "137.21",
            "revenue": 0
        },
        "2015-12": {
            "month": "2015-12",
            "price": "137.96",
            "revenue": 0
        },
        "2016-01": {
            "month": "2016-01",
            "price": "128.41",
            "revenue": 0
        },
        "2016-02": {
            "month": "2016-02",
            "price": "127.49",
            "revenue": 0
        },
        "2016-03": {
            "month": "2016-03",
            "price": "143.67",
            "revenue": 0
        },
        "2016-04": {
            "month": "2016-04",
            "price": "149.38",
            "revenue": 0
        },
        "2016-05": {
            "month": "2016-05",
            "price": "148.24",
            "revenue": 0
        },
        "2016-06": {
            "month": "2016-06",
            "price": "151.49",
            "revenue": 0
        },
        "2016-07": {
            "month": "2016-07",
            "price": "158.29",
            "revenue": 0
        },
        "2016-08": {
            "month": "2016-08",
            "price": "160.77",
            "revenue": 0
        },
        "2016-09": {
            "month": "2016-09",
            "price": "156.92",
            "revenue": 0
        },
        "2016-10": {
            "month": "2016-10",
            "price": "153.75",
            "revenue": 0
        },
        "2016-11": {
            "month": "2016-11",
            "price": "158.76",
            "revenue": 0
        },
        "2016-12": {
            "month": "2016-12",
            "price": "165.48",
            "revenue": 0
        },
        "2017-01": {
            "month": "2017-01",
            "price": "170.72",
            "revenue": 0
        },
        "2017-02": {
            "month": "2017-02",
            "price": "178.84",
            "revenue": 0
        },
        "2017-03": {
            "month": "2017-03",
            "price": "176.61",
            "revenue": 0
        },
        "2017-04": {
            "month": "2017-04",
            "price": "167.15",
            "revenue": 0
        },
        "2017-05": {
            "month": "2017-05",
            "price": "153.37",
            "revenue": 0
        },
        "2017-06": {
            "month": "2017-06",
            "price": "153.86",
            "revenue": 0
        },
        "2017-07": {
            "month": "2017-07",
            "price": "150.18",
            "revenue": 0
        },
        "2017-08": {
            "month": "2017-08",
            "price": "142.59",
            "revenue": 0
        },
        "2017-09": {
            "month": "2017-09",
            "price": "144.86",
            "revenue": 0
        },
        "2017-10": {
            "month": "2017-10",
            "price": "151.42",
            "revenue": 0
        },
        "2017-11": {
            "month": "2017-11",
            "price": "151.08",
            "revenue": 0
        },
        "2017-12": {
            "month": "2017-12",
            "price": "153.93",
            "revenue": 0
        },
        "2018-01": {
            "month": "2018-01",
            "price": "163.85",
            "revenue": 0
        },
        "2018-02": {
            "month": "2018-02",
            "price": "154.64",
            "revenue": 0
        },
        "2018-03": {
            "month": "2018-03",
            "price": "155.94",
            "revenue": 0
        },
        "2018-04": {
            "month": "2018-04",
            "price": "151.07",
            "revenue": 0
        },
        "2018-05": {
            "month": "2018-05",
            "price": "143.63",
            "revenue": 0
        },
        "2018-06": {
            "month": "2018-06",
            "price": "143.04",
            "revenue": 0
        },
        "2018-07": {
            "month": "2018-07",
            "price": "144.75",
            "revenue": 0
        },
        "2018-08": {
            "month": "2018-08",
            "price": "145.53",
            "revenue": 0
        },
        "2018-09": {
            "month": "2018-09",
            "price": "148.50",
            "revenue": 0
        },
        "2018-10": {
            "month": "2018-10",
            "price": "136.90",
            "revenue": 0
        },
        "2018-11": {
            "month": "2018-11",
            "price": "120.67",
            "revenue": 0
        },
        "2018-12": {
            "month": "2018-12",
            "price": "117.19",
            "revenue": 0
        },
        "2019-01": {
            "month": "2019-01",
            "price": "124.59",
            "revenue": 0
        },
        "2019-02": {
            "month": "2019-02",
            "price": "136.86",
            "revenue": 0
        },
        "2019-03": {
            "month": "2019-03",
            "price": "138.88",
            "revenue": 0
        },
        "2019-04": {
            "month": "2019-04",
            "price": "141.80",
            "revenue": 0
        },
        "2019-05": {
            "month": "2019-05",
            "price": "134.80",
            "revenue": 0
        },
        "2019-06": {
            "month": "2019-06",
            "price": "135.68",
            "revenue": 0
        },
        "2019-07": {
            "month": "2019-07",
            "price": "145.34",
            "revenue": 0
        },
        "2019-08": {
            "month": "2019-08",
            "price": "135.99",
            "revenue": 0
        },
        "2019-09": {
            "month": "2019-09",
            "price": "142.07",
            "revenue": 0
        },
        "2019-10": {
            "month": "2019-10",
            "price": "138.19",
            "revenue": 0
        },
        "2019-11": {
            "month": "2019-11",
            "price": "135.43",
            "revenue": 0
        },
        "2019-12": {
            "month": "2019-12",
            "price": "133.99",
            "revenue": 0
        },
        "2020-01": {
            "month": "2020-01",
            "price": "137.86",
            "revenue": 0
        },
        "2020-02": {
            "month": "2020-02",
            "price": "148.56",
            "revenue": 0
        },
        "2020-03": {
            "month": "2020-03",
            "price": "112.81",
            "revenue": 0
        },
        "2020-04": {
            "month": "2020-04",
            "price": "119.08",
            "revenue": 0
        },
        "2020-05": {
            "month": "2020-05",
            "price": "121.18",
            "revenue": 0
        },
        "2020-06": {
            "month": "2020-06",
            "price": "124.07",
            "revenue": 0
        },
        "2020-07": {
            "month": "2020-07",
            "price": "122.53",
            "revenue": 0
        },
        "2020-08": {
            "month": "2020-08",
            "price": "124.98",
            "revenue": 0
        },
        "2020-09": {
            "month": "2020-09",
            "price": "121.96",
            "revenue": 0
        },
        "2020-10": {
            "month": "2020-10",
            "price": "119.90",
            "revenue": 0
        },
        "2020-11": {
            "month": "2020-11",
            "price": "117.66",
            "revenue": 0
        },
        "2020-12": {
            "month": "2020-12",
            "price": "124.81",
            "revenue": 0
        },
        "2021-01": {
            "month": "2021-01",
            "price": "125.84",
            "revenue": 0
        },
        "2021-02": {
            "month": "2021-02",
            "price": "120.92",
            "revenue": 0
        },
        "2021-03": {
            "month": "2021-03",
            "price": "128.16",
            "revenue": 0
        },
        "2021-04": {
            "month": "2021-04",
            "price": "137.38",
            "revenue": 0
        },
        "2021-05": {
            "month": "2021-05",
            "price": "144.52",
            "revenue": 0
        },
        "2021-06": {
            "month": "2021-06",
            "price": "147.08",
            "revenue": 0
        },
        "2021-07": {
            "month": "2021-07",
            "price": "140.93",
            "revenue": 0
        },
        "2021-08": {
            "month": "2021-08",
            "price": "141.16",
            "revenue": 0
        },
        "2021-09": {
            "month": "2021-09",
            "price": "137.33",
            "revenue": 0
        },
        "2021-10": {
            "month": "2021-10",
            "price": "137.28",
            "revenue": 0
        },
        "2021-11": {
            "month": "2021-11",
            "price": "119.92",
            "revenue": 0
        },
        "2021-12": {
            "month": "2021-12",
            "price": "125.87",
            "revenue": 0
        },
        "2022-01": {
            "month": "2022-01",
            "price": "133.87",
            "revenue": 0
        },
        "2022-02": {
            "month": "2022-02",
            "price": "130.48",
            "revenue": 0
        },
        "2022-03": {
            "month": "2022-03",
            "price": "127.35",
            "revenue": 0
        },
        "2022-04": {
            "month": "2022-04",
            "price": "131.50",
            "revenue": 0
        },
        "2022-05": {
            "month": "2022-05",
            "price": "134.11",
            "revenue": 0
        },
        "2022-06": {
            "month": "2022-06",
            "price": "139.14",
            "revenue": 0
        },
        "2022-07": {
            "month": "2022-07",
            "price": "134.69",
            "revenue": 0
        },
        "2022-08": {
            "month": "2022-08",
            "price": "133.19",
            "revenue": 0
        },
        "2022-09": {
            "month": "2022-09",
            "price": "125.80",
            "revenue": 0
        },
        "2022-10": {
            "month": "2022-10",
            "price": "126.01",
            "revenue": 0
        },
        "2022-11": {
            "month": "2022-11",
            "price": "143.23",
            "revenue": 0
        },
        "2022-12": {
            "month": "2022-12",
            "price": "144.58",
            "revenue": 0
        },
        "2023-01": {
            "month": "2023-01",
            "price": "141.22",
            "revenue": 0
        },
        "2023-02": {
            "month": "2023-02",
            "price": "134.18",
            "revenue": 0
        },
        "2023-03": {
            "month": "2023-03",
            "price": "126.98",
            "revenue": 0
        },
        "2023-04": {
            "month": "2023-04",
            "price": "128.26",
            "revenue": 0
        },
        "2023-05": {
            "month": "2023-05",
            "price": "124.71",
            "revenue": 0
        }
    }
}
