{
    "summary": {
        "stock_name": "Intel Corp",
        "stock_id": "INTC",
        "category": "Computer and Technology",
        "main_business": "英特爾公司成立於1968年，是全球最大的個人計算機零件和半導體晶片製造商。英特爾於1971年推出了全球第一個微處理器。微處理器所帶來的計算機和網際網路革命，改變了整個世界。英特爾為計算機工業提供關鍵元件，包括效能卓越的微處理器、晶片組、板卡、系統及軟體等，這些產品是標準計算機架構的重要組成部分。公司微處理器包括Itanium,Xeron,Pentium III及Celeron等著名的品牌。",
        "website_url": "https://www.intel.com/",
        "ceo": "Patrick P. Gelsinger",
        "pe_ratio": 84,
        "report_year_from": 1993,
        "report_year_to": 2023,
        "age": 31,
        "eps_negative_percentage": 0,
        "eps_growth_avg": {
            "last_all": 6.93,
            "last_2y": -52.15,
            "last_4y": -27.65,
            "last_8y": -7.3,
            "last_12y": -3.43,
            "last_16y": 3.28,
            "last_20y": 7.45,
            "at_2006_last_3y": 25.21,
            "at_2007_last_3y": 9.08,
            "at_2008_last_3y": 4.06,
            "at_2009_last_3y": -8.31,
            "at_2010_last_3y": 25.08,
            "at_2011_last_3y": 21.26,
            "at_2012_last_3y": 19.87,
            "at_2013_last_3y": 24.4,
            "at_2014_last_3y": 5.26,
            "at_2015_last_3y": 0.53,
            "at_2016_last_3y": 3.4,
            "at_2017_last_3y": 14.44,
            "at_2018_last_3y": 18.14,
            "at_2019_last_3y": 20.04,
            "at_2020_last_3y": 22.48,
            "at_2021_last_3y": 15.02,
            "at_2022_last_3y": -10.44,
            "at_2023_last_3y": -36.77,
            "at_2024_last_3y": -36.77,
            "at_2006_last_all": 19.35,
            "at_2007_last_all": 22.04,
            "at_2008_last_all": 17.99,
            "at_2009_last_all": 12.14,
            "at_2010_last_all": 21.9,
            "at_2011_last_all": 21.73,
            "at_2012_last_all": 18.67,
            "at_2013_last_all": 16.22,
            "at_2014_last_all": 16.78,
            "at_2015_last_all": 15.67,
            "at_2016_last_all": 14.6,
            "at_2017_last_all": 15.78,
            "at_2018_last_all": 17.1,
            "at_2019_last_all": 16.64,
            "at_2020_last_all": 16.26,
            "at_2021_last_all": 15.63,
            "at_2022_last_all": 11.85,
            "at_2023_last_all": 6.93,
            "at_2024_last_all": 6.93
        },
        "latest_eps": 0.51,
        "latest_price": 42.98,
        "latest_roe": 1.65,
        "latest_gross_margin": 42.51,
        "latest_equity": 101813000,
        "latest_revenue": 14158000,
        "latest_gross_profit": 6018000,
        "latest_net_income": 310000,
        "latest_debt_ratio": 46.08,
        "latest_current_ratio": 153.11,
        "latest_account_receivable_turnover_ratio": 4.85,
        "latest_inventory_turnover_ratio": 0.69,
        "latest_reinvestment_rate": 65.44,
        "latest_research_to_sale_ratio": 27.33
    },
    "eps_dividends": {
        "1995": {
            "cash": 0.01,
            "stock": 0,
            "eps": 0
        },
        "1996": {
            "cash": 0.03,
            "stock": 0,
            "eps": 0
        },
        "1997": {
            "cash": 0.03,
            "stock": 0,
            "eps": 0
        },
        "1998": {
            "cash": 0.03,
            "stock": 0,
            "eps": 0
        },
        "1999": {
            "cash": 0.05,
            "stock": 0,
            "eps": 0
        },
        "2000": {
            "cash": 0.08,
            "stock": 0,
            "eps": 0
        },
        "2001": {
            "cash": 0.06,
            "stock": 0,
            "eps": 0.49
        },
        "2002": {
            "cash": 0.06,
            "stock": 0,
            "eps": 0.47
        },
        "2003": {
            "cash": 0.06,
            "stock": 0,
            "eps": 1.02
        },
        "2004": {
            "cash": 0.16,
            "stock": 0,
            "eps": 1.16
        },
        "2005": {
            "cash": 0.32,
            "stock": 0,
            "eps": 1.4
        },
        "2006": {
            "cash": 0.4,
            "stock": 0,
            "eps": 0.93
        },
        "2007": {
            "cash": 0.33,
            "stock": 0,
            "eps": 1.26
        },
        "2008": {
            "cash": 0.55,
            "stock": 0,
            "eps": 1.18
        },
        "2009": {
            "cash": 0.56,
            "stock": 0,
            "eps": 0.84
        },
        "2010": {
            "cash": 0.64,
            "stock": 0,
            "eps": 2.03
        },
        "2011": {
            "cash": 0.7799999999999999,
            "stock": 0,
            "eps": 2.44
        },
        "2012": {
            "cash": 0.88,
            "stock": 0,
            "eps": 2.15
        },
        "2013": {
            "cash": 0.92,
            "stock": 0,
            "eps": 1.92
        },
        "2014": {
            "cash": 0.92,
            "stock": 0,
            "eps": 2.37
        },
        "2015": {
            "cash": 0.96,
            "stock": 0,
            "eps": 2.4
        },
        "2016": {
            "cash": 1.04,
            "stock": 0,
            "eps": 2.39
        },
        "2017": {
            "cash": 1.07,
            "stock": 0,
            "eps": 3.19
        },
        "2018": {
            "cash": 1.2,
            "stock": 0,
            "eps": 4.41
        },
        "2019": {
            "cash": 1.28,
            "stock": 0,
            "eps": 4.8
        },
        "2020": {
            "cash": 1.32,
            "stock": 0,
            "eps": 5.25
        },
        "2021": {
            "cash": 1.4,
            "stock": 0,
            "eps": 5.44
        },
        "2022": {
            "cash": 1.48,
            "stock": 0,
            "eps": 1.98
        },
        "2023": {
            "cash": 0.76,
            "stock": 0,
            "eps": 0.07
        },
        "2024": {
            "cash": 0.13,
            "stock": 0,
            "eps": 0
        }
    },
    "dividends": {
        "1995-09-01": {
            "cash": 0.01,
            "stock": 0
        },
        "1996-03-01": {
            "cash": 0.01,
            "stock": 0
        },
        "1996-06-01": {
            "cash": 0.01,
            "stock": 0
        },
        "1996-09-01": {
            "cash": 0.01,
            "stock": 0
        },
        "1997-03-01": {
            "cash": 0.01,
            "stock": 0
        },
        "1997-06-01": {
            "cash": 0.01,
            "stock": 0
        },
        "1997-09-01": {
            "cash": 0.01,
            "stock": 0
        },
        "1998-03-01": {
            "cash": 0.01,
            "stock": 0
        },
        "1998-06-01": {
            "cash": 0.01,
            "stock": 0
        },
        "1998-09-01": {
            "cash": 0.01,
            "stock": 0
        },
        "1999-03-01": {
            "cash": 0.01,
            "stock": 0
        },
        "1999-06-01": {
            "cash": 0.02,
            "stock": 0
        },
        "1999-09-01": {
            "cash": 0.02,
            "stock": 0
        },
        "2000-03-01": {
            "cash": 0.02,
            "stock": 0
        },
        "2000-06-01": {
            "cash": 0.02,
            "stock": 0
        },
        "2000-09-01": {
            "cash": 0.02,
            "stock": 0
        },
        "2000-12-01": {
            "cash": 0.02,
            "stock": 0
        },
        "2001-06-01": {
            "cash": 0.02,
            "stock": 0
        },
        "2001-09-01": {
            "cash": 0.02,
            "stock": 0
        },
        "2001-12-01": {
            "cash": 0.02,
            "stock": 0
        },
        "2002-06-01": {
            "cash": 0.02,
            "stock": 0
        },
        "2002-09-01": {
            "cash": 0.02,
            "stock": 0
        },
        "2002-12-01": {
            "cash": 0.02,
            "stock": 0
        },
        "2003-06-01": {
            "cash": 0.02,
            "stock": 0
        },
        "2003-09-01": {
            "cash": 0.02,
            "stock": 0
        },
        "2003-12-01": {
            "cash": 0.02,
            "stock": 0
        },
        "2004-03-01": {
            "cash": 0.04,
            "stock": 0
        },
        "2004-06-01": {
            "cash": 0.04,
            "stock": 0
        },
        "2004-09-01": {
            "cash": 0.04,
            "stock": 0
        },
        "2004-12-01": {
            "cash": 0.04,
            "stock": 0
        },
        "2005-03-01": {
            "cash": 0.08,
            "stock": 0
        },
        "2005-06-01": {
            "cash": 0.08,
            "stock": 0
        },
        "2005-09-01": {
            "cash": 0.08,
            "stock": 0
        },
        "2005-12-01": {
            "cash": 0.08,
            "stock": 0
        },
        "2006-03-01": {
            "cash": 0.1,
            "stock": 0
        },
        "2006-06-01": {
            "cash": 0.1,
            "stock": 0
        },
        "2006-09-01": {
            "cash": 0.1,
            "stock": 0
        },
        "2006-12-01": {
            "cash": 0.1,
            "stock": 0
        },
        "2007-03-01": {
            "cash": 0.11,
            "stock": 0
        },
        "2007-09-01": {
            "cash": 0.11,
            "stock": 0
        },
        "2007-12-01": {
            "cash": 0.11,
            "stock": 0
        },
        "2008-03-01": {
            "cash": 0.13,
            "stock": 0
        },
        "2008-06-01": {
            "cash": 0.14,
            "stock": 0
        },
        "2008-09-01": {
            "cash": 0.14,
            "stock": 0
        },
        "2008-12-01": {
            "cash": 0.14,
            "stock": 0
        },
        "2009-03-01": {
            "cash": 0.14,
            "stock": 0
        },
        "2009-06-01": {
            "cash": 0.14,
            "stock": 0
        },
        "2009-09-01": {
            "cash": 0.14,
            "stock": 0
        },
        "2009-12-01": {
            "cash": 0.14,
            "stock": 0
        },
        "2010-03-01": {
            "cash": 0.16,
            "stock": 0
        },
        "2010-06-01": {
            "cash": 0.16,
            "stock": 0
        },
        "2010-09-01": {
            "cash": 0.16,
            "stock": 0
        },
        "2010-12-01": {
            "cash": 0.16,
            "stock": 0
        },
        "2011-03-01": {
            "cash": 0.18,
            "stock": 0
        },
        "2011-06-01": {
            "cash": 0.18,
            "stock": 0
        },
        "2011-09-01": {
            "cash": 0.21,
            "stock": 0
        },
        "2011-12-01": {
            "cash": 0.21,
            "stock": 0
        },
        "2012-03-01": {
            "cash": 0.21,
            "stock": 0
        },
        "2012-06-01": {
            "cash": 0.21,
            "stock": 0
        },
        "2012-09-01": {
            "cash": 0.23,
            "stock": 0
        },
        "2012-12-01": {
            "cash": 0.23,
            "stock": 0
        },
        "2013-03-01": {
            "cash": 0.23,
            "stock": 0
        },
        "2013-06-01": {
            "cash": 0.23,
            "stock": 0
        },
        "2013-09-01": {
            "cash": 0.23,
            "stock": 0
        },
        "2013-12-01": {
            "cash": 0.23,
            "stock": 0
        },
        "2014-03-01": {
            "cash": 0.23,
            "stock": 0
        },
        "2014-06-01": {
            "cash": 0.23,
            "stock": 0
        },
        "2014-09-01": {
            "cash": 0.23,
            "stock": 0
        },
        "2014-12-01": {
            "cash": 0.23,
            "stock": 0
        },
        "2015-03-01": {
            "cash": 0.24,
            "stock": 0
        },
        "2015-06-01": {
            "cash": 0.24,
            "stock": 0
        },
        "2015-09-01": {
            "cash": 0.24,
            "stock": 0
        },
        "2015-12-01": {
            "cash": 0.24,
            "stock": 0
        },
        "2016-03-01": {
            "cash": 0.26,
            "stock": 0
        },
        "2016-06-01": {
            "cash": 0.26,
            "stock": 0
        },
        "2016-09-01": {
            "cash": 0.26,
            "stock": 0
        },
        "2016-12-01": {
            "cash": 0.26,
            "stock": 0
        },
        "2017-03-01": {
            "cash": 0.26,
            "stock": 0
        },
        "2017-06-01": {
            "cash": 0.27,
            "stock": 0
        },
        "2017-09-01": {
            "cash": 0.27,
            "stock": 0
        },
        "2017-12-01": {
            "cash": 0.27,
            "stock": 0
        },
        "2018-03-01": {
            "cash": 0.3,
            "stock": 0
        },
        "2018-06-01": {
            "cash": 0.3,
            "stock": 0
        },
        "2018-09-01": {
            "cash": 0.3,
            "stock": 0
        },
        "2018-12-01": {
            "cash": 0.3,
            "stock": 0
        },
        "2019-03-01": {
            "cash": 0.32,
            "stock": 0
        },
        "2019-06-01": {
            "cash": 0.32,
            "stock": 0
        },
        "2019-09-01": {
            "cash": 0.32,
            "stock": 0
        },
        "2019-12-01": {
            "cash": 0.32,
            "stock": 0
        },
        "2020-03-01": {
            "cash": 0.33,
            "stock": 0
        },
        "2020-06-01": {
            "cash": 0.33,
            "stock": 0
        },
        "2020-09-01": {
            "cash": 0.33,
            "stock": 0
        },
        "2020-12-01": {
            "cash": 0.33,
            "stock": 0
        },
        "2021-03-01": {
            "cash": 0.35,
            "stock": 0
        },
        "2021-06-01": {
            "cash": 0.35,
            "stock": 0
        },
        "2021-09-01": {
            "cash": 0.35,
            "stock": 0
        },
        "2021-12-01": {
            "cash": 0.35,
            "stock": 0
        },
        "2022-03-01": {
            "cash": 0.37,
            "stock": 0
        },
        "2022-06-01": {
            "cash": 0.37,
            "stock": 0
        },
        "2022-09-01": {
            "cash": 0.37,
            "stock": 0
        },
        "2022-12-01": {
            "cash": 0.37,
            "stock": 0
        },
        "2023-03-01": {
            "cash": 0.37,
            "stock": 0
        },
        "2023-06-01": {
            "cash": 0.13,
            "stock": 0
        },
        "2023-09-01": {
            "cash": 0.13,
            "stock": 0
        },
        "2023-12-01": {
            "cash": 0.13,
            "stock": 0
        },
        "2024-03-01": {
            "cash": 0.13,
            "stock": 0
        }
    },
    "prices": {
        "200101": "33.71",
        "200102": "33.01",
        "200103": "28.67",
        "200104": "27.65",
        "200105": "29.19",
        "200106": "28.84",
        "200107": "29.37",
        "200108": "29.32",
        "200109": "23.10",
        "200110": "23.59",
        "200111": "29.85",
        "200112": "32.94",
        "200201": "34.17",
        "200202": "31.95",
        "200203": "31.68",
        "200204": "29.45",
        "200205": "28.53",
        "200206": "21.62",
        "200207": "18.29",
        "200208": "17.83",
        "200209": "15.40",
        "200210": "15.07",
        "200211": "19.07",
        "200212": "17.82",
        "200301": "16.61",
        "200302": "16.09",
        "200303": "17.23",
        "200304": "17.85",
        "200305": "19.41",
        "200306": "21.20",
        "200307": "23.88",
        "200308": "25.81",
        "200309": "28.39",
        "200310": "31.07",
        "200311": "33.22",
        "200312": "31.51",
        "200401": "32.61",
        "200402": "30.18",
        "200403": "27.69",
        "200404": "27.07",
        "200405": "27.23",
        "200406": "28.04",
        "200407": "24.44",
        "200408": "22.30",
        "200409": "20.42",
        "200410": "21.17",
        "200411": "23.36",
        "200412": "23.18",
        "200501": "22.60",
        "200502": "23.54",
        "200503": "23.95",
        "200504": "23.03",
        "200505": "25.52",
        "200506": "26.88",
        "200507": "27.28",
        "200508": "26.31",
        "200509": "24.80",
        "200510": "23.52",
        "200511": "25.19",
        "200512": "26.16",
        "200601": "23.84",
        "200602": "20.85",
        "200603": "19.88",
        "200604": "19.37",
        "200605": "18.87",
        "200606": "18.01",
        "200607": "18.04",
        "200608": "18.25",
        "200609": "19.70",
        "200610": "21.14",
        "200611": "21.28",
        "200612": "20.66",
        "200701": "21.06",
        "200702": "20.98",
        "200703": "19.19",
        "200704": "20.91",
        "200705": "22.20",
        "200706": "23.04",
        "200707": "24.79",
        "200708": "24.19",
        "200709": "25.66",
        "200710": "26.09",
        "200711": "25.83",
        "200712": "26.86",
        "200801": "21.47",
        "200802": "20.46",
        "200803": "20.96",
        "200804": "21.97",
        "200805": "23.72",
        "200806": "22.54",
        "200807": "21.39",
        "200808": "23.51",
        "200809": "19.64",
        "200810": "15.84",
        "200811": "13.86",
        "200812": "14.15",
        "200901": "13.79",
        "200902": "13.50",
        "200903": "14.20",
        "200904": "15.57",
        "200905": "15.58",
        "200906": "16.14",
        "200907": "17.99",
        "200908": "19.03",
        "200909": "19.59",
        "200910": "19.83",
        "200911": "19.39",
        "200912": "20.01",
        "201001": "20.61",
        "201002": "20.16",
        "201003": "21.62",
        "201004": "23.26",
        "201005": "21.76",
        "201006": "20.78",
        "201007": "20.86",
        "201008": "19.40",
        "201009": "18.73",
        "201010": "19.57",
        "201011": "21.09",
        "201012": "21.34",
        "201101": "21.14",
        "201102": "21.64",
        "201103": "20.64",
        "201104": "20.66",
        "201105": "23.14",
        "201106": "21.62",
        "201107": "22.70",
        "201108": "20.41",
        "201109": "21.19",
        "201110": "23.38",
        "201111": "24.06",
        "201112": "24.25",
        "201201": "25.88",
        "201202": "26.80",
        "201203": "27.48",
        "201204": "27.99",
        "201205": "26.89",
        "201206": "26.40",
        "201207": "25.72",
        "201208": "25.87",
        "201209": "23.39",
        "201210": "21.96",
        "201211": "20.45",
        "201212": "20.46",
        "201301": "21.44",
        "201302": "20.92",
        "201303": "21.48",
        "201304": "22.22",
        "201305": "24.11",
        "201306": "24.62",
        "201307": "23.47",
        "201308": "22.45",
        "201309": "23.19",
        "201310": "23.54",
        "201311": "24.26",
        "201312": "24.82",
        "201401": "25.45",
        "201402": "24.43",
        "201403": "24.96",
        "201404": "26.56",
        "201405": "26.37",
        "201406": "29.27",
        "201407": "32.82",
        "201408": "34.02",
        "201409": "34.78",
        "201410": "32.86",
        "201411": "34.69",
        "201412": "36.90",
        "201501": "35.80",
        "201502": "33.87",
        "201503": "31.76",
        "201504": "32.05",
        "201505": "33.13",
        "201506": "31.87",
        "201507": "29.27",
        "201508": "28.37",
        "201509": "29.10",
        "201510": "32.94",
        "201511": "33.69",
        "201512": "34.77",
        "201601": "31.20",
        "201602": "29.21",
        "201603": "31.58",
        "201604": "31.68",
        "201605": "30.38",
        "201606": "31.90",
        "201607": "34.46",
        "201608": "35.03",
        "201609": "36.73",
        "201610": "36.53",
        "201611": "34.80",
        "201612": "36.10",
        "201701": "36.92",
        "201702": "36.22",
        "201703": "35.52",
        "201704": "36.15",
        "201705": "36.08",
        "201706": "35.17",
        "201707": "34.44",
        "201708": "35.59",
        "201709": "36.60",
        "201710": "40.59",
        "201711": "45.55",
        "201712": "44.98",
        "201801": "45.49",
        "201802": "46.07",
        "201803": "50.87",
        "201804": "51.38",
        "201805": "54.26",
        "201806": "53.61",
        "201807": "51.12",
        "201808": "48.36",
        "201809": "46.31",
        "201810": "45.79",
        "201811": "47.85",
        "201812": "46.93",
        "201901": "47.77",
        "201902": "50.89",
        "201903": "53.53",
        "201904": "55.88",
        "201905": "46.39",
        "201906": "46.50",
        "201907": "49.93",
        "201908": "46.67",
        "201909": "51.09",
        "201910": "52.43",
        "201911": "58.02",
        "201912": "57.87",
        "202001": "61.86",
        "202002": "64.31",
        "202003": "52.13",
        "202004": "58.41",
        "202005": "60.20",
        "202006": "60.76",
        "202007": "56.57",
        "202008": "49.06",
        "202009": "50.11",
        "202010": "51.05",
        "202011": "45.88",
        "202012": "49.32",
        "202101": "55.02",
        "202102": "60.20",
        "202103": "62.88",
        "202104": "63.09",
        "202105": "56.15",
        "202106": "56.81",
        "202107": "55.25",
        "202108": "53.51",
        "202109": "53.91",
        "202110": "52.51",
        "202111": "50.11",
        "202112": "50.77",
        "202201": "52.84",
        "202202": "47.71",
        "202203": "48.25",
        "202204": "46.91",
        "202205": "43.51",
        "202206": "39.55",
        "202207": "38.39",
        "202208": "34.97",
        "202209": "29.04",
        "202210": "26.67",
        "202211": "29.13",
        "202212": "27.52",
        "202301": "29.00",
        "202302": "27.63",
        "202303": "28.32",
        "202304": "31.44",
        "202305": "29.81",
        "202306": "33.02",
        "202307": "33.85",
        "202308": "34.22",
        "202309": "36.53",
        "202310": "35.53",
        "202311": "41.13",
        "202312": "45.69"
    },
    "quarters": {
        "20011": {
            "year_quarter": 20011,
            "year": 2001,
            "quarter": 1,
            "eps": 0.15,
            "eps_growth_year": -66.95,
            "eps_4q": 1.46,
            "eps_4q_growth_year": 10.46,
            "roe": 1.31,
            "roe_4q": 1.31,
            "gross_profit": 3452000,
            "gross_margin": 51.7,
            "gross_margin_4q_avg": 51.7,
            "net_income": 485000,
            "net_income_4q": null,
            "revenue": 6677000,
            "revenue_4q": null,
            "common_shares": 8712000,
            "book_valuer_per_share": 4.59,
            "book_valuer_per_share_4q_avg": 4.59,
            "equity": 36918000,
            "current_ratio": 253.68,
            "debt_ratio": 20.18,
            "inventory_turnover_ratio": 1.32,
            "account_receivable_turnover_ratio": 1.77,
            "reinvestment_rate": 28.77,
            "research_to_sale_ratio": 14.9,
            "price_fair": 0,
            "eps_avg_yearly": 0,
            "eps_latest_yearly": 0,
            "eps_growth_yearly": 0
        },
        "20012": {
            "year_quarter": 20012,
            "year": 2001,
            "quarter": 2,
            "eps": 0.11,
            "eps_growth_year": -78.93,
            "eps_4q": 1.06,
            "eps_4q_growth_year": -32.62,
            "roe": 0.53,
            "roe_4q": 1.84,
            "gross_profit": 3027000,
            "gross_margin": 47.79,
            "gross_margin_4q_avg": 49.75,
            "net_income": 196000,
            "net_income_4q": null,
            "revenue": 6334000,
            "revenue_4q": null,
            "common_shares": 9094000,
            "book_valuer_per_share": 4.53,
            "book_valuer_per_share_4q_avg": 4.56,
            "equity": 36738000,
            "current_ratio": 254,
            "debt_ratio": 19.48,
            "inventory_turnover_ratio": 1.21,
            "account_receivable_turnover_ratio": 2,
            "reinvestment_rate": 28.7,
            "research_to_sale_ratio": 14.51,
            "price_fair": 0,
            "eps_avg_yearly": 0,
            "eps_latest_yearly": 0,
            "eps_growth_yearly": 0
        },
        "20013": {
            "year_quarter": 20013,
            "year": 2001,
            "quarter": 3,
            "eps": 0.08,
            "eps_growth_year": -80.81,
            "eps_4q": 0.72,
            "eps_4q_growth_year": -58.08,
            "roe": 0.29,
            "roe_4q": 2.13,
            "gross_profit": 2992000,
            "gross_margin": 45.71,
            "gross_margin_4q_avg": 48.4,
            "net_income": 106000,
            "net_income_4q": null,
            "revenue": 6545000,
            "revenue_4q": null,
            "common_shares": 8965000,
            "book_valuer_per_share": 4.51,
            "book_valuer_per_share_4q_avg": 4.54,
            "equity": 35902000,
            "current_ratio": 272.36,
            "debt_ratio": 18.83,
            "inventory_turnover_ratio": 1.37,
            "account_receivable_turnover_ratio": 2.2,
            "reinvestment_rate": 26.65,
            "research_to_sale_ratio": 14.21,
            "price_fair": 0,
            "eps_avg_yearly": 0,
            "eps_latest_yearly": 0,
            "eps_growth_yearly": 0
        },
        "20014": {
            "year_quarter": 20014,
            "year": 2001,
            "quarter": 4,
            "eps": 0.15,
            "eps_growth_year": -60.03,
            "eps_4q": 0.49,
            "eps_4q_growth_year": -72.22,
            "roe": 1.41,
            "roe_4q": 3.54,
            "gross_profit": 3581000,
            "gross_margin": 51.28,
            "gross_margin_4q_avg": 49.12,
            "net_income": 504000,
            "net_income_4q": null,
            "revenue": 6983000,
            "revenue_4q": null,
            "common_shares": 8833000,
            "book_valuer_per_share": 4.59,
            "book_valuer_per_share_4q_avg": 4.56,
            "equity": 35830000,
            "current_ratio": 268.39,
            "debt_ratio": 19.29,
            "inventory_turnover_ratio": 1.48,
            "account_receivable_turnover_ratio": 2.47,
            "reinvestment_rate": 25.29,
            "research_to_sale_ratio": 13.63,
            "price_fair": 0,
            "eps_avg_yearly": 0,
            "eps_latest_yearly": 0,
            "eps_growth_yearly": 0
        },
        "20021": {
            "year_quarter": 20021,
            "year": 2002,
            "quarter": 1,
            "eps": 0.14,
            "eps_growth_year": -5.98,
            "eps_4q": 0.48,
            "eps_4q_growth_year": -67.21,
            "roe": 2.61,
            "roe_4q": 4.84,
            "gross_profit": 3480000,
            "gross_margin": 51.32,
            "gross_margin_4q_avg": 49.03,
            "net_income": 936000,
            "net_income_4q": null,
            "revenue": 6781000,
            "revenue_4q": null,
            "common_shares": 8828000,
            "book_valuer_per_share": 4.61,
            "book_valuer_per_share_4q_avg": 4.56,
            "equity": 35860000,
            "current_ratio": 264.78,
            "debt_ratio": 19.21,
            "inventory_turnover_ratio": 1.39,
            "account_receivable_turnover_ratio": 2.47,
            "reinvestment_rate": 24.14,
            "research_to_sale_ratio": 14.48,
            "price_fair": 1.68,
            "eps_avg_yearly": 0.56,
            "eps_latest_yearly": 0.56,
            "eps_growth_yearly": -26.67
        },
        "20022": {
            "year_quarter": 20022,
            "year": 2002,
            "quarter": 2,
            "eps": 0.07,
            "eps_growth_year": -36.71,
            "eps_4q": 0.44,
            "eps_4q_growth_year": -58.49,
            "roe": 1.25,
            "roe_4q": 5.56,
            "gross_profit": 2969000,
            "gross_margin": 46.99,
            "gross_margin_4q_avg": 48.83,
            "net_income": 446000,
            "net_income_4q": null,
            "revenue": 6319000,
            "revenue_4q": null,
            "common_shares": 8628000,
            "book_valuer_per_share": 4.69,
            "book_valuer_per_share_4q_avg": 4.6,
            "equity": 35580000,
            "current_ratio": 299.25,
            "debt_ratio": 18.2,
            "inventory_turnover_ratio": 1.34,
            "account_receivable_turnover_ratio": 2.18,
            "reinvestment_rate": 25.09,
            "research_to_sale_ratio": 16.21,
            "price_fair": 1.26,
            "eps_avg_yearly": 0.42,
            "eps_latest_yearly": 0.28,
            "eps_growth_yearly": -113.33
        },
        "20023": {
            "year_quarter": 20023,
            "year": 2002,
            "quarter": 3,
            "eps": 0.1,
            "eps_growth_year": 28.2,
            "eps_4q": 0.46,
            "eps_4q_growth_year": -35.73,
            "roe": 1.94,
            "roe_4q": 7.21,
            "gross_profit": 3173000,
            "gross_margin": 48.79,
            "gross_margin_4q_avg": 49.6,
            "net_income": 686000,
            "net_income_4q": null,
            "revenue": 6504000,
            "revenue_4q": null,
            "common_shares": 8249000,
            "book_valuer_per_share": 4.68,
            "book_valuer_per_share_4q_avg": 4.64,
            "equity": 35307000,
            "current_ratio": 287.3,
            "debt_ratio": 19.09,
            "inventory_turnover_ratio": 1.34,
            "account_receivable_turnover_ratio": 2.17,
            "reinvestment_rate": 9.6,
            "research_to_sale_ratio": 15.47,
            "price_fair": 1.24,
            "eps_avg_yearly": 0.41,
            "eps_latest_yearly": 0.4,
            "eps_growth_yearly": -18.41
        },
        "20024": {
            "year_quarter": 20024,
            "year": 2002,
            "quarter": 4,
            "eps": 0.16,
            "eps_growth_year": 2.4,
            "eps_4q": 0.46,
            "eps_4q_growth_year": -4.43,
            "roe": 2.96,
            "roe_4q": 8.76,
            "gross_profit": 3696000,
            "gross_margin": 51.62,
            "gross_margin_4q_avg": 49.68,
            "net_income": 1049000,
            "net_income_4q": null,
            "revenue": 7160000,
            "revenue_4q": null,
            "common_shares": 7641000,
            "book_valuer_per_share": 4.74,
            "book_valuer_per_share_4q_avg": 4.68,
            "equity": 35468000,
            "current_ratio": 286.96,
            "debt_ratio": 19.8,
            "inventory_turnover_ratio": 1.46,
            "account_receivable_turnover_ratio": 2.53,
            "reinvestment_rate": 16.72,
            "research_to_sale_ratio": 14.27,
            "price_fair": 16.45,
            "eps_avg_yearly": 0.47,
            "eps_latest_yearly": 0.64,
            "eps_growth_yearly": 46.19
        },
        "20031": {
            "year_quarter": 20031,
            "year": 2003,
            "quarter": 1,
            "eps": 0.14,
            "eps_growth_year": 1.47,
            "eps_4q": 0.47,
            "eps_4q_growth_year": -2.27,
            "roe": 2.58,
            "roe_4q": 8.73,
            "gross_profit": 3512000,
            "gross_margin": 52.02,
            "gross_margin_4q_avg": 49.86,
            "net_income": 915000,
            "net_income_4q": null,
            "revenue": 6751000,
            "revenue_4q": null,
            "common_shares": 7180000,
            "book_valuer_per_share": 4.76,
            "book_valuer_per_share_4q_avg": 4.72,
            "equity": 35401000,
            "current_ratio": 303.81,
            "debt_ratio": 19.19,
            "inventory_turnover_ratio": 1.46,
            "account_receivable_turnover_ratio": 2.44,
            "reinvestment_rate": 18.48,
            "research_to_sale_ratio": 15.09,
            "price_fair": 17.08,
            "eps_avg_yearly": 0.49,
            "eps_latest_yearly": 0.56,
            "eps_growth_yearly": 26.95
        },
        "20032": {
            "year_quarter": 20032,
            "year": 2003,
            "quarter": 2,
            "eps": 0.14,
            "eps_growth_year": 101.38,
            "eps_4q": 0.54,
            "eps_4q_growth_year": 22.12,
            "roe": 2.53,
            "roe_4q": 10.01,
            "gross_profit": 3468000,
            "gross_margin": 50.88,
            "gross_margin_4q_avg": 50.83,
            "net_income": 896000,
            "net_income_4q": null,
            "revenue": 6816000,
            "revenue_4q": null,
            "common_shares": 6733000,
            "book_valuer_per_share": 4.79,
            "book_valuer_per_share_4q_avg": 4.74,
            "equity": 35490000,
            "current_ratio": 300.07,
            "debt_ratio": 20.18,
            "inventory_turnover_ratio": 1.55,
            "account_receivable_turnover_ratio": 2.34,
            "reinvestment_rate": 9.95,
            "research_to_sale_ratio": 15.1,
            "price_fair": 16.23,
            "eps_avg_yearly": 0.5,
            "eps_latest_yearly": 0.56,
            "eps_growth_yearly": 22.46
        },
        "20033": {
            "year_quarter": 20033,
            "year": 2003,
            "quarter": 3,
            "eps": 0.25,
            "eps_growth_year": 143.33,
            "eps_4q": 0.68,
            "eps_4q_growth_year": 48.16,
            "roe": 4.55,
            "roe_4q": 12.620000000000001,
            "gross_profit": 4558000,
            "gross_margin": 58.19,
            "gross_margin_4q_avg": 53.18,
            "net_income": 1657000,
            "net_income_4q": null,
            "revenue": 7833000,
            "revenue_4q": null,
            "common_shares": 7154000,
            "book_valuer_per_share": 5.06,
            "book_valuer_per_share_4q_avg": 4.84,
            "equity": 37361000,
            "current_ratio": 307.3,
            "debt_ratio": 20.51,
            "inventory_turnover_ratio": 1.5,
            "account_receivable_turnover_ratio": 2.55,
            "reinvestment_rate": -3.47,
            "research_to_sale_ratio": 14.49,
            "price_fair": 20,
            "eps_avg_yearly": 0.57,
            "eps_latest_yearly": 1,
            "eps_growth_yearly": 64.15
        },
        "20034": {
            "year_quarter": 20034,
            "year": 2003,
            "quarter": 4,
            "eps": 0.49,
            "eps_growth_year": 213.93,
            "eps_4q": 1.02,
            "eps_4q_growth_year": 119.51,
            "roe": 5.78,
            "roe_4q": 15.44,
            "gross_profit": 5556000,
            "gross_margin": 63.56,
            "gross_margin_4q_avg": 56.16,
            "net_income": 2173000,
            "net_income_4q": null,
            "revenue": 8741000,
            "revenue_4q": null,
            "common_shares": 6754000,
            "book_valuer_per_share": 5.26,
            "book_valuer_per_share_4q_avg": 4.97,
            "equity": 37846000,
            "current_ratio": 332.64,
            "debt_ratio": 19.72,
            "inventory_turnover_ratio": 1.34,
            "account_receivable_turnover_ratio": 2.8,
            "reinvestment_rate": -18.51,
            "research_to_sale_ratio": 13.47,
            "price_fair": 26.08,
            "eps_avg_yearly": 0.75,
            "eps_latest_yearly": 1.96,
            "eps_growth_yearly": 104.13
        },
        "20041": {
            "year_quarter": 20041,
            "year": 2004,
            "quarter": 1,
            "eps": 0.26,
            "eps_growth_year": 88.67,
            "eps_4q": 1.14,
            "eps_4q_growth_year": 144.86,
            "roe": 4.56,
            "roe_4q": 17.42,
            "gross_profit": 4870000,
            "gross_margin": 60.19,
            "gross_margin_4q_avg": 58.21,
            "net_income": 1730000,
            "net_income_4q": null,
            "revenue": 8091000,
            "revenue_4q": null,
            "common_shares": 6726000,
            "book_valuer_per_share": 5.32,
            "book_valuer_per_share_4q_avg": 5.11,
            "equity": 38110000,
            "current_ratio": 359.9,
            "debt_ratio": 19.07,
            "inventory_turnover_ratio": 1.21,
            "account_receivable_turnover_ratio": 2.55,
            "reinvestment_rate": -6.4,
            "research_to_sale_ratio": 14.77,
            "price_fair": 27.22,
            "eps_avg_yearly": 0.78,
            "eps_latest_yearly": 1.04,
            "eps_growth_yearly": 71.7
        },
        "20042": {
            "year_quarter": 20042,
            "year": 2004,
            "quarter": 2,
            "eps": 0.27,
            "eps_growth_year": 96.75,
            "eps_4q": 1.27,
            "eps_4q_growth_year": 138.12,
            "roe": 4.58,
            "roe_4q": 19.470000000000002,
            "gross_profit": 4780000,
            "gross_margin": 59.39,
            "gross_margin_4q_avg": 60.33,
            "net_income": 1757000,
            "net_income_4q": null,
            "revenue": 8049000,
            "revenue_4q": null,
            "common_shares": 6395000,
            "book_valuer_per_share": 5.43,
            "book_valuer_per_share_4q_avg": 5.27,
            "equity": 38593000,
            "current_ratio": 328.44,
            "debt_ratio": 20.71,
            "inventory_turnover_ratio": 1.09,
            "account_receivable_turnover_ratio": 2.46,
            "reinvestment_rate": -4.96,
            "research_to_sale_ratio": 14.73,
            "price_fair": 28.28,
            "eps_avg_yearly": 0.81,
            "eps_latest_yearly": 1.08,
            "eps_growth_yearly": 66.07
        },
        "20043": {
            "year_quarter": 20043,
            "year": 2004,
            "quarter": 3,
            "eps": 0.3,
            "eps_growth_year": 17.94,
            "eps_4q": 1.32,
            "eps_4q_growth_year": 93.19,
            "roe": 4.96,
            "roe_4q": 19.88,
            "gross_profit": 4719000,
            "gross_margin": 55.71,
            "gross_margin_4q_avg": 59.71,
            "net_income": 1906000,
            "net_income_4q": null,
            "revenue": 8471000,
            "revenue_4q": null,
            "common_shares": 6045000,
            "book_valuer_per_share": 5.45,
            "book_valuer_per_share_4q_avg": 5.37,
            "equity": 38195000,
            "current_ratio": 307.17,
            "debt_ratio": 20.09,
            "inventory_turnover_ratio": 1.17,
            "account_receivable_turnover_ratio": 2.63,
            "reinvestment_rate": 0.14,
            "research_to_sale_ratio": 13.97,
            "price_fair": 29.53,
            "eps_avg_yearly": 0.84,
            "eps_latest_yearly": 1.2,
            "eps_growth_yearly": 64.1
        },
        "20044": {
            "year_quarter": 20044,
            "year": 2004,
            "quarter": 4,
            "eps": 0.33,
            "eps_growth_year": -32.41,
            "eps_4q": 1.16,
            "eps_4q_growth_year": 13.65,
            "roe": 5.53,
            "roe_4q": 19.63,
            "gross_profit": 5377000,
            "gross_margin": 56.02,
            "gross_margin_4q_avg": 57.83,
            "net_income": 2123000,
            "net_income_4q": null,
            "revenue": 9598000,
            "revenue_4q": null,
            "common_shares": 6143000,
            "book_valuer_per_share": 5.57,
            "book_valuer_per_share_4q_avg": 5.44,
            "equity": 38579000,
            "current_ratio": 300.5,
            "debt_ratio": 19.87,
            "inventory_turnover_ratio": 1.46,
            "account_receivable_turnover_ratio": 3.06,
            "reinvestment_rate": -0.5,
            "research_to_sale_ratio": 12.65,
            "price_fair": 30.92,
            "eps_avg_yearly": 0.88,
            "eps_latest_yearly": 1.32,
            "eps_growth_yearly": 62.09
        },
        "20051": {
            "year_quarter": 20051,
            "year": 2005,
            "quarter": 1,
            "eps": 0.35,
            "eps_growth_year": 32.94,
            "eps_4q": 1.25,
            "eps_4q_growth_year": 8.97,
            "roe": 5.71,
            "roe_4q": 20.78,
            "gross_profit": 5598000,
            "gross_margin": 59.34,
            "gross_margin_4q_avg": 57.62,
            "net_income": 2178000,
            "net_income_4q": null,
            "revenue": 9434000,
            "revenue_4q": null,
            "common_shares": 6220000,
            "book_valuer_per_share": 5.51,
            "book_valuer_per_share_4q_avg": 5.49,
            "equity": 37711000,
            "current_ratio": 273.86,
            "debt_ratio": 20.72,
            "inventory_turnover_ratio": 1.41,
            "account_receivable_turnover_ratio": 3.03,
            "reinvestment_rate": -2.72,
            "research_to_sale_ratio": 13.42,
            "price_fair": 32.31,
            "eps_avg_yearly": 0.92,
            "eps_latest_yearly": 1.4,
            "eps_growth_yearly": 59.18
        },
        "20052": {
            "year_quarter": 20052,
            "year": 2005,
            "quarter": 2,
            "eps": 0.33,
            "eps_growth_year": 22.39,
            "eps_4q": 1.31,
            "eps_4q_growth_year": 2.42,
            "roe": 5.41,
            "roe_4q": 21.610000000000003,
            "gross_profit": 5203000,
            "gross_margin": 56.36,
            "gross_margin_4q_avg": 56.86,
            "net_income": 2038000,
            "net_income_4q": null,
            "revenue": 9231000,
            "revenue_4q": null,
            "common_shares": 6260000,
            "book_valuer_per_share": 5.55,
            "book_valuer_per_share_4q_avg": 5.52,
            "equity": 37614000,
            "current_ratio": 285.22,
            "debt_ratio": 19.13,
            "inventory_turnover_ratio": 1.45,
            "account_receivable_turnover_ratio": 2.77,
            "reinvestment_rate": -1.51,
            "research_to_sale_ratio": 12.74,
            "price_fair": 33.3,
            "eps_avg_yearly": 0.95,
            "eps_latest_yearly": 1.32,
            "eps_growth_yearly": 53.32
        },
        "20053": {
            "year_quarter": 20053,
            "year": 2005,
            "quarter": 3,
            "eps": 0.32,
            "eps_growth_year": 9.75,
            "eps_4q": 1.33,
            "eps_4q_growth_year": 1.11,
            "roe": 5.37,
            "roe_4q": 22.020000000000003,
            "gross_profit": 5948000,
            "gross_margin": 59.72,
            "gross_margin_4q_avg": 57.86,
            "net_income": 1995000,
            "net_income_4q": null,
            "revenue": 9960000,
            "revenue_4q": null,
            "common_shares": 6223000,
            "book_valuer_per_share": 5.45,
            "book_valuer_per_share_4q_avg": 5.52,
            "equity": 36676000,
            "current_ratio": 228.7,
            "debt_ratio": 22.56,
            "inventory_turnover_ratio": 1.44,
            "account_receivable_turnover_ratio": 2.77,
            "reinvestment_rate": 3.47,
            "research_to_sale_ratio": 13.46,
            "price_fair": 34.07,
            "eps_avg_yearly": 0.97,
            "eps_latest_yearly": 1.28,
            "eps_growth_yearly": 48.96
        },
        "20054": {
            "year_quarter": 20054,
            "year": 2005,
            "quarter": 4,
            "eps": 0.4,
            "eps_growth_year": 20.69,
            "eps_4q": 1.4,
            "eps_4q_growth_year": 21.05,
            "roe": 6.73,
            "roe_4q": 23.220000000000002,
            "gross_profit": 6300000,
            "gross_margin": 61.76,
            "gross_margin_4q_avg": 59.3,
            "net_income": 2453000,
            "net_income_4q": null,
            "revenue": 10201000,
            "revenue_4q": null,
            "common_shares": 6245000,
            "book_valuer_per_share": 5.46,
            "book_valuer_per_share_4q_avg": 5.49,
            "equity": 36182000,
            "current_ratio": 229.52,
            "debt_ratio": 25.11,
            "inventory_turnover_ratio": 1.31,
            "account_receivable_turnover_ratio": 2.66,
            "reinvestment_rate": 6.96,
            "research_to_sale_ratio": 13.35,
            "price_fair": 35.44,
            "eps_avg_yearly": 1.01,
            "eps_latest_yearly": 1.6,
            "eps_growth_yearly": 52.15
        },
        "20061": {
            "year_quarter": 20061,
            "year": 2006,
            "quarter": 1,
            "eps": 0.23,
            "eps_growth_year": -34.36,
            "eps_4q": 1.28,
            "eps_4q_growth_year": 3.11,
            "roe": 3.85,
            "roe_4q": 21.36,
            "gross_profit": 4943000,
            "gross_margin": 55.29,
            "gross_margin_4q_avg": 58.28,
            "net_income": 1357000,
            "net_income_4q": null,
            "revenue": 8940000,
            "revenue_4q": null,
            "common_shares": 6662000,
            "book_valuer_per_share": 5.06,
            "book_valuer_per_share_4q_avg": 5.38,
            "equity": 34358000,
            "current_ratio": 183.15,
            "debt_ratio": 27.2,
            "inventory_turnover_ratio": 1.19,
            "account_receivable_turnover_ratio": 2.28,
            "reinvestment_rate": 9.55,
            "research_to_sale_ratio": 17.47,
            "price_fair": 36.23,
            "eps_avg_yearly": 1.04,
            "eps_latest_yearly": 0.92,
            "eps_growth_yearly": 43.19
        },
        "20062": {
            "year_quarter": 20062,
            "year": 2006,
            "quarter": 2,
            "eps": 0.15,
            "eps_growth_year": -54.01,
            "eps_4q": 1.11,
            "eps_4q_growth_year": -15.2,
            "roe": 2.56,
            "roe_4q": 18.51,
            "gross_profit": 4171000,
            "gross_margin": 52.08,
            "gross_margin_4q_avg": 57.21,
            "net_income": 885000,
            "net_income_4q": null,
            "revenue": 8009000,
            "revenue_4q": null,
            "common_shares": 6986000,
            "book_valuer_per_share": 5.18,
            "book_valuer_per_share_4q_avg": 5.29,
            "equity": 34796000,
            "current_ratio": 198.94,
            "debt_ratio": 24.5,
            "inventory_turnover_ratio": 0.97,
            "account_receivable_turnover_ratio": 2.26,
            "reinvestment_rate": 11.66,
            "research_to_sale_ratio": 18.68,
            "price_fair": 36.93,
            "eps_avg_yearly": 1.06,
            "eps_latest_yearly": 0.6,
            "eps_growth_yearly": 47
        },
        "20063": {
            "year_quarter": 20063,
            "year": 2006,
            "quarter": 3,
            "eps": 0.24,
            "eps_growth_year": -27.59,
            "eps_4q": 1.02,
            "eps_4q_growth_year": -23.75,
            "roe": 3.73,
            "roe_4q": 16.87,
            "gross_profit": 4294000,
            "gross_margin": 49.14,
            "gross_margin_4q_avg": 54.57,
            "net_income": 1301000,
            "net_income_4q": null,
            "revenue": 8739000,
            "revenue_4q": null,
            "common_shares": 7348000,
            "book_valuer_per_share": 5.24,
            "book_valuer_per_share_4q_avg": 5.24,
            "equity": 35017000,
            "current_ratio": 194.37,
            "debt_ratio": 25.27,
            "inventory_turnover_ratio": 1.01,
            "account_receivable_turnover_ratio": 2.67,
            "reinvestment_rate": 9.2,
            "research_to_sale_ratio": 15.89,
            "price_fair": 38.15,
            "eps_avg_yearly": 1.09,
            "eps_latest_yearly": 0.96,
            "eps_growth_yearly": 51.28
        },
        "20064": {
            "year_quarter": 20064,
            "year": 2006,
            "quarter": 4,
            "eps": 0.31,
            "eps_growth_year": -22.95,
            "eps_4q": 0.92,
            "eps_4q_growth_year": -34.1,
            "roe": 4.18,
            "roe_4q": 14.32,
            "gross_profit": 4810000,
            "gross_margin": 49.62,
            "gross_margin_4q_avg": 51.53,
            "net_income": 1501000,
            "net_income_4q": null,
            "revenue": 9694000,
            "revenue_4q": null,
            "common_shares": 7825000,
            "book_valuer_per_share": 5.53,
            "book_valuer_per_share_4q_avg": 5.25,
            "equity": 36752000,
            "current_ratio": 214.71,
            "debt_ratio": 24.02,
            "inventory_turnover_ratio": 1.11,
            "account_receivable_turnover_ratio": 3.2,
            "reinvestment_rate": 12.08,
            "research_to_sale_ratio": 14.71,
            "price_fair": 39.46,
            "eps_avg_yearly": 1.13,
            "eps_latest_yearly": 1.24,
            "eps_growth_yearly": 43.57
        },
        "20071": {
            "year_quarter": 20071,
            "year": 2007,
            "quarter": 1,
            "eps": 0.3,
            "eps_growth_year": 29.45,
            "eps_4q": 0.99,
            "eps_4q_growth_year": -22.75,
            "roe": 4.41,
            "roe_4q": 14.88,
            "gross_profit": 4432000,
            "gross_margin": 50.07,
            "gross_margin_4q_avg": 50.23,
            "net_income": 1636000,
            "net_income_4q": null,
            "revenue": 8852000,
            "revenue_4q": null,
            "common_shares": 8598000,
            "book_valuer_per_share": 5.65,
            "book_valuer_per_share_4q_avg": 5.4,
            "equity": 37526000,
            "current_ratio": 267.04,
            "debt_ratio": 23.03,
            "inventory_turnover_ratio": 1.02,
            "account_receivable_turnover_ratio": 3.23,
            "reinvestment_rate": 14.13,
            "research_to_sale_ratio": 15.82,
            "price_fair": 40.86,
            "eps_avg_yearly": 1.17,
            "eps_latest_yearly": 1.2,
            "eps_growth_yearly": 45.89
        },
        "20072": {
            "year_quarter": 20072,
            "year": 2007,
            "quarter": 2,
            "eps": 0.23,
            "eps_growth_year": 55.01,
            "eps_4q": 1.07,
            "eps_4q_growth_year": -2.9,
            "roe": 3.31,
            "roe_4q": 15.63,
            "gross_profit": 4075000,
            "gross_margin": 46.95,
            "gross_margin_4q_avg": 48.95,
            "net_income": 1278000,
            "net_income_4q": null,
            "revenue": 8680000,
            "revenue_4q": null,
            "common_shares": 9597000,
            "book_valuer_per_share": 6,
            "book_valuer_per_share_4q_avg": 5.61,
            "equity": 39698000,
            "current_ratio": 303.96,
            "debt_ratio": 21.07,
            "inventory_turnover_ratio": 1.08,
            "account_receivable_turnover_ratio": 3.27,
            "reinvestment_rate": 10.45,
            "research_to_sale_ratio": 15.59,
            "price_fair": 41.65,
            "eps_avg_yearly": 1.19,
            "eps_latest_yearly": 0.92,
            "eps_growth_yearly": 40.06
        },
        "20073": {
            "year_quarter": 20073,
            "year": 2007,
            "quarter": 3,
            "eps": 0.32,
            "eps_growth_year": 35.35,
            "eps_4q": 1.16,
            "eps_4q_growth_year": 13.82,
            "roe": 4.44,
            "roe_4q": 16.34,
            "gross_profit": 5171000,
            "gross_margin": 51.25,
            "gross_margin_4q_avg": 49.47,
            "net_income": 1791000,
            "net_income_4q": null,
            "revenue": 10090000,
            "revenue_4q": null,
            "common_shares": 10695000,
            "book_valuer_per_share": 6.16,
            "book_valuer_per_share_4q_avg": 5.84,
            "equity": 40902000,
            "current_ratio": 276,
            "debt_ratio": 22.88,
            "inventory_turnover_ratio": 1.28,
            "account_receivable_turnover_ratio": 3.69,
            "reinvestment_rate": 10.98,
            "research_to_sale_ratio": 15.07,
            "price_fair": 42.26,
            "eps_avg_yearly": 1.21,
            "eps_latest_yearly": 1.28,
            "eps_growth_yearly": 30.2
        },
        "20074": {
            "year_quarter": 20074,
            "year": 2007,
            "quarter": 4,
            "eps": 0.41,
            "eps_growth_year": 30.78,
            "eps_4q": 1.25,
            "eps_4q_growth_year": 35.57,
            "roe": 5.43,
            "roe_4q": 17.590000000000003,
            "gross_profit": 6226000,
            "gross_margin": 58.12,
            "gross_margin_4q_avg": 51.6,
            "net_income": 2271000,
            "net_income_4q": null,
            "revenue": 10712000,
            "revenue_4q": null,
            "common_shares": 11653000,
            "book_valuer_per_share": 6.51,
            "book_valuer_per_share_4q_avg": 6.08,
            "equity": 42762000,
            "current_ratio": 278.67,
            "debt_ratio": 23.16,
            "inventory_turnover_ratio": 1.3,
            "account_receivable_turnover_ratio": 3.89,
            "reinvestment_rate": 12.27,
            "research_to_sale_ratio": 13.83,
            "price_fair": 27.58,
            "eps_avg_yearly": 1.19,
            "eps_latest_yearly": 1.64,
            "eps_growth_yearly": 13.23
        },
        "20081": {
            "year_quarter": 20081,
            "year": 2008,
            "quarter": 1,
            "eps": 0.29,
            "eps_growth_year": -2.85,
            "eps_4q": 1.25,
            "eps_4q_growth_year": 25.54,
            "roe": 3.46,
            "roe_4q": 16.64,
            "gross_profit": 5207000,
            "gross_margin": 53.83,
            "gross_margin_4q_avg": 52.54,
            "net_income": 1443000,
            "net_income_4q": null,
            "revenue": 9673000,
            "revenue_4q": null,
            "common_shares": 12118000,
            "book_valuer_per_share": 6.26,
            "book_valuer_per_share_4q_avg": 6.23,
            "equity": 40660000,
            "current_ratio": 254.55,
            "debt_ratio": 23.84,
            "inventory_turnover_ratio": 1.34,
            "account_receivable_turnover_ratio": 3.65,
            "reinvestment_rate": 10.19,
            "research_to_sale_ratio": 15.17,
            "price_fair": 33.04,
            "eps_avg_yearly": 1.2,
            "eps_latest_yearly": 1.16,
            "eps_growth_yearly": 17.65
        },
        "20082": {
            "year_quarter": 20082,
            "year": 2008,
            "quarter": 2,
            "eps": 0.3,
            "eps_growth_year": 27.41,
            "eps_4q": 1.31,
            "eps_4q_growth_year": 21.81,
            "roe": 3.95,
            "roe_4q": 17.28,
            "gross_profit": 5249000,
            "gross_margin": 55.43,
            "gross_margin_4q_avg": 54.66,
            "net_income": 1601000,
            "net_income_4q": null,
            "revenue": 9470000,
            "revenue_4q": null,
            "common_shares": 12452000,
            "book_valuer_per_share": 6.31,
            "book_valuer_per_share_4q_avg": 6.31,
            "equity": 40361000,
            "current_ratio": 246.24,
            "debt_ratio": 22.96,
            "inventory_turnover_ratio": 1.29,
            "account_receivable_turnover_ratio": 3.7,
            "reinvestment_rate": 11.77,
            "research_to_sale_ratio": 15.5,
            "price_fair": 33.13,
            "eps_avg_yearly": 1.2,
            "eps_latest_yearly": 1.2,
            "eps_growth_yearly": 17.55
        },
        "20083": {
            "year_quarter": 20083,
            "year": 2008,
            "quarter": 3,
            "eps": 0.4,
            "eps_growth_year": 24.7,
            "eps_4q": 1.39,
            "eps_4q_growth_year": 19.86,
            "roe": 5.08,
            "roe_4q": 17.92,
            "gross_profit": 6019000,
            "gross_margin": 58.91,
            "gross_margin_4q_avg": 56.57,
            "net_income": 2013000,
            "net_income_4q": null,
            "revenue": 10217000,
            "revenue_4q": null,
            "common_shares": 12744000,
            "book_valuer_per_share": 6.08,
            "book_valuer_per_share_4q_avg": 6.29,
            "equity": 38911000,
            "current_ratio": 212.78,
            "debt_ratio": 26.19,
            "inventory_turnover_ratio": 1.26,
            "account_receivable_turnover_ratio": 3.98,
            "reinvestment_rate": 8.11,
            "research_to_sale_ratio": 14.4,
            "price_fair": 40.63,
            "eps_avg_yearly": 1.23,
            "eps_latest_yearly": 1.6,
            "eps_growth_yearly": 23.1
        },
        "20084": {
            "year_quarter": 20084,
            "year": 2008,
            "quarter": 4,
            "eps": 0.19,
            "eps_growth_year": -52.33,
            "eps_4q": 1.18,
            "eps_4q_growth_year": -6.26,
            "roe": 0.6,
            "roe_4q": 13.09,
            "gross_profit": 4369000,
            "gross_margin": 53.11,
            "gross_margin_4q_avg": 55.32,
            "net_income": 234000,
            "net_income_4q": null,
            "revenue": 8226000,
            "revenue_4q": null,
            "common_shares": 13402000,
            "book_valuer_per_share": 6.26,
            "book_valuer_per_share_4q_avg": 6.23,
            "equity": 39546000,
            "current_ratio": 254.17,
            "debt_ratio": 21.65,
            "inventory_turnover_ratio": 1.08,
            "account_receivable_turnover_ratio": 3.7,
            "reinvestment_rate": 22.54,
            "research_to_sale_ratio": 16,
            "price_fair": 20.84,
            "eps_avg_yearly": 1.19,
            "eps_latest_yearly": 0.76,
            "eps_growth_yearly": 7.48
        },
        "20091": {
            "year_quarter": 20091,
            "year": 2009,
            "quarter": 1,
            "eps": 0.14,
            "eps_growth_year": -51.57,
            "eps_4q": 1.03,
            "eps_4q_growth_year": -17.5,
            "roe": 1.6,
            "roe_4q": 11.23,
            "gross_profit": 3238000,
            "gross_margin": 45.32,
            "gross_margin_4q_avg": 53.19,
            "net_income": 629000,
            "net_income_4q": null,
            "revenue": 7145000,
            "revenue_4q": null,
            "common_shares": 13845000,
            "book_valuer_per_share": 6.16,
            "book_valuer_per_share_4q_avg": 6.2,
            "equity": 39064000,
            "current_ratio": 286.11,
            "debt_ratio": 19.38,
            "inventory_turnover_ratio": 1.15,
            "account_receivable_turnover_ratio": 3.76,
            "reinvestment_rate": 6.17,
            "research_to_sale_ratio": 18.43,
            "price_fair": 3.42,
            "eps_avg_yearly": 1.14,
            "eps_latest_yearly": 0.56,
            "eps_growth_yearly": -0.62
        },
        "20092": {
            "year_quarter": 20092,
            "year": 2009,
            "quarter": 2,
            "eps": -0.06,
            "eps_growth_year": -118.81,
            "eps_4q": 0.67,
            "eps_4q_growth_year": -48.57,
            "roe": -1.02,
            "roe_4q": 6.26,
            "gross_profit": 4079000,
            "gross_margin": 50.83,
            "gross_margin_4q_avg": 52.04,
            "net_income": -398000,
            "net_income_4q": null,
            "revenue": 8024000,
            "revenue_4q": null,
            "common_shares": 13995000,
            "book_valuer_per_share": 6.15,
            "book_valuer_per_share_4q_avg": 6.16,
            "equity": 39047000,
            "current_ratio": 260.87,
            "debt_ratio": 20.41,
            "inventory_turnover_ratio": 1.35,
            "account_receivable_turnover_ratio": 3.99,
            "reinvestment_rate": 19.75,
            "research_to_sale_ratio": 16.24,
            "price_fair": 11.28,
            "eps_avg_yearly": 1.13,
            "eps_latest_yearly": 0.56,
            "eps_growth_yearly": 0.87
        },
        "20093": {
            "year_quarter": 20093,
            "year": 2009,
            "quarter": 3,
            "eps": 0.35,
            "eps_growth_year": -13.01,
            "eps_4q": 0.62,
            "eps_4q_growth_year": -55.2,
            "roe": 4.75,
            "roe_4q": 5.93,
            "gross_profit": 5404000,
            "gross_margin": 57.56,
            "gross_margin_4q_avg": 51.71,
            "net_income": 1856000,
            "net_income_4q": null,
            "revenue": 9389000,
            "revenue_4q": null,
            "common_shares": 14763000,
            "book_valuer_per_share": 6.09,
            "book_valuer_per_share_4q_avg": 6.17,
            "equity": 39033000,
            "current_ratio": 248.38,
            "debt_ratio": 23.46,
            "inventory_turnover_ratio": 1.51,
            "account_receivable_turnover_ratio": 4.74,
            "reinvestment_rate": 15.83,
            "research_to_sale_ratio": 15.23,
            "price_fair": 13.18,
            "eps_avg_yearly": 1.12,
            "eps_latest_yearly": 0.56,
            "eps_growth_yearly": 1.79
        },
        "20094": {
            "year_quarter": 20094,
            "year": 2009,
            "quarter": 4,
            "eps": 0.41,
            "eps_growth_year": 112.97,
            "eps_4q": 0.84,
            "eps_4q_growth_year": -28.46,
            "roe": 5.65,
            "roe_4q": 10.98,
            "gross_profit": 6840000,
            "gross_margin": 64.72,
            "gross_margin_4q_avg": 54.61,
            "net_income": 2282000,
            "net_income_4q": null,
            "revenue": 10569000,
            "revenue_4q": null,
            "common_shares": 14993000,
            "book_valuer_per_share": 6.59,
            "book_valuer_per_share_4q_avg": 6.25,
            "equity": 41704000,
            "current_ratio": 278.71,
            "debt_ratio": 21.45,
            "inventory_turnover_ratio": 1.37,
            "account_receivable_turnover_ratio": 4.92,
            "reinvestment_rate": 15.94,
            "research_to_sale_ratio": 15.17,
            "price_fair": 3.36,
            "eps_avg_yearly": 1.12,
            "eps_latest_yearly": 1.64,
            "eps_growth_yearly": -0.45
        },
        "20101": {
            "year_quarter": 20101,
            "year": 2010,
            "quarter": 1,
            "eps": 0.44,
            "eps_growth_year": 213.83,
            "eps_4q": 1.14,
            "eps_4q_growth_year": 10.72,
            "roe": 5.77,
            "roe_4q": 15.150000000000002,
            "gross_profit": 6529000,
            "gross_margin": 63.39,
            "gross_margin_4q_avg": 59.13,
            "net_income": 2442000,
            "net_income_4q": null,
            "revenue": 10299000,
            "revenue_4q": null,
            "common_shares": 15466000,
            "book_valuer_per_share": 6.79,
            "book_valuer_per_share_4q_avg": 6.41,
            "equity": 42900000,
            "current_ratio": 266.2,
            "debt_ratio": 23.08,
            "inventory_turnover_ratio": 1.27,
            "account_receivable_turnover_ratio": 4.61,
            "reinvestment_rate": 14.62,
            "research_to_sale_ratio": 15.19,
            "price_fair": 28.06,
            "eps_avg_yearly": 1.18,
            "eps_latest_yearly": 1.76,
            "eps_growth_yearly": 13.78
        },
        "20102": {
            "year_quarter": 20102,
            "year": 2010,
            "quarter": 2,
            "eps": 0.51,
            "eps_growth_year": null,
            "eps_4q": 1.7,
            "eps_4q_growth_year": 152.61,
            "roe": 6.51,
            "roe_4q": 22.68,
            "gross_profit": 7235000,
            "gross_margin": 67.21,
            "gross_margin_4q_avg": 63.22,
            "net_income": 2887000,
            "net_income_4q": null,
            "revenue": 10765000,
            "revenue_4q": null,
            "common_shares": 15741000,
            "book_valuer_per_share": 7.29,
            "book_valuer_per_share_4q_avg": 6.69,
            "equity": 45841000,
            "current_ratio": 333.43,
            "debt_ratio": 20.54,
            "inventory_turnover_ratio": 1.12,
            "account_receivable_turnover_ratio": 4.66,
            "reinvestment_rate": 12.42,
            "research_to_sale_ratio": 15.48,
            "price_fair": 44.9,
            "eps_avg_yearly": 1.28,
            "eps_latest_yearly": 2.04,
            "eps_growth_yearly": 28.27
        },
        "20103": {
            "year_quarter": 20103,
            "year": 2010,
            "quarter": 3,
            "eps": 0.52,
            "eps_growth_year": 51.46,
            "eps_4q": 1.88,
            "eps_4q_growth_year": 202.16,
            "roe": 6.32,
            "roe_4q": 24.25,
            "gross_profit": 7321000,
            "gross_margin": 65.94,
            "gross_margin_4q_avg": 65.32,
            "net_income": 2955000,
            "net_income_4q": null,
            "revenue": 11102000,
            "revenue_4q": null,
            "common_shares": 16096000,
            "book_valuer_per_share": 7.61,
            "book_valuer_per_share_4q_avg": 7.07,
            "equity": 47696000,
            "current_ratio": 333.81,
            "debt_ratio": 21.28,
            "inventory_turnover_ratio": 1.12,
            "account_receivable_turnover_ratio": 4.16,
            "reinvestment_rate": 9.08,
            "research_to_sale_ratio": 15.09,
            "price_fair": 29.55,
            "eps_avg_yearly": 1.36,
            "eps_latest_yearly": 2.08,
            "eps_growth_yearly": 11.68
        },
        "20104": {
            "year_quarter": 20104,
            "year": 2010,
            "quarter": 4,
            "eps": 0.56,
            "eps_growth_year": 36.23,
            "eps_4q": 2.03,
            "eps_4q_growth_year": 141.27,
            "roe": 6.55,
            "roe_4q": 25.150000000000002,
            "gross_profit": 7406000,
            "gross_margin": 64.64,
            "gross_margin_4q_avg": 65.3,
            "net_income": 3180000,
            "net_income_4q": null,
            "revenue": 11457000,
            "revenue_4q": null,
            "common_shares": 16178000,
            "book_valuer_per_share": 7.99,
            "book_valuer_per_share_4q_avg": 7.42,
            "equity": 49430000,
            "current_ratio": 338.92,
            "debt_ratio": 21.77,
            "inventory_turnover_ratio": 1.13,
            "account_receivable_turnover_ratio": 3.97,
            "reinvestment_rate": 7.56,
            "research_to_sale_ratio": 14.58,
            "price_fair": 22.3,
            "eps_avg_yearly": 1.43,
            "eps_latest_yearly": 2.24,
            "eps_growth_yearly": 5.55
        },
        "20111": {
            "year_quarter": 20111,
            "year": 2011,
            "quarter": 1,
            "eps": 0.57,
            "eps_growth_year": 30.65,
            "eps_4q": 2.16,
            "eps_4q_growth_year": 90.05,
            "roe": 6.53,
            "roe_4q": 25.909999999999997,
            "gross_profit": 7885000,
            "gross_margin": 61.38,
            "gross_margin_4q_avg": 64.79,
            "net_income": 3160000,
            "net_income_4q": null,
            "revenue": 12847000,
            "revenue_4q": null,
            "common_shares": 16271000,
            "book_valuer_per_share": 5.89,
            "book_valuer_per_share_4q_avg": 7.2,
            "equity": 47349000,
            "current_ratio": 197.1,
            "debt_ratio": 27.77,
            "inventory_turnover_ratio": 1.26,
            "account_receivable_turnover_ratio": 4.01,
            "reinvestment_rate": 11.29,
            "research_to_sale_ratio": 14.91,
            "price_fair": 25.66,
            "eps_avg_yearly": 1.51,
            "eps_latest_yearly": 2.28,
            "eps_growth_yearly": 6.98
        },
        "20112": {
            "year_quarter": 20112,
            "year": 2011,
            "quarter": 2,
            "eps": 0.55,
            "eps_growth_year": 9.25,
            "eps_4q": 2.21,
            "eps_4q_growth_year": 29.84,
            "roe": 6.15,
            "roe_4q": 25.55,
            "gross_profit": 7902000,
            "gross_margin": 60.64,
            "gross_margin_4q_avg": 63.15,
            "net_income": 2954000,
            "net_income_4q": null,
            "revenue": 13032000,
            "revenue_4q": null,
            "common_shares": 16245000,
            "book_valuer_per_share": 6.22,
            "book_valuer_per_share_4q_avg": 6.93,
            "equity": 48723000,
            "current_ratio": 223.12,
            "debt_ratio": 26.28,
            "inventory_turnover_ratio": 1.26,
            "account_receivable_turnover_ratio": 3.78,
            "reinvestment_rate": 10.49,
            "research_to_sale_ratio": 15.24,
            "price_fair": 36.29,
            "eps_avg_yearly": 1.6,
            "eps_latest_yearly": 2.2,
            "eps_growth_yearly": 12.64
        },
        "20113": {
            "year_quarter": 20113,
            "year": 2011,
            "quarter": 3,
            "eps": 0.67,
            "eps_growth_year": 27.71,
            "eps_4q": 2.35,
            "eps_4q_growth_year": 25.28,
            "roe": 7.31,
            "roe_4q": 26.540000000000003,
            "gross_profit": 9018000,
            "gross_margin": 63.36,
            "gross_margin_4q_avg": 62.51,
            "net_income": 3468000,
            "net_income_4q": null,
            "revenue": 14233000,
            "revenue_4q": null,
            "common_shares": 16247000,
            "book_valuer_per_share": 5.97,
            "book_valuer_per_share_4q_avg": 6.52,
            "equity": 46117000,
            "current_ratio": 224.18,
            "debt_ratio": 34.63,
            "inventory_turnover_ratio": 1.31,
            "account_receivable_turnover_ratio": 3.96,
            "reinvestment_rate": 12.31,
            "research_to_sale_ratio": 15.04,
            "price_fair": 30.14,
            "eps_avg_yearly": 1.7,
            "eps_latest_yearly": 2.68,
            "eps_growth_yearly": 7.7
        },
        "20114": {
            "year_quarter": 20114,
            "year": 2011,
            "quarter": 4,
            "eps": 0.65,
            "eps_growth_year": 15.65,
            "eps_4q": 2.44,
            "eps_4q_growth_year": 20.38,
            "roe": 7.3,
            "roe_4q": 27.29,
            "gross_profit": 8952000,
            "gross_margin": 64.46,
            "gross_margin_4q_avg": 62.46,
            "net_income": 3360000,
            "net_income_4q": null,
            "revenue": 13887000,
            "revenue_4q": null,
            "common_shares": 17036000,
            "book_valuer_per_share": 6.08,
            "book_valuer_per_share_4q_avg": 6.04,
            "equity": 45911000,
            "current_ratio": 215.1,
            "debt_ratio": 35.44,
            "inventory_turnover_ratio": 1.23,
            "account_receivable_turnover_ratio": 3.72,
            "reinvestment_rate": 18.22,
            "research_to_sale_ratio": 16.62,
            "price_fair": 5.31,
            "eps_avg_yearly": 1.77,
            "eps_latest_yearly": 2.6,
            "eps_growth_yearly": -1.19
        },
        "20121": {
            "year_quarter": 20121,
            "year": 2012,
            "quarter": 1,
            "eps": 0.54,
            "eps_growth_year": -5.9,
            "eps_4q": 2.41,
            "eps_4q_growth_year": 11.39,
            "roe": 5.91,
            "roe_4q": 26.67,
            "gross_profit": 8265000,
            "gross_margin": 64.04,
            "gross_margin_4q_avg": 63.13,
            "net_income": 2738000,
            "net_income_4q": null,
            "revenue": 12906000,
            "revenue_4q": null,
            "common_shares": 18381000,
            "book_valuer_per_share": 6.25,
            "book_valuer_per_share_4q_avg": 6.13,
            "equity": 46760000,
            "current_ratio": 212.89,
            "debt_ratio": 34.89,
            "inventory_turnover_ratio": 1.08,
            "account_receivable_turnover_ratio": 3.36,
            "reinvestment_rate": 19.92,
            "research_to_sale_ratio": 18.6,
            "price_fair": 22.73,
            "eps_avg_yearly": 1.84,
            "eps_latest_yearly": 2.16,
            "eps_growth_yearly": 2.34
        },
        "20122": {
            "year_quarter": 20122,
            "year": 2012,
            "quarter": 2,
            "eps": 0.55,
            "eps_growth_year": -0.69,
            "eps_4q": 2.4,
            "eps_4q_growth_year": 8.85,
            "roe": 5.92,
            "roe_4q": 26.439999999999998,
            "gross_profit": 8554000,
            "gross_margin": 63.36,
            "gross_margin_4q_avg": 63.81,
            "net_income": 2827000,
            "net_income_4q": null,
            "revenue": 13501000,
            "revenue_4q": null,
            "common_shares": 18883000,
            "book_valuer_per_share": 6.66,
            "book_valuer_per_share_4q_avg": 6.24,
            "equity": 48779000,
            "current_ratio": 244.69,
            "debt_ratio": 32.58,
            "inventory_turnover_ratio": 1.05,
            "account_receivable_turnover_ratio": 3.56,
            "reinvestment_rate": 21.76,
            "research_to_sale_ratio": 18.61,
            "price_fair": 22.74,
            "eps_avg_yearly": 1.91,
            "eps_latest_yearly": 2.2,
            "eps_growth_yearly": 1.88
        },
        "20123": {
            "year_quarter": 20123,
            "year": 2012,
            "quarter": 3,
            "eps": 0.58,
            "eps_growth_year": -13.21,
            "eps_4q": 2.32,
            "eps_4q_growth_year": -1.6,
            "roe": 6.06,
            "roe_4q": 25.19,
            "gross_profit": 8515000,
            "gross_margin": 63.28,
            "gross_margin_4q_avg": 63.79,
            "net_income": 2972000,
            "net_income_4q": null,
            "revenue": 13457000,
            "revenue_4q": null,
            "common_shares": 19278000,
            "book_valuer_per_share": 6.71,
            "book_valuer_per_share_4q_avg": 6.43,
            "equity": 49269000,
            "current_ratio": 192.54,
            "debt_ratio": 33.81,
            "inventory_turnover_ratio": 0.97,
            "account_receivable_turnover_ratio": 3.6,
            "reinvestment_rate": 23.4,
            "research_to_sale_ratio": 19.36,
            "price_fair": 5.9,
            "eps_avg_yearly": 1.97,
            "eps_latest_yearly": 2.32,
            "eps_growth_yearly": -6.09
        },
        "20124": {
            "year_quarter": 20124,
            "year": 2012,
            "quarter": 4,
            "eps": 0.48,
            "eps_growth_year": -25.5,
            "eps_4q": 2.15,
            "eps_4q_growth_year": -11.94,
            "roe": 4.91,
            "roe_4q": 22.8,
            "gross_profit": 7817000,
            "gross_margin": 58,
            "gross_margin_4q_avg": 62.17,
            "net_income": 2468000,
            "net_income_4q": null,
            "revenue": 13477000,
            "revenue_4q": null,
            "common_shares": 19464000,
            "book_valuer_per_share": 7.13,
            "book_valuer_per_share_4q_avg": 6.69,
            "equity": 51203000,
            "current_ratio": 243.12,
            "debt_ratio": 39.3,
            "inventory_turnover_ratio": 1.13,
            "account_receivable_turnover_ratio": 3.47,
            "reinvestment_rate": 36.08,
            "research_to_sale_ratio": 19.51,
            "price_fair": 28.66,
            "eps_avg_yearly": 2.05,
            "eps_latest_yearly": 1.92,
            "eps_growth_yearly": 3.99
        },
        "20131": {
            "year_quarter": 20131,
            "year": 2013,
            "quarter": 1,
            "eps": 0.4,
            "eps_growth_year": -24.83,
            "eps_4q": 2.02,
            "eps_4q_growth_year": -16.23,
            "roe": 3.99,
            "roe_4q": 20.880000000000003,
            "gross_profit": 7066000,
            "gross_margin": 56.17,
            "gross_margin_4q_avg": 60.2,
            "net_income": 2045000,
            "net_income_4q": null,
            "revenue": 12580000,
            "revenue_4q": null,
            "common_shares": 20098000,
            "book_valuer_per_share": 7.2,
            "book_valuer_per_share_4q_avg": 6.93,
            "equity": 51194000,
            "current_ratio": 243.07,
            "debt_ratio": 38.38,
            "inventory_turnover_ratio": 1.21,
            "account_receivable_turnover_ratio": 3.41,
            "reinvestment_rate": 28.78,
            "research_to_sale_ratio": 20.09,
            "price_fair": 35.55,
            "eps_avg_yearly": 2.12,
            "eps_latest_yearly": 1.6,
            "eps_growth_yearly": 6.74
        },
        "20132": {
            "year_quarter": 20132,
            "year": 2013,
            "quarter": 2,
            "eps": 0.39,
            "eps_growth_year": -28.87,
            "eps_4q": 1.86,
            "eps_4q_growth_year": -22.71,
            "roe": 3.81,
            "roe_4q": 18.77,
            "gross_profit": 7470000,
            "gross_margin": 58.31,
            "gross_margin_4q_avg": 58.94,
            "net_income": 2000000,
            "net_income_4q": null,
            "revenue": 12811000,
            "revenue_4q": null,
            "common_shares": 20678000,
            "book_valuer_per_share": 7.67,
            "book_valuer_per_share_4q_avg": 7.18,
            "equity": 53840000,
            "current_ratio": 255.05,
            "debt_ratio": 37.15,
            "inventory_turnover_ratio": 1.2,
            "account_receivable_turnover_ratio": 3.66,
            "reinvestment_rate": 30.38,
            "research_to_sale_ratio": 19.64,
            "price_fair": 32.59,
            "eps_avg_yearly": 2.09,
            "eps_latest_yearly": 1.56,
            "eps_growth_yearly": 5.63
        },
        "20133": {
            "year_quarter": 20133,
            "year": 2013,
            "quarter": 3,
            "eps": 0.6,
            "eps_growth_year": 2.96,
            "eps_4q": 1.88,
            "eps_4q_growth_year": -19.02,
            "roe": 5.4,
            "roe_4q": 18.11,
            "gross_profit": 8414000,
            "gross_margin": 62.4,
            "gross_margin_4q_avg": 58.72,
            "net_income": 2950000,
            "net_income_4q": null,
            "revenue": 13483000,
            "revenue_4q": null,
            "common_shares": 21113000,
            "book_valuer_per_share": 7.95,
            "book_valuer_per_share_4q_avg": 7.49,
            "equity": 55452000,
            "current_ratio": 225.95,
            "debt_ratio": 38.76,
            "inventory_turnover_ratio": 1.12,
            "account_receivable_turnover_ratio": 3.75,
            "reinvestment_rate": 33.66,
            "research_to_sale_ratio": 20.34,
            "price_fair": 60.49,
            "eps_avg_yearly": 2.11,
            "eps_latest_yearly": 2.4,
            "eps_growth_yearly": 18.74
        },
        "20134": {
            "year_quarter": 20134,
            "year": 2013,
            "quarter": 4,
            "eps": 0.53,
            "eps_growth_year": 9.69,
            "eps_4q": 1.92,
            "eps_4q_growth_year": -10.6,
            "roe": 4.62,
            "roe_4q": 17.82,
            "gross_profit": 8571000,
            "gross_margin": 61.96,
            "gross_margin_4q_avg": 59.71,
            "net_income": 2625000,
            "net_income_4q": null,
            "revenue": 13834000,
            "revenue_4q": null,
            "common_shares": 21536000,
            "book_valuer_per_share": 8.58,
            "book_valuer_per_share_4q_avg": 7.85,
            "equity": 58256000,
            "current_ratio": 236.47,
            "debt_ratio": 36.92,
            "inventory_turnover_ratio": 1.21,
            "account_receivable_turnover_ratio": 3.79,
            "reinvestment_rate": 35.28,
            "research_to_sale_ratio": 20.43,
            "price_fair": 45.98,
            "eps_avg_yearly": 2.14,
            "eps_latest_yearly": 2.12,
            "eps_growth_yearly": 11.54
        },
        "20141": {
            "year_quarter": 20141,
            "year": 2014,
            "quarter": 1,
            "eps": 0.4,
            "eps_growth_year": -1.5,
            "eps_4q": 1.92,
            "eps_4q_growth_year": -5,
            "roe": 3.32,
            "roe_4q": 17.15,
            "gross_profit": 7613000,
            "gross_margin": 59.64,
            "gross_margin_4q_avg": 60.58,
            "net_income": 1930000,
            "net_income_4q": null,
            "revenue": 12764000,
            "revenue_4q": null,
            "common_shares": 22166000,
            "book_valuer_per_share": 8.54,
            "book_valuer_per_share_4q_avg": 8.19,
            "equity": 58038000,
            "current_ratio": 225.46,
            "debt_ratio": 36.87,
            "inventory_turnover_ratio": 1.3,
            "account_receivable_turnover_ratio": 3.6,
            "reinvestment_rate": 40.79,
            "research_to_sale_ratio": 22.3,
            "price_fair": 28.85,
            "eps_avg_yearly": 2.13,
            "eps_latest_yearly": 1.6,
            "eps_growth_yearly": 3.57
        },
        "20142": {
            "year_quarter": 20142,
            "year": 2014,
            "quarter": 2,
            "eps": 0.56,
            "eps_growth_year": 42.21,
            "eps_4q": 2.08,
            "eps_4q_growth_year": 12.02,
            "roe": 4.77,
            "roe_4q": 18.11,
            "gross_profit": 8917000,
            "gross_margin": 64.47,
            "gross_margin_4q_avg": 62.12,
            "net_income": 2796000,
            "net_income_4q": null,
            "revenue": 13831000,
            "revenue_4q": null,
            "common_shares": 22475000,
            "book_valuer_per_share": 8.88,
            "book_valuer_per_share_4q_avg": 8.49,
            "equity": 59247000,
            "current_ratio": 236.76,
            "debt_ratio": 35.46,
            "inventory_turnover_ratio": 1.28,
            "account_receivable_turnover_ratio": 3.96,
            "reinvestment_rate": 45.45,
            "research_to_sale_ratio": 20.67,
            "price_fair": 41.89,
            "eps_avg_yearly": 2.14,
            "eps_latest_yearly": 2.24,
            "eps_growth_yearly": 9.6
        },
        "20143": {
            "year_quarter": 20143,
            "year": 2014,
            "quarter": 3,
            "eps": 0.66,
            "eps_growth_year": 10.67,
            "eps_4q": 2.15,
            "eps_4q_growth_year": 14.39,
            "roe": 5.75,
            "roe_4q": 18.46,
            "gross_profit": 9458000,
            "gross_margin": 64.99,
            "gross_margin_4q_avg": 62.77,
            "net_income": 3317000,
            "net_income_4q": null,
            "revenue": 14554000,
            "revenue_4q": null,
            "common_shares": 21894000,
            "book_valuer_per_share": 8.47,
            "book_valuer_per_share_4q_avg": 8.62,
            "equity": 56073000,
            "current_ratio": 184.57,
            "debt_ratio": 38.12,
            "inventory_turnover_ratio": 1.26,
            "account_receivable_turnover_ratio": 4.08,
            "reinvestment_rate": 45.92,
            "research_to_sale_ratio": 19.53,
            "price_fair": 51.21,
            "eps_avg_yearly": 2.17,
            "eps_latest_yearly": 2.64,
            "eps_growth_yearly": 13.57
        },
        "20144": {
            "year_quarter": 20144,
            "year": 2014,
            "quarter": 4,
            "eps": 0.75,
            "eps_growth_year": 41.25,
            "eps_4q": 2.36,
            "eps_4q_growth_year": 23,
            "roe": 6.54,
            "roe_4q": 20.38,
            "gross_profit": 9621000,
            "gross_margin": 65.36,
            "gross_margin_4q_avg": 63.62,
            "net_income": 3661000,
            "net_income_4q": null,
            "revenue": 14721000,
            "revenue_4q": null,
            "common_shares": 21781000,
            "book_valuer_per_share": 8.54,
            "book_valuer_per_share_4q_avg": 8.61,
            "equity": 55865000,
            "current_ratio": 173.19,
            "debt_ratio": 39.21,
            "inventory_turnover_ratio": 1.22,
            "account_receivable_turnover_ratio": 3.65,
            "reinvestment_rate": 45.04,
            "research_to_sale_ratio": 20.31,
            "price_fair": 55.63,
            "eps_avg_yearly": 2.22,
            "eps_latest_yearly": 3,
            "eps_growth_yearly": 15.06
        },
        "20151": {
            "year_quarter": 20151,
            "year": 2015,
            "quarter": 1,
            "eps": 0.42,
            "eps_growth_year": 6.25,
            "eps_4q": 2.39,
            "eps_4q_growth_year": 24.68,
            "roe": 3.57,
            "roe_4q": 20.63,
            "gross_profit": 7730000,
            "gross_margin": 60.48,
            "gross_margin_4q_avg": 63.83,
            "net_income": 1992000,
            "net_income_4q": null,
            "revenue": 12781000,
            "revenue_4q": null,
            "common_shares": 22395000,
            "book_valuer_per_share": 8.62,
            "book_valuer_per_share_4q_avg": 8.63,
            "equity": 55832000,
            "current_ratio": 176.03,
            "debt_ratio": 37.66,
            "inventory_turnover_ratio": 1.16,
            "account_receivable_turnover_ratio": 3.33,
            "reinvestment_rate": 44.18,
            "research_to_sale_ratio": 23.43,
            "price_fair": 29.71,
            "eps_avg_yearly": 2.18,
            "eps_latest_yearly": 1.68,
            "eps_growth_yearly": 3.61
        },
        "20152": {
            "year_quarter": 20152,
            "year": 2015,
            "quarter": 2,
            "eps": 0.6,
            "eps_growth_year": 7.18,
            "eps_4q": 2.43,
            "eps_4q_growth_year": 16.7,
            "roe": 4.73,
            "roe_4q": 20.59,
            "gross_profit": 8248000,
            "gross_margin": 62.51,
            "gross_margin_4q_avg": 63.34,
            "net_income": 2706000,
            "net_income_4q": null,
            "revenue": 13195000,
            "revenue_4q": null,
            "common_shares": 22625000,
            "book_valuer_per_share": 9.12,
            "book_valuer_per_share_4q_avg": 8.69,
            "equity": 58600000,
            "current_ratio": 197.43,
            "debt_ratio": 35.24,
            "inventory_turnover_ratio": 1.07,
            "account_receivable_turnover_ratio": 3.71,
            "reinvestment_rate": 42.78,
            "research_to_sale_ratio": 23.4,
            "price_fair": 55.32,
            "eps_avg_yearly": 2.2,
            "eps_latest_yearly": 2.4,
            "eps_growth_yearly": 15.2
        },
        "20153": {
            "year_quarter": 20153,
            "year": 2015,
            "quarter": 3,
            "eps": 0.64,
            "eps_growth_year": -3.13,
            "eps_4q": 2.41,
            "eps_4q_growth_year": 12.27,
            "roe": 5.33,
            "roe_4q": 20.17,
            "gross_profit": 9111000,
            "gross_margin": 62.99,
            "gross_margin_4q_avg": 62.84,
            "net_income": 3109000,
            "net_income_4q": null,
            "revenue": 14465000,
            "revenue_4q": null,
            "common_shares": 23001000,
            "book_valuer_per_share": 9.08,
            "book_valuer_per_share_4q_avg": 8.84,
            "equity": 58002000,
            "current_ratio": 240.09,
            "debt_ratio": 41.15,
            "inventory_turnover_ratio": 1.09,
            "account_receivable_turnover_ratio": 3.63,
            "reinvestment_rate": 36.21,
            "research_to_sale_ratio": 20.24,
            "price_fair": 46.84,
            "eps_avg_yearly": 2.19,
            "eps_latest_yearly": 2.56,
            "eps_growth_yearly": 11.41
        },
        "20154": {
            "year_quarter": 20154,
            "year": 2015,
            "quarter": 4,
            "eps": 0.74,
            "eps_growth_year": -1.54,
            "eps_4q": 2.4,
            "eps_4q_growth_year": 1.38,
            "roe": 6.02,
            "roe_4q": 19.65,
            "gross_profit": 9590000,
            "gross_margin": 64.3,
            "gross_margin_4q_avg": 62.57,
            "net_income": 3613000,
            "net_income_4q": null,
            "revenue": 14914000,
            "revenue_4q": null,
            "common_shares": 23411000,
            "book_valuer_per_share": 9.89,
            "book_valuer_per_share_4q_avg": 9.18,
            "equity": 61982000,
            "current_ratio": 244.92,
            "debt_ratio": 38.91,
            "inventory_turnover_ratio": 1.05,
            "account_receivable_turnover_ratio": 3.36,
            "reinvestment_rate": 34.68,
            "research_to_sale_ratio": 20.91,
            "price_fair": 57.61,
            "eps_avg_yearly": 2.21,
            "eps_latest_yearly": 2.96,
            "eps_growth_yearly": 16.07
        },
        "20161": {
            "year_quarter": 20161,
            "year": 2016,
            "quarter": 1,
            "eps": 0.42,
            "eps_growth_year": -0.38,
            "eps_4q": 2.4,
            "eps_4q_growth_year": 0.26,
            "roe": 3.3,
            "roe_4q": 19.380000000000003,
            "gross_profit": 8130000,
            "gross_margin": 59.33,
            "gross_margin_4q_avg": 62.28,
            "net_income": 2046000,
            "net_income_4q": null,
            "revenue": 13702000,
            "revenue_4q": null,
            "common_shares": 24088000,
            "book_valuer_per_share": 7.21,
            "book_valuer_per_share_4q_avg": 8.83,
            "equity": 62068000,
            "current_ratio": 156.32,
            "debt_ratio": 41.15,
            "inventory_turnover_ratio": 1.02,
            "account_receivable_turnover_ratio": 3.04,
            "reinvestment_rate": 40.49,
            "research_to_sale_ratio": 23.69,
            "price_fair": 42.48,
            "eps_avg_yearly": 2.18,
            "eps_latest_yearly": 1.68,
            "eps_growth_yearly": 9.49
        },
        "20162": {
            "year_quarter": 20162,
            "year": 2016,
            "quarter": 2,
            "eps": 0.5,
            "eps_growth_year": -15.46,
            "eps_4q": 2.3,
            "eps_4q_growth_year": -5.19,
            "roe": 2.14,
            "roe_4q": 16.79,
            "gross_profit": 7973000,
            "gross_margin": 58.92,
            "gross_margin_4q_avg": 61.39,
            "net_income": 1330000,
            "net_income_4q": null,
            "revenue": 13533000,
            "revenue_4q": null,
            "common_shares": 24317000,
            "book_valuer_per_share": 7.29,
            "book_valuer_per_share_4q_avg": 8.37,
            "equity": 62257000,
            "current_ratio": 166.68,
            "debt_ratio": 43.32,
            "inventory_turnover_ratio": 0.96,
            "account_receivable_turnover_ratio": 3.13,
            "reinvestment_rate": 33.37,
            "research_to_sale_ratio": 23.24,
            "price_fair": 51.56,
            "eps_avg_yearly": 2.17,
            "eps_latest_yearly": 2,
            "eps_growth_yearly": 13.79
        },
        "20163": {
            "year_quarter": 20163,
            "year": 2016,
            "quarter": 3,
            "eps": 0.75,
            "eps_growth_year": 17.6,
            "eps_4q": 2.42,
            "eps_4q_growth_year": 0.3,
            "roe": 5.35,
            "roe_4q": 16.81,
            "gross_profit": 9983000,
            "gross_margin": 63.27,
            "gross_margin_4q_avg": 61.46,
            "net_income": 3378000,
            "net_income_4q": null,
            "revenue": 15778000,
            "revenue_4q": null,
            "common_shares": 25070000,
            "book_valuer_per_share": 8.57,
            "book_valuer_per_share_4q_avg": 8.24,
            "equity": 64001000,
            "current_ratio": 180.24,
            "debt_ratio": 42.97,
            "inventory_turnover_ratio": 1,
            "account_receivable_turnover_ratio": 3.36,
            "reinvestment_rate": 34.53,
            "research_to_sale_ratio": 19.45,
            "price_fair": 77.18,
            "eps_avg_yearly": 2.21,
            "eps_latest_yearly": 3,
            "eps_growth_yearly": 24.92
        },
        "20164": {
            "year_quarter": 20164,
            "year": 2016,
            "quarter": 4,
            "eps": 0.72,
            "eps_growth_year": -2.21,
            "eps_4q": 2.4,
            "eps_4q_growth_year": 0.1,
            "roe": 5.43,
            "roe_4q": 16.22,
            "gross_profit": 10147000,
            "gross_margin": 61.97,
            "gross_margin_4q_avg": 60.87,
            "net_income": 3562000,
            "net_income_4q": null,
            "revenue": 16374000,
            "revenue_4q": null,
            "common_shares": 25373000,
            "book_valuer_per_share": 9.2,
            "book_valuer_per_share_4q_avg": 8.07,
            "equity": 67108000,
            "current_ratio": 174.9,
            "debt_ratio": 40.78,
            "inventory_turnover_ratio": 1.1,
            "account_receivable_turnover_ratio": 3.4,
            "reinvestment_rate": 34.6,
            "research_to_sale_ratio": 19.7,
            "price_fair": 79.45,
            "eps_avg_yearly": 2.27,
            "eps_latest_yearly": 2.88,
            "eps_growth_yearly": 28.23
        },
        "20171": {
            "year_quarter": 20171,
            "year": 2017,
            "quarter": 1,
            "eps": 0.62,
            "eps_growth_year": 47.73,
            "eps_4q": 2.6,
            "eps_4q_growth_year": 8.53,
            "roe": 4.4,
            "roe_4q": 17.32,
            "gross_profit": 9160000,
            "gross_margin": 61.91,
            "gross_margin_4q_avg": 61.52,
            "net_income": 2964000,
            "net_income_4q": null,
            "revenue": 14796000,
            "revenue_4q": null,
            "common_shares": 25890000,
            "book_valuer_per_share": 9.44,
            "book_valuer_per_share_4q_avg": 8.63,
            "equity": 67722000,
            "current_ratio": 169.25,
            "debt_ratio": 41.44,
            "inventory_turnover_ratio": 0.99,
            "account_receivable_turnover_ratio": 3.08,
            "reinvestment_rate": 34.42,
            "research_to_sale_ratio": 22.38,
            "price_fair": 81.38,
            "eps_avg_yearly": 2.33,
            "eps_latest_yearly": 2.48,
            "eps_growth_yearly": 28.93
        },
        "20172": {
            "year_quarter": 20172,
            "year": 2017,
            "quarter": 2,
            "eps": 0.59,
            "eps_growth_year": 17.46,
            "eps_4q": 2.69,
            "eps_4q_growth_year": 16.71,
            "roe": 4.09,
            "roe_4q": 19.27,
            "gross_profit": 9096000,
            "gross_margin": 61.61,
            "gross_margin_4q_avg": 62.19,
            "net_income": 2808000,
            "net_income_4q": null,
            "revenue": 14763000,
            "revenue_4q": null,
            "common_shares": 25781000,
            "book_valuer_per_share": 9.9,
            "book_valuer_per_share_4q_avg": 9.28,
            "equity": 69499000,
            "current_ratio": 216.25,
            "debt_ratio": 43.08,
            "inventory_turnover_ratio": 0.93,
            "account_receivable_turnover_ratio": 2.86,
            "reinvestment_rate": 28.73,
            "research_to_sale_ratio": 22.1,
            "price_fair": 83.13,
            "eps_avg_yearly": 2.38,
            "eps_latest_yearly": 2.36,
            "eps_growth_yearly": 28.34
        },
        "20173": {
            "year_quarter": 20173,
            "year": 2017,
            "quarter": 3,
            "eps": 0.94,
            "eps_growth_year": 24.6,
            "eps_4q": 2.87,
            "eps_4q_growth_year": 18.93,
            "roe": 6.39,
            "roe_4q": 20.310000000000002,
            "gross_profit": 10064000,
            "gross_margin": 62.32,
            "gross_margin_4q_avg": 61.95,
            "net_income": 4516000,
            "net_income_4q": null,
            "revenue": 16149000,
            "revenue_4q": null,
            "common_shares": 26547000,
            "book_valuer_per_share": 7.34,
            "book_valuer_per_share_4q_avg": 8.97,
            "equity": 71806000,
            "current_ratio": 160.25,
            "debt_ratio": 43.5,
            "inventory_turnover_ratio": 0.92,
            "account_receivable_turnover_ratio": 2.85,
            "reinvestment_rate": 26.04,
            "research_to_sale_ratio": 19.87,
            "price_fair": 86.1,
            "eps_avg_yearly": 2.46,
            "eps_latest_yearly": 3.76,
            "eps_growth_yearly": 29.71
        },
        "20174": {
            "year_quarter": 20174,
            "year": 2017,
            "quarter": 4,
            "eps": 1.04,
            "eps_growth_year": 43.81,
            "eps_4q": 3.19,
            "eps_4q_growth_year": 32.93,
            "roe": 6.65,
            "roe_4q": 21.53,
            "gross_profit": 10778000,
            "gross_margin": 63.2,
            "gross_margin_4q_avg": 62.26,
            "net_income": 4713000,
            "net_income_4q": null,
            "revenue": 17053000,
            "revenue_4q": null,
            "common_shares": 26074000,
            "book_valuer_per_share": 6.99,
            "book_valuer_per_share_4q_avg": 8.42,
            "equity": 69885000,
            "current_ratio": 169.34,
            "debt_ratio": 43.3,
            "inventory_turnover_ratio": 0.9,
            "account_receivable_turnover_ratio": 2.95,
            "reinvestment_rate": 22.23,
            "research_to_sale_ratio": 19.08,
            "price_fair": 90.56,
            "eps_avg_yearly": 2.59,
            "eps_latest_yearly": 4.16,
            "eps_growth_yearly": 35.29
        },
        "20181": {
            "year_quarter": 20181,
            "year": 2018,
            "quarter": 1,
            "eps": 0.93,
            "eps_growth_year": 49.98,
            "eps_4q": 3.5,
            "eps_4q_growth_year": 34.61,
            "roe": 6.32,
            "roe_4q": 23.45,
            "gross_profit": 9731000,
            "gross_margin": 60.57,
            "gross_margin_4q_avg": 61.93,
            "net_income": 4454000,
            "net_income_4q": null,
            "revenue": 16066000,
            "revenue_4q": null,
            "common_shares": 26430000,
            "book_valuer_per_share": 7.35,
            "book_valuer_per_share_4q_avg": 7.9,
            "equity": 70966000,
            "current_ratio": 158.46,
            "debt_ratio": 44.81,
            "inventory_turnover_ratio": 0.9,
            "account_receivable_turnover_ratio": 3.06,
            "reinvestment_rate": 23.62,
            "research_to_sale_ratio": 20.61,
            "price_fair": 95.2,
            "eps_avg_yearly": 2.72,
            "eps_latest_yearly": 3.72,
            "eps_growth_yearly": 38.78
        },
        "20182": {
            "year_quarter": 20182,
            "year": 2018,
            "quarter": 2,
            "eps": 1.02,
            "eps_growth_year": 71.44,
            "eps_4q": 3.92,
            "eps_4q_growth_year": 45.95,
            "roe": 6.81,
            "roe_4q": 26.17,
            "gross_profit": 10419000,
            "gross_margin": 61.43,
            "gross_margin_4q_avg": 61.88,
            "net_income": 4825000,
            "net_income_4q": null,
            "revenue": 16962000,
            "revenue_4q": null,
            "common_shares": 25470000,
            "book_valuer_per_share": 7.43,
            "book_valuer_per_share_4q_avg": 7.28,
            "equity": 70701000,
            "current_ratio": 157.09,
            "debt_ratio": 43.88,
            "inventory_turnover_ratio": 0.9,
            "account_receivable_turnover_ratio": 3.57,
            "reinvestment_rate": 24.66,
            "research_to_sale_ratio": 19.87,
            "price_fair": 99.23,
            "eps_avg_yearly": 2.84,
            "eps_latest_yearly": 4.08,
            "eps_growth_yearly": 31.19
        },
        "20183": {
            "year_quarter": 20183,
            "year": 2018,
            "quarter": 3,
            "eps": 1.34,
            "eps_growth_year": 42.8,
            "eps_4q": 4.32,
            "eps_4q_growth_year": 50.51,
            "roe": 8.81,
            "roe_4q": 28.590000000000003,
            "gross_profit": 12360000,
            "gross_margin": 64.5,
            "gross_margin_4q_avg": 62.43,
            "net_income": 6285000,
            "net_income_4q": null,
            "revenue": 19163000,
            "revenue_4q": null,
            "common_shares": 25492000,
            "book_valuer_per_share": 7.77,
            "book_valuer_per_share_4q_avg": 7.39,
            "equity": 71998000,
            "current_ratio": 151.17,
            "debt_ratio": 43.86,
            "inventory_turnover_ratio": 0.92,
            "account_receivable_turnover_ratio": 3.8,
            "reinvestment_rate": 22.53,
            "research_to_sale_ratio": 17.89,
            "price_fair": 105.18,
            "eps_avg_yearly": 3.01,
            "eps_latest_yearly": 5.36,
            "eps_growth_yearly": 34.57
        },
        "20184": {
            "year_quarter": 20184,
            "year": 2018,
            "quarter": 4,
            "eps": 1.12,
            "eps_growth_year": 8.11,
            "eps_4q": 4.41,
            "eps_4q_growth_year": 38.22,
            "roe": 7.06,
            "roe_4q": 29,
            "gross_profit": 11227000,
            "gross_margin": 60.18,
            "gross_margin_4q_avg": 61.67,
            "net_income": 5189000,
            "net_income_4q": null,
            "revenue": 18657000,
            "revenue_4q": null,
            "common_shares": 25365000,
            "book_valuer_per_share": 8.55,
            "book_valuer_per_share_4q_avg": 7.78,
            "equity": 74982000,
            "current_ratio": 173.14,
            "debt_ratio": 41.4,
            "inventory_turnover_ratio": 1.01,
            "account_receivable_turnover_ratio": 3.06,
            "reinvestment_rate": 23.5,
            "research_to_sale_ratio": 18.4,
            "price_fair": 108.41,
            "eps_avg_yearly": 3.1,
            "eps_latest_yearly": 4.48,
            "eps_growth_yearly": 27.06
        },
        "20191": {
            "year_quarter": 20191,
            "year": 2019,
            "quarter": 1,
            "eps": 0.87,
            "eps_growth_year": -6.36,
            "eps_4q": 4.35,
            "eps_4q_growth_year": 24.29,
            "roe": 5.34,
            "roe_4q": 28.02,
            "gross_profit": 9089000,
            "gross_margin": 56.59,
            "gross_margin_4q_avg": 60.68,
            "net_income": 3974000,
            "net_income_4q": null,
            "revenue": 16061000,
            "revenue_4q": null,
            "common_shares": 4477,
            "book_valuer_per_share": 8.48,
            "book_valuer_per_share_4q_avg": 8.06,
            "equity": 73936000,
            "current_ratio": 153.67,
            "debt_ratio": 42.89,
            "inventory_turnover_ratio": 0.93,
            "account_receivable_turnover_ratio": 2.35,
            "reinvestment_rate": 22.93,
            "research_to_sale_ratio": 20.75,
            "price_fair": 112.35,
            "eps_avg_yearly": 3.21,
            "eps_latest_yearly": 3.48,
            "eps_growth_yearly": 32.48
        },
        "20192": {
            "year_quarter": 20192,
            "year": 2019,
            "quarter": 2,
            "eps": 0.96,
            "eps_growth_year": -5.56,
            "eps_4q": 4.29,
            "eps_4q_growth_year": 9.43,
            "roe": 5.6,
            "roe_4q": 26.810000000000002,
            "gross_profit": 9878000,
            "gross_margin": 59.85,
            "gross_margin_4q_avg": 60.28,
            "net_income": 4179000,
            "net_income_4q": null,
            "revenue": 16505000,
            "revenue_4q": null,
            "common_shares": 4430,
            "book_valuer_per_share": 8.89,
            "book_valuer_per_share_4q_avg": 8.42,
            "equity": 75194000,
            "current_ratio": 148.38,
            "debt_ratio": 42.49,
            "inventory_turnover_ratio": 0.81,
            "account_receivable_turnover_ratio": 2.5,
            "reinvestment_rate": 27.31,
            "research_to_sale_ratio": 20.83,
            "price_fair": 113.36,
            "eps_avg_yearly": 3.3,
            "eps_latest_yearly": 3.84,
            "eps_growth_yearly": 24.35
        },
        "20193": {
            "year_quarter": 20193,
            "year": 2019,
            "quarter": 3,
            "eps": 1.37,
            "eps_growth_year": 2.51,
            "eps_4q": 4.33,
            "eps_4q_growth_year": 0.05,
            "roe": 8.01,
            "roe_4q": 26.009999999999998,
            "gross_profit": 11295000,
            "gross_margin": 58.86,
            "gross_margin_4q_avg": 58.87,
            "net_income": 5990000,
            "net_income_4q": null,
            "revenue": 19190000,
            "revenue_4q": null,
            "common_shares": 4350,
            "book_valuer_per_share": 8.89,
            "book_valuer_per_share_4q_avg": 8.7,
            "equity": 74408000,
            "current_ratio": 119.52,
            "debt_ratio": 44.38,
            "inventory_turnover_ratio": 0.91,
            "account_receivable_turnover_ratio": 2.93,
            "reinvestment_rate": 28.56,
            "research_to_sale_ratio": 16.72,
            "price_fair": 121.89,
            "eps_avg_yearly": 3.48,
            "eps_latest_yearly": 5.48,
            "eps_growth_yearly": 33.36
        },
        "20194": {
            "year_quarter": 20194,
            "year": 2019,
            "quarter": 4,
            "eps": 1.6,
            "eps_growth_year": 42.48,
            "eps_4q": 4.8,
            "eps_4q_growth_year": 8.96,
            "roe": 9.08,
            "roe_4q": 28.029999999999998,
            "gross_profit": 11878000,
            "gross_margin": 58.78,
            "gross_margin_4q_avg": 58.52,
            "net_income": 6905000,
            "net_income_4q": null,
            "revenue": 20209000,
            "revenue_4q": null,
            "common_shares": 4290,
            "book_valuer_per_share": 9.45,
            "book_valuer_per_share_4q_avg": 8.93,
            "equity": 77659000,
            "current_ratio": 140.02,
            "debt_ratio": 43.12,
            "inventory_turnover_ratio": 0.96,
            "account_receivable_turnover_ratio": 2.78,
            "reinvestment_rate": 24.75,
            "research_to_sale_ratio": 16.75,
            "price_fair": 129.41,
            "eps_avg_yearly": 3.7,
            "eps_latest_yearly": 6.4,
            "eps_growth_yearly": 33.65
        },
        "20201": {
            "year_quarter": 20201,
            "year": 2020,
            "quarter": 1,
            "eps": 1.41,
            "eps_growth_year": 62.2,
            "eps_4q": 5.34,
            "eps_4q_growth_year": 22.9,
            "roe": 7.35,
            "roe_4q": 30.04,
            "gross_profit": 12016000,
            "gross_margin": 60.6,
            "gross_margin_4q_avg": 59.52,
            "net_income": 5661000,
            "net_income_4q": null,
            "revenue": 19828000,
            "revenue_4q": null,
            "common_shares": 4234,
            "book_valuer_per_share": 9.36,
            "book_valuer_per_share_4q_avg": 9.15,
            "equity": 76354000,
            "current_ratio": 173.68,
            "debt_ratio": 48.31,
            "inventory_turnover_ratio": 0.87,
            "account_receivable_turnover_ratio": 2.46,
            "reinvestment_rate": 22.67,
            "research_to_sale_ratio": 16.52,
            "price_fair": 138.08,
            "eps_avg_yearly": 3.95,
            "eps_latest_yearly": 5.64,
            "eps_growth_yearly": 41.5
        },
        "20202": {
            "year_quarter": 20202,
            "year": 2020,
            "quarter": 2,
            "eps": 1.26,
            "eps_growth_year": 31.69,
            "eps_4q": 5.65,
            "eps_4q_growth_year": 31.6,
            "roe": 6.45,
            "roe_4q": 30.89,
            "gross_profit": 10507000,
            "gross_margin": 53.26,
            "gross_margin_4q_avg": 57.88,
            "net_income": 5105000,
            "net_income_4q": null,
            "revenue": 19728000,
            "revenue_4q": null,
            "common_shares": 4253,
            "book_valuer_per_share": 10.53,
            "book_valuer_per_share_4q_avg": 9.56,
            "equity": 82010000,
            "current_ratio": 197.46,
            "debt_ratio": 46.24,
            "inventory_turnover_ratio": 1.01,
            "account_receivable_turnover_ratio": 2.48,
            "reinvestment_rate": 20.45,
            "research_to_sale_ratio": 17,
            "price_fair": 144.73,
            "eps_avg_yearly": 4.14,
            "eps_latest_yearly": 5.04,
            "eps_growth_yearly": 34.07
        },
        "20203": {
            "year_quarter": 20203,
            "year": 2020,
            "quarter": 3,
            "eps": 1.08,
            "eps_growth_year": -21.05,
            "eps_4q": 5.36,
            "eps_4q_growth_year": 23.9,
            "roe": 5.46,
            "roe_4q": 28.339999999999996,
            "gross_profit": 9741000,
            "gross_margin": 53.13,
            "gross_margin_4q_avg": 56.44,
            "net_income": 4276000,
            "net_income_4q": null,
            "revenue": 18333000,
            "revenue_4q": null,
            "common_shares": 4098,
            "book_valuer_per_share": 9.2,
            "book_valuer_per_share_4q_avg": 9.64,
            "equity": 74554000,
            "current_ratio": 166.36,
            "debt_ratio": 48.68,
            "inventory_turnover_ratio": 0.94,
            "account_receivable_turnover_ratio": 2.51,
            "reinvestment_rate": 18.71,
            "research_to_sale_ratio": 17.85,
            "price_fair": 118.1,
            "eps_avg_yearly": 4.22,
            "eps_latest_yearly": 4.32,
            "eps_growth_yearly": 18
        },
        "20204": {
            "year_quarter": 20204,
            "year": 2020,
            "quarter": 4,
            "eps": 1.5,
            "eps_growth_year": -6.27,
            "eps_4q": 5.26,
            "eps_4q_growth_year": 9.51,
            "roe": 7.53,
            "roe_4q": 26.79,
            "gross_profit": 11348000,
            "gross_margin": 56.8,
            "gross_margin_4q_avg": 55.95,
            "net_income": 5857000,
            "net_income_4q": null,
            "revenue": 19978000,
            "revenue_4q": null,
            "common_shares": 4062,
            "book_valuer_per_share": 11.09,
            "book_valuer_per_share_4q_avg": 10.05,
            "equity": 81038000,
            "current_ratio": 190.87,
            "debt_ratio": 47.07,
            "inventory_turnover_ratio": 0.98,
            "account_receivable_turnover_ratio": 2.87,
            "reinvestment_rate": 14.04,
            "research_to_sale_ratio": 18.3,
            "price_fair": 154.44,
            "eps_avg_yearly": 4.41,
            "eps_latest_yearly": 6,
            "eps_growth_yearly": 28.72
        },
        "20211": {
            "year_quarter": 20211,
            "year": 2021,
            "quarter": 1,
            "eps": 1.33,
            "eps_growth_year": -6.17,
            "eps_4q": 5.17,
            "eps_4q_growth_year": -3.22,
            "roe": 4.18,
            "roe_4q": 23.62,
            "gross_profit": 10854000,
            "gross_margin": 55.17,
            "gross_margin_4q_avg": 54.59,
            "net_income": 3361000,
            "net_income_4q": null,
            "revenue": 19673000,
            "revenue_4q": null,
            "common_shares": 4038,
            "book_valuer_per_share": 11,
            "book_valuer_per_share_4q_avg": 10.46,
            "equity": 79807000,
            "current_ratio": 189.53,
            "debt_ratio": 47.02,
            "inventory_turnover_ratio": 1.04,
            "account_receivable_turnover_ratio": 2.81,
            "reinvestment_rate": 13.63,
            "research_to_sale_ratio": 18.42,
            "price_fair": 160.65,
            "eps_avg_yearly": 4.59,
            "eps_latest_yearly": 5.32,
            "eps_growth_yearly": 29.36
        },
        "20212": {
            "year_quarter": 20212,
            "year": 2021,
            "quarter": 2,
            "eps": 1.31,
            "eps_growth_year": 3.32,
            "eps_4q": 5.21,
            "eps_4q_growth_year": -7.69,
            "roe": 6.13,
            "roe_4q": 23.3,
            "gross_profit": 11206000,
            "gross_margin": 57.08,
            "gross_margin_4q_avg": 55.55,
            "net_income": 5061000,
            "net_income_4q": null,
            "revenue": 19631000,
            "revenue_4q": null,
            "common_shares": 4057,
            "book_valuer_per_share": 12.43,
            "book_valuer_per_share_4q_avg": 10.93,
            "equity": 85207000,
            "current_ratio": 198.79,
            "debt_ratio": 44.88,
            "inventory_turnover_ratio": 0.97,
            "account_receivable_turnover_ratio": 2.68,
            "reinvestment_rate": 14.42,
            "research_to_sale_ratio": 18.92,
            "price_fair": 166.95,
            "eps_avg_yearly": 4.77,
            "eps_latest_yearly": 5.24,
            "eps_growth_yearly": 30.2
        },
        "20213": {
            "year_quarter": 20213,
            "year": 2021,
            "quarter": 3,
            "eps": 1.66,
            "eps_growth_year": 53.58,
            "eps_4q": 5.8,
            "eps_4q_growth_year": 8.12,
            "roe": 7.78,
            "roe_4q": 25.62,
            "gross_profit": 10746000,
            "gross_margin": 55.99,
            "gross_margin_4q_avg": 56.26,
            "net_income": 6823000,
            "net_income_4q": null,
            "revenue": 19192000,
            "revenue_4q": null,
            "common_shares": 4067,
            "book_valuer_per_share": 13.68,
            "book_valuer_per_share_4q_avg": 12.05,
            "equity": 90087000,
            "current_ratio": 207.3,
            "debt_ratio": 46.36,
            "inventory_turnover_ratio": 0.91,
            "account_receivable_turnover_ratio": 2.42,
            "reinvestment_rate": 16,
            "research_to_sale_ratio": 19.82,
            "price_fair": 158.63,
            "eps_avg_yearly": 4.95,
            "eps_latest_yearly": 6.64,
            "eps_growth_yearly": 22.05
        },
        "20214": {
            "year_quarter": 20214,
            "year": 2021,
            "quarter": 4,
            "eps": 1.14,
            "eps_growth_year": -23.8,
            "eps_4q": 5.44,
            "eps_4q_growth_year": 3.39,
            "roe": 4.98,
            "roe_4q": 23.07,
            "gross_profit": 11009000,
            "gross_margin": 53.63,
            "gross_margin_4q_avg": 55.47,
            "net_income": 4623000,
            "net_income_4q": null,
            "revenue": 20528000,
            "revenue_4q": null,
            "common_shares": 4070,
            "book_valuer_per_share": 15.03,
            "book_valuer_per_share_4q_avg": 13.04,
            "equity": 95391000,
            "current_ratio": 213.23,
            "debt_ratio": 43.36,
            "inventory_turnover_ratio": 0.93,
            "account_receivable_turnover_ratio": 2.3,
            "reinvestment_rate": 15.61,
            "research_to_sale_ratio": 19.72,
            "price_fair": 107.24,
            "eps_avg_yearly": 4.98,
            "eps_latest_yearly": 4.56,
            "eps_growth_yearly": 11.56
        },
        "20221": {
            "year_quarter": 20221,
            "year": 2022,
            "quarter": 1,
            "eps": 1.59,
            "eps_growth_year": 19.64,
            "eps_4q": 5.7,
            "eps_4q_growth_year": 10.16,
            "roe": 8.17,
            "roe_4q": 27.06,
            "gross_profit": 9244000,
            "gross_margin": 50.37,
            "gross_margin_4q_avg": 54.27,
            "net_income": 8113000,
            "net_income_4q": null,
            "revenue": 18353000,
            "revenue_4q": null,
            "common_shares": 4089,
            "book_valuer_per_share": 16.95,
            "book_valuer_per_share_4q_avg": 14.52,
            "equity": 103136000,
            "current_ratio": 213.38,
            "debt_ratio": 41.52,
            "inventory_turnover_ratio": 0.8,
            "account_receivable_turnover_ratio": 2.22,
            "reinvestment_rate": 16.84,
            "research_to_sale_ratio": 23.77,
            "price_fair": 175.11,
            "eps_avg_yearly": 5.14,
            "eps_latest_yearly": 6.36,
            "eps_growth_yearly": 24.07
        },
        "20222": {
            "year_quarter": 20222,
            "year": 2022,
            "quarter": 2,
            "eps": -0.02,
            "eps_growth_year": -101.63,
            "eps_4q": 4.37,
            "eps_4q_growth_year": -16.18,
            "roe": -0.44,
            "roe_4q": 20.490000000000002,
            "gross_profit": 5587000,
            "gross_margin": 36.47,
            "gross_margin_4q_avg": 49.12,
            "net_income": -454000,
            "net_income_4q": null,
            "revenue": 15321000,
            "revenue_4q": null,
            "common_shares": 4106,
            "book_valuer_per_share": 16.37,
            "book_valuer_per_share_4q_avg": 15.51,
            "equity": 101218000,
            "current_ratio": 185.86,
            "debt_ratio": 40.61,
            "inventory_turnover_ratio": 0.81,
            "account_receivable_turnover_ratio": 2.33,
            "reinvestment_rate": 23.97,
            "research_to_sale_ratio": 28.72,
            "price_fair": 172.43,
            "eps_avg_yearly": 5.21,
            "eps_latest_yearly": 6.36,
            "eps_growth_yearly": 23.09
        },
        "20223": {
            "year_quarter": 20223,
            "year": 2022,
            "quarter": 3,
            "eps": 0.41,
            "eps_growth_year": -75.33,
            "eps_4q": 3.12,
            "eps_4q_growth_year": -46.2,
            "roe": 1.01,
            "roe_4q": 13.72,
            "gross_profit": 6535000,
            "gross_margin": 42.61,
            "gross_margin_4q_avg": 45.77,
            "net_income": 1019000,
            "net_income_4q": null,
            "revenue": 15338000,
            "revenue_4q": null,
            "common_shares": 4127,
            "book_valuer_per_share": 16,
            "book_valuer_per_share_4q_avg": 16.09,
            "equity": 99885000,
            "current_ratio": 177.12,
            "debt_ratio": 42.87,
            "inventory_turnover_ratio": 0.7,
            "account_receivable_turnover_ratio": 2.27,
            "reinvestment_rate": 30.63,
            "research_to_sale_ratio": 28.05,
            "price_fair": 134.04,
            "eps_avg_yearly": 5.2,
            "eps_latest_yearly": 6.36,
            "eps_growth_yearly": 15.78
        },
        "20224": {
            "year_quarter": 20224,
            "year": 2022,
            "quarter": 4,
            "eps": -0,
            "eps_growth_year": -100.34,
            "eps_4q": 1.97,
            "eps_4q_growth_year": -63.76,
            "roe": -0.66,
            "roe_4q": 8.08,
            "gross_profit": 5663000,
            "gross_margin": 40.33,
            "gross_margin_4q_avg": 42.45,
            "net_income": -661000,
            "net_income_4q": null,
            "revenue": 14042000,
            "revenue_4q": null,
            "common_shares": 4130,
            "book_valuer_per_share": 16.39,
            "book_valuer_per_share_4q_avg": 16.43,
            "equity": 101423000,
            "current_ratio": 156.76,
            "debt_ratio": 44.3,
            "inventory_turnover_ratio": 0.64,
            "account_receivable_turnover_ratio": 2.42,
            "reinvestment_rate": 40.81,
            "research_to_sale_ratio": 31.79,
            "price_fair": 168.4,
            "eps_avg_yearly": 5.26,
            "eps_latest_yearly": 6.36,
            "eps_growth_yearly": 22.04
        },
        "20231": {
            "year_quarter": 20231,
            "year": 2023,
            "quarter": 1,
            "eps": -0.6,
            "eps_growth_year": -137.97,
            "eps_4q": -0.22,
            "eps_4q_growth_year": -103.8,
            "roe": -2.78,
            "roe_4q": -2.8699999999999997,
            "gross_profit": 4008000,
            "gross_margin": 34.21,
            "gross_margin_4q_avg": 38.41,
            "net_income": -2768000,
            "net_income_4q": null,
            "revenue": 11715000,
            "revenue_4q": null,
            "common_shares": 4171,
            "book_valuer_per_share": 15.56,
            "book_valuer_per_share_4q_avg": 16.08,
            "equity": 98059000,
            "current_ratio": 176.37,
            "debt_ratio": 47.08,
            "inventory_turnover_ratio": 0.59,
            "account_receivable_turnover_ratio": 2.94,
            "reinvestment_rate": 49.93,
            "research_to_sale_ratio": 35.07,
            "price_fair": 189.12,
            "eps_avg_yearly": 5.4,
            "eps_latest_yearly": 6.36,
            "eps_growth_yearly": 31.32
        },
        "20232": {
            "year_quarter": 20232,
            "year": 2023,
            "quarter": 2,
            "eps": 0.43,
            "eps_growth_year": null,
            "eps_4q": 0.24,
            "eps_4q_growth_year": -94.58,
            "roe": 1.48,
            "roe_4q": -0.95,
            "gross_profit": 4638000,
            "gross_margin": 35.82,
            "gross_margin_4q_avg": 38.24,
            "net_income": 1473000,
            "net_income_4q": null,
            "revenue": 12949000,
            "revenue_4q": null,
            "common_shares": 4188,
            "book_valuer_per_share": 16.3,
            "book_valuer_per_share_4q_avg": 16.06,
            "equity": 101017000,
            "current_ratio": 159.51,
            "debt_ratio": 45.58,
            "inventory_turnover_ratio": 0.67,
            "account_receivable_turnover_ratio": 3.78,
            "reinvestment_rate": 56.94,
            "research_to_sale_ratio": 31.51,
            "price_fair": 194.09,
            "eps_avg_yearly": 5.55,
            "eps_latest_yearly": 6.36,
            "eps_growth_yearly": 30.41
        },
        "20233": {
            "year_quarter": 20233,
            "year": 2023,
            "quarter": 3,
            "eps": 0.24,
            "eps_growth_year": -40.8,
            "eps_4q": 0.07,
            "eps_4q_growth_year": -97.78,
            "roe": 0.31,
            "roe_4q": -1.65,
            "gross_profit": 6018000,
            "gross_margin": 42.51,
            "gross_margin_4q_avg": 38.22,
            "net_income": 310000,
            "net_income_4q": null,
            "revenue": 14158000,
            "revenue_4q": null,
            "common_shares": 4216,
            "book_valuer_per_share": 16.43,
            "book_valuer_per_share_4q_avg": 16.17,
            "equity": 101813000,
            "current_ratio": 153.11,
            "debt_ratio": 46.08,
            "inventory_turnover_ratio": 0.69,
            "account_receivable_turnover_ratio": 4.85,
            "reinvestment_rate": 65.44,
            "research_to_sale_ratio": 27.33,
            "price_fair": 15.4,
            "eps_avg_yearly": 5.13,
            "eps_latest_yearly": 0.96,
            "eps_growth_yearly": -1.19
        }
    },
    "months": {
        "2001-01": {
            "month": "2001-01",
            "price": "33.71",
            "revenue": 0
        },
        "2001-02": {
            "month": "2001-02",
            "price": "33.01",
            "revenue": 0
        },
        "2001-03": {
            "month": "2001-03",
            "price": "28.67",
            "revenue": 0
        },
        "2001-04": {
            "month": "2001-04",
            "price": "27.65",
            "revenue": 0
        },
        "2001-05": {
            "month": "2001-05",
            "price": "29.19",
            "revenue": 0
        },
        "2001-06": {
            "month": "2001-06",
            "price": "28.84",
            "revenue": 0
        },
        "2001-07": {
            "month": "2001-07",
            "price": "29.37",
            "revenue": 0
        },
        "2001-08": {
            "month": "2001-08",
            "price": "29.32",
            "revenue": 0
        },
        "2001-09": {
            "month": "2001-09",
            "price": "23.10",
            "revenue": 0
        },
        "2001-10": {
            "month": "2001-10",
            "price": "23.59",
            "revenue": 0
        },
        "2001-11": {
            "month": "2001-11",
            "price": "29.85",
            "revenue": 0
        },
        "2001-12": {
            "month": "2001-12",
            "price": "32.94",
            "revenue": 0
        },
        "2002-01": {
            "month": "2002-01",
            "price": "34.17",
            "revenue": 0
        },
        "2002-02": {
            "month": "2002-02",
            "price": "31.95",
            "revenue": 0
        },
        "2002-03": {
            "month": "2002-03",
            "price": "31.68",
            "revenue": 0
        },
        "2002-04": {
            "month": "2002-04",
            "price": "29.45",
            "revenue": 0
        },
        "2002-05": {
            "month": "2002-05",
            "price": "28.53",
            "revenue": 0
        },
        "2002-06": {
            "month": "2002-06",
            "price": "21.62",
            "revenue": 0
        },
        "2002-07": {
            "month": "2002-07",
            "price": "18.29",
            "revenue": 0
        },
        "2002-08": {
            "month": "2002-08",
            "price": "17.83",
            "revenue": 0
        },
        "2002-09": {
            "month": "2002-09",
            "price": "15.40",
            "revenue": 0
        },
        "2002-10": {
            "month": "2002-10",
            "price": "15.07",
            "revenue": 0
        },
        "2002-11": {
            "month": "2002-11",
            "price": "19.07",
            "revenue": 0
        },
        "2002-12": {
            "month": "2002-12",
            "price": "17.82",
            "revenue": 0
        },
        "2003-01": {
            "month": "2003-01",
            "price": "16.61",
            "revenue": 0
        },
        "2003-02": {
            "month": "2003-02",
            "price": "16.09",
            "revenue": 0
        },
        "2003-03": {
            "month": "2003-03",
            "price": "17.23",
            "revenue": 0
        },
        "2003-04": {
            "month": "2003-04",
            "price": "17.85",
            "revenue": 0
        },
        "2003-05": {
            "month": "2003-05",
            "price": "19.41",
            "revenue": 0
        },
        "2003-06": {
            "month": "2003-06",
            "price": "21.20",
            "revenue": 0
        },
        "2003-07": {
            "month": "2003-07",
            "price": "23.88",
            "revenue": 0
        },
        "2003-08": {
            "month": "2003-08",
            "price": "25.81",
            "revenue": 0
        },
        "2003-09": {
            "month": "2003-09",
            "price": "28.39",
            "revenue": 0
        },
        "2003-10": {
            "month": "2003-10",
            "price": "31.07",
            "revenue": 0
        },
        "2003-11": {
            "month": "2003-11",
            "price": "33.22",
            "revenue": 0
        },
        "2003-12": {
            "month": "2003-12",
            "price": "31.51",
            "revenue": 0
        },
        "2004-01": {
            "month": "2004-01",
            "price": "32.61",
            "revenue": 0
        },
        "2004-02": {
            "month": "2004-02",
            "price": "30.18",
            "revenue": 0
        },
        "2004-03": {
            "month": "2004-03",
            "price": "27.69",
            "revenue": 0
        },
        "2004-04": {
            "month": "2004-04",
            "price": "27.07",
            "revenue": 0
        },
        "2004-05": {
            "month": "2004-05",
            "price": "27.23",
            "revenue": 0
        },
        "2004-06": {
            "month": "2004-06",
            "price": "28.04",
            "revenue": 0
        },
        "2004-07": {
            "month": "2004-07",
            "price": "24.44",
            "revenue": 0
        },
        "2004-08": {
            "month": "2004-08",
            "price": "22.30",
            "revenue": 0
        },
        "2004-09": {
            "month": "2004-09",
            "price": "20.42",
            "revenue": 0
        },
        "2004-10": {
            "month": "2004-10",
            "price": "21.17",
            "revenue": 0
        },
        "2004-11": {
            "month": "2004-11",
            "price": "23.36",
            "revenue": 0
        },
        "2004-12": {
            "month": "2004-12",
            "price": "23.18",
            "revenue": 0
        },
        "2005-01": {
            "month": "2005-01",
            "price": "22.60",
            "revenue": 0
        },
        "2005-02": {
            "month": "2005-02",
            "price": "23.54",
            "revenue": 0
        },
        "2005-03": {
            "month": "2005-03",
            "price": "23.95",
            "revenue": 0
        },
        "2005-04": {
            "month": "2005-04",
            "price": "23.03",
            "revenue": 0
        },
        "2005-05": {
            "month": "2005-05",
            "price": "25.52",
            "revenue": 0
        },
        "2005-06": {
            "month": "2005-06",
            "price": "26.88",
            "revenue": 0
        },
        "2005-07": {
            "month": "2005-07",
            "price": "27.28",
            "revenue": 0
        },
        "2005-08": {
            "month": "2005-08",
            "price": "26.31",
            "revenue": 0
        },
        "2005-09": {
            "month": "2005-09",
            "price": "24.80",
            "revenue": 0
        },
        "2005-10": {
            "month": "2005-10",
            "price": "23.52",
            "revenue": 0
        },
        "2005-11": {
            "month": "2005-11",
            "price": "25.19",
            "revenue": 0
        },
        "2005-12": {
            "month": "2005-12",
            "price": "26.16",
            "revenue": 0
        },
        "2006-01": {
            "month": "2006-01",
            "price": "23.84",
            "revenue": 0
        },
        "2006-02": {
            "month": "2006-02",
            "price": "20.85",
            "revenue": 0
        },
        "2006-03": {
            "month": "2006-03",
            "price": "19.88",
            "revenue": 0
        },
        "2006-04": {
            "month": "2006-04",
            "price": "19.37",
            "revenue": 0
        },
        "2006-05": {
            "month": "2006-05",
            "price": "18.87",
            "revenue": 0
        },
        "2006-06": {
            "month": "2006-06",
            "price": "18.01",
            "revenue": 0
        },
        "2006-07": {
            "month": "2006-07",
            "price": "18.04",
            "revenue": 0
        },
        "2006-08": {
            "month": "2006-08",
            "price": "18.25",
            "revenue": 0
        },
        "2006-09": {
            "month": "2006-09",
            "price": "19.70",
            "revenue": 0
        },
        "2006-10": {
            "month": "2006-10",
            "price": "21.14",
            "revenue": 0
        },
        "2006-11": {
            "month": "2006-11",
            "price": "21.28",
            "revenue": 0
        },
        "2006-12": {
            "month": "2006-12",
            "price": "20.66",
            "revenue": 0
        },
        "2007-01": {
            "month": "2007-01",
            "price": "21.06",
            "revenue": 0
        },
        "2007-02": {
            "month": "2007-02",
            "price": "20.98",
            "revenue": 0
        },
        "2007-03": {
            "month": "2007-03",
            "price": "19.19",
            "revenue": 0
        },
        "2007-04": {
            "month": "2007-04",
            "price": "20.91",
            "revenue": 0
        },
        "2007-05": {
            "month": "2007-05",
            "price": "22.20",
            "revenue": 0
        },
        "2007-06": {
            "month": "2007-06",
            "price": "23.04",
            "revenue": 0
        },
        "2007-07": {
            "month": "2007-07",
            "price": "24.79",
            "revenue": 0
        },
        "2007-08": {
            "month": "2007-08",
            "price": "24.19",
            "revenue": 0
        },
        "2007-09": {
            "month": "2007-09",
            "price": "25.66",
            "revenue": 0
        },
        "2007-10": {
            "month": "2007-10",
            "price": "26.09",
            "revenue": 0
        },
        "2007-11": {
            "month": "2007-11",
            "price": "25.83",
            "revenue": 0
        },
        "2007-12": {
            "month": "2007-12",
            "price": "26.86",
            "revenue": 0
        },
        "2008-01": {
            "month": "2008-01",
            "price": "21.47",
            "revenue": 0
        },
        "2008-02": {
            "month": "2008-02",
            "price": "20.46",
            "revenue": 0
        },
        "2008-03": {
            "month": "2008-03",
            "price": "20.96",
            "revenue": 0
        },
        "2008-04": {
            "month": "2008-04",
            "price": "21.97",
            "revenue": 0
        },
        "2008-05": {
            "month": "2008-05",
            "price": "23.72",
            "revenue": 0
        },
        "2008-06": {
            "month": "2008-06",
            "price": "22.54",
            "revenue": 0
        },
        "2008-07": {
            "month": "2008-07",
            "price": "21.39",
            "revenue": 0
        },
        "2008-08": {
            "month": "2008-08",
            "price": "23.51",
            "revenue": 0
        },
        "2008-09": {
            "month": "2008-09",
            "price": "19.64",
            "revenue": 0
        },
        "2008-10": {
            "month": "2008-10",
            "price": "15.84",
            "revenue": 0
        },
        "2008-11": {
            "month": "2008-11",
            "price": "13.86",
            "revenue": 0
        },
        "2008-12": {
            "month": "2008-12",
            "price": "14.15",
            "revenue": 0
        },
        "2009-01": {
            "month": "2009-01",
            "price": "13.79",
            "revenue": 0
        },
        "2009-02": {
            "month": "2009-02",
            "price": "13.50",
            "revenue": 0
        },
        "2009-03": {
            "month": "2009-03",
            "price": "14.20",
            "revenue": 0
        },
        "2009-04": {
            "month": "2009-04",
            "price": "15.57",
            "revenue": 0
        },
        "2009-05": {
            "month": "2009-05",
            "price": "15.58",
            "revenue": 0
        },
        "2009-06": {
            "month": "2009-06",
            "price": "16.14",
            "revenue": 0
        },
        "2009-07": {
            "month": "2009-07",
            "price": "17.99",
            "revenue": 0
        },
        "2009-08": {
            "month": "2009-08",
            "price": "19.03",
            "revenue": 0
        },
        "2009-09": {
            "month": "2009-09",
            "price": "19.59",
            "revenue": 0
        },
        "2009-10": {
            "month": "2009-10",
            "price": "19.83",
            "revenue": 0
        },
        "2009-11": {
            "month": "2009-11",
            "price": "19.39",
            "revenue": 0
        },
        "2009-12": {
            "month": "2009-12",
            "price": "20.01",
            "revenue": 0
        },
        "2010-01": {
            "month": "2010-01",
            "price": "20.61",
            "revenue": 0
        },
        "2010-02": {
            "month": "2010-02",
            "price": "20.16",
            "revenue": 0
        },
        "2010-03": {
            "month": "2010-03",
            "price": "21.62",
            "revenue": 0
        },
        "2010-04": {
            "month": "2010-04",
            "price": "23.26",
            "revenue": 0
        },
        "2010-05": {
            "month": "2010-05",
            "price": "21.76",
            "revenue": 0
        },
        "2010-06": {
            "month": "2010-06",
            "price": "20.78",
            "revenue": 0
        },
        "2010-07": {
            "month": "2010-07",
            "price": "20.86",
            "revenue": 0
        },
        "2010-08": {
            "month": "2010-08",
            "price": "19.40",
            "revenue": 0
        },
        "2010-09": {
            "month": "2010-09",
            "price": "18.73",
            "revenue": 0
        },
        "2010-10": {
            "month": "2010-10",
            "price": "19.57",
            "revenue": 0
        },
        "2010-11": {
            "month": "2010-11",
            "price": "21.09",
            "revenue": 0
        },
        "2010-12": {
            "month": "2010-12",
            "price": "21.34",
            "revenue": 0
        },
        "2011-01": {
            "month": "2011-01",
            "price": "21.14",
            "revenue": 0
        },
        "2011-02": {
            "month": "2011-02",
            "price": "21.64",
            "revenue": 0
        },
        "2011-03": {
            "month": "2011-03",
            "price": "20.64",
            "revenue": 0
        },
        "2011-04": {
            "month": "2011-04",
            "price": "20.66",
            "revenue": 0
        },
        "2011-05": {
            "month": "2011-05",
            "price": "23.14",
            "revenue": 0
        },
        "2011-06": {
            "month": "2011-06",
            "price": "21.62",
            "revenue": 0
        },
        "2011-07": {
            "month": "2011-07",
            "price": "22.70",
            "revenue": 0
        },
        "2011-08": {
            "month": "2011-08",
            "price": "20.41",
            "revenue": 0
        },
        "2011-09": {
            "month": "2011-09",
            "price": "21.19",
            "revenue": 0
        },
        "2011-10": {
            "month": "2011-10",
            "price": "23.38",
            "revenue": 0
        },
        "2011-11": {
            "month": "2011-11",
            "price": "24.06",
            "revenue": 0
        },
        "2011-12": {
            "month": "2011-12",
            "price": "24.25",
            "revenue": 0
        },
        "2012-01": {
            "month": "2012-01",
            "price": "25.88",
            "revenue": 0
        },
        "2012-02": {
            "month": "2012-02",
            "price": "26.80",
            "revenue": 0
        },
        "2012-03": {
            "month": "2012-03",
            "price": "27.48",
            "revenue": 0
        },
        "2012-04": {
            "month": "2012-04",
            "price": "27.99",
            "revenue": 0
        },
        "2012-05": {
            "month": "2012-05",
            "price": "26.89",
            "revenue": 0
        },
        "2012-06": {
            "month": "2012-06",
            "price": "26.40",
            "revenue": 0
        },
        "2012-07": {
            "month": "2012-07",
            "price": "25.72",
            "revenue": 0
        },
        "2012-08": {
            "month": "2012-08",
            "price": "25.87",
            "revenue": 0
        },
        "2012-09": {
            "month": "2012-09",
            "price": "23.39",
            "revenue": 0
        },
        "2012-10": {
            "month": "2012-10",
            "price": "21.96",
            "revenue": 0
        },
        "2012-11": {
            "month": "2012-11",
            "price": "20.45",
            "revenue": 0
        },
        "2012-12": {
            "month": "2012-12",
            "price": "20.46",
            "revenue": 0
        },
        "2013-01": {
            "month": "2013-01",
            "price": "21.44",
            "revenue": 0
        },
        "2013-02": {
            "month": "2013-02",
            "price": "20.92",
            "revenue": 0
        },
        "2013-03": {
            "month": "2013-03",
            "price": "21.48",
            "revenue": 0
        },
        "2013-04": {
            "month": "2013-04",
            "price": "22.22",
            "revenue": 0
        },
        "2013-05": {
            "month": "2013-05",
            "price": "24.11",
            "revenue": 0
        },
        "2013-06": {
            "month": "2013-06",
            "price": "24.62",
            "revenue": 0
        },
        "2013-07": {
            "month": "2013-07",
            "price": "23.47",
            "revenue": 0
        },
        "2013-08": {
            "month": "2013-08",
            "price": "22.45",
            "revenue": 0
        },
        "2013-09": {
            "month": "2013-09",
            "price": "23.19",
            "revenue": 0
        },
        "2013-10": {
            "month": "2013-10",
            "price": "23.54",
            "revenue": 0
        },
        "2013-11": {
            "month": "2013-11",
            "price": "24.26",
            "revenue": 0
        },
        "2013-12": {
            "month": "2013-12",
            "price": "24.82",
            "revenue": 0
        },
        "2014-01": {
            "month": "2014-01",
            "price": "25.45",
            "revenue": 0
        },
        "2014-02": {
            "month": "2014-02",
            "price": "24.43",
            "revenue": 0
        },
        "2014-03": {
            "month": "2014-03",
            "price": "24.96",
            "revenue": 0
        },
        "2014-04": {
            "month": "2014-04",
            "price": "26.56",
            "revenue": 0
        },
        "2014-05": {
            "month": "2014-05",
            "price": "26.37",
            "revenue": 0
        },
        "2014-06": {
            "month": "2014-06",
            "price": "29.27",
            "revenue": 0
        },
        "2014-07": {
            "month": "2014-07",
            "price": "32.82",
            "revenue": 0
        },
        "2014-08": {
            "month": "2014-08",
            "price": "34.02",
            "revenue": 0
        },
        "2014-09": {
            "month": "2014-09",
            "price": "34.78",
            "revenue": 0
        },
        "2014-10": {
            "month": "2014-10",
            "price": "32.86",
            "revenue": 0
        },
        "2014-11": {
            "month": "2014-11",
            "price": "34.69",
            "revenue": 0
        },
        "2014-12": {
            "month": "2014-12",
            "price": "36.90",
            "revenue": 0
        },
        "2015-01": {
            "month": "2015-01",
            "price": "35.80",
            "revenue": 0
        },
        "2015-02": {
            "month": "2015-02",
            "price": "33.87",
            "revenue": 0
        },
        "2015-03": {
            "month": "2015-03",
            "price": "31.76",
            "revenue": 0
        },
        "2015-04": {
            "month": "2015-04",
            "price": "32.05",
            "revenue": 0
        },
        "2015-05": {
            "month": "2015-05",
            "price": "33.13",
            "revenue": 0
        },
        "2015-06": {
            "month": "2015-06",
            "price": "31.87",
            "revenue": 0
        },
        "2015-07": {
            "month": "2015-07",
            "price": "29.27",
            "revenue": 0
        },
        "2015-08": {
            "month": "2015-08",
            "price": "28.37",
            "revenue": 0
        },
        "2015-09": {
            "month": "2015-09",
            "price": "29.10",
            "revenue": 0
        },
        "2015-10": {
            "month": "2015-10",
            "price": "32.94",
            "revenue": 0
        },
        "2015-11": {
            "month": "2015-11",
            "price": "33.69",
            "revenue": 0
        },
        "2015-12": {
            "month": "2015-12",
            "price": "34.77",
            "revenue": 0
        },
        "2016-01": {
            "month": "2016-01",
            "price": "31.20",
            "revenue": 0
        },
        "2016-02": {
            "month": "2016-02",
            "price": "29.21",
            "revenue": 0
        },
        "2016-03": {
            "month": "2016-03",
            "price": "31.58",
            "revenue": 0
        },
        "2016-04": {
            "month": "2016-04",
            "price": "31.68",
            "revenue": 0
        },
        "2016-05": {
            "month": "2016-05",
            "price": "30.38",
            "revenue": 0
        },
        "2016-06": {
            "month": "2016-06",
            "price": "31.90",
            "revenue": 0
        },
        "2016-07": {
            "month": "2016-07",
            "price": "34.46",
            "revenue": 0
        },
        "2016-08": {
            "month": "2016-08",
            "price": "35.03",
            "revenue": 0
        },
        "2016-09": {
            "month": "2016-09",
            "price": "36.73",
            "revenue": 0
        },
        "2016-10": {
            "month": "2016-10",
            "price": "36.53",
            "revenue": 0
        },
        "2016-11": {
            "month": "2016-11",
            "price": "34.80",
            "revenue": 0
        },
        "2016-12": {
            "month": "2016-12",
            "price": "36.10",
            "revenue": 0
        },
        "2017-01": {
            "month": "2017-01",
            "price": "36.92",
            "revenue": 0
        },
        "2017-02": {
            "month": "2017-02",
            "price": "36.22",
            "revenue": 0
        },
        "2017-03": {
            "month": "2017-03",
            "price": "35.52",
            "revenue": 0
        },
        "2017-04": {
            "month": "2017-04",
            "price": "36.15",
            "revenue": 0
        },
        "2017-05": {
            "month": "2017-05",
            "price": "36.08",
            "revenue": 0
        },
        "2017-06": {
            "month": "2017-06",
            "price": "35.17",
            "revenue": 0
        },
        "2017-07": {
            "month": "2017-07",
            "price": "34.44",
            "revenue": 0
        },
        "2017-08": {
            "month": "2017-08",
            "price": "35.59",
            "revenue": 0
        },
        "2017-09": {
            "month": "2017-09",
            "price": "36.60",
            "revenue": 0
        },
        "2017-10": {
            "month": "2017-10",
            "price": "40.59",
            "revenue": 0
        },
        "2017-11": {
            "month": "2017-11",
            "price": "45.55",
            "revenue": 0
        },
        "2017-12": {
            "month": "2017-12",
            "price": "44.98",
            "revenue": 0
        },
        "2018-01": {
            "month": "2018-01",
            "price": "45.49",
            "revenue": 0
        },
        "2018-02": {
            "month": "2018-02",
            "price": "46.07",
            "revenue": 0
        },
        "2018-03": {
            "month": "2018-03",
            "price": "50.87",
            "revenue": 0
        },
        "2018-04": {
            "month": "2018-04",
            "price": "51.38",
            "revenue": 0
        },
        "2018-05": {
            "month": "2018-05",
            "price": "54.26",
            "revenue": 0
        },
        "2018-06": {
            "month": "2018-06",
            "price": "53.61",
            "revenue": 0
        },
        "2018-07": {
            "month": "2018-07",
            "price": "51.12",
            "revenue": 0
        },
        "2018-08": {
            "month": "2018-08",
            "price": "48.36",
            "revenue": 0
        },
        "2018-09": {
            "month": "2018-09",
            "price": "46.31",
            "revenue": 0
        },
        "2018-10": {
            "month": "2018-10",
            "price": "45.79",
            "revenue": 0
        },
        "2018-11": {
            "month": "2018-11",
            "price": "47.85",
            "revenue": 0
        },
        "2018-12": {
            "month": "2018-12",
            "price": "46.93",
            "revenue": 0
        },
        "2019-01": {
            "month": "2019-01",
            "price": "47.77",
            "revenue": 0
        },
        "2019-02": {
            "month": "2019-02",
            "price": "50.89",
            "revenue": 0
        },
        "2019-03": {
            "month": "2019-03",
            "price": "53.53",
            "revenue": 0
        },
        "2019-04": {
            "month": "2019-04",
            "price": "55.88",
            "revenue": 0
        },
        "2019-05": {
            "month": "2019-05",
            "price": "46.39",
            "revenue": 0
        },
        "2019-06": {
            "month": "2019-06",
            "price": "46.50",
            "revenue": 0
        },
        "2019-07": {
            "month": "2019-07",
            "price": "49.93",
            "revenue": 0
        },
        "2019-08": {
            "month": "2019-08",
            "price": "46.67",
            "revenue": 0
        },
        "2019-09": {
            "month": "2019-09",
            "price": "51.09",
            "revenue": 0
        },
        "2019-10": {
            "month": "2019-10",
            "price": "52.43",
            "revenue": 0
        },
        "2019-11": {
            "month": "2019-11",
            "price": "58.02",
            "revenue": 0
        },
        "2019-12": {
            "month": "2019-12",
            "price": "57.87",
            "revenue": 0
        },
        "2020-01": {
            "month": "2020-01",
            "price": "61.86",
            "revenue": 0
        },
        "2020-02": {
            "month": "2020-02",
            "price": "64.31",
            "revenue": 0
        },
        "2020-03": {
            "month": "2020-03",
            "price": "52.13",
            "revenue": 0
        },
        "2020-04": {
            "month": "2020-04",
            "price": "58.41",
            "revenue": 0
        },
        "2020-05": {
            "month": "2020-05",
            "price": "60.20",
            "revenue": 0
        },
        "2020-06": {
            "month": "2020-06",
            "price": "60.76",
            "revenue": 0
        },
        "2020-07": {
            "month": "2020-07",
            "price": "56.57",
            "revenue": 0
        },
        "2020-08": {
            "month": "2020-08",
            "price": "49.06",
            "revenue": 0
        },
        "2020-09": {
            "month": "2020-09",
            "price": "50.11",
            "revenue": 0
        },
        "2020-10": {
            "month": "2020-10",
            "price": "51.05",
            "revenue": 0
        },
        "2020-11": {
            "month": "2020-11",
            "price": "45.88",
            "revenue": 0
        },
        "2020-12": {
            "month": "2020-12",
            "price": "49.32",
            "revenue": 0
        },
        "2021-01": {
            "month": "2021-01",
            "price": "55.02",
            "revenue": 0
        },
        "2021-02": {
            "month": "2021-02",
            "price": "60.20",
            "revenue": 0
        },
        "2021-03": {
            "month": "2021-03",
            "price": "62.88",
            "revenue": 0
        },
        "2021-04": {
            "month": "2021-04",
            "price": "63.09",
            "revenue": 0
        },
        "2021-05": {
            "month": "2021-05",
            "price": "56.15",
            "revenue": 0
        },
        "2021-06": {
            "month": "2021-06",
            "price": "56.81",
            "revenue": 0
        },
        "2021-07": {
            "month": "2021-07",
            "price": "55.25",
            "revenue": 0
        },
        "2021-08": {
            "month": "2021-08",
            "price": "53.51",
            "revenue": 0
        },
        "2021-09": {
            "month": "2021-09",
            "price": "53.91",
            "revenue": 0
        },
        "2021-10": {
            "month": "2021-10",
            "price": "52.51",
            "revenue": 0
        },
        "2021-11": {
            "month": "2021-11",
            "price": "50.11",
            "revenue": 0
        },
        "2021-12": {
            "month": "2021-12",
            "price": "50.77",
            "revenue": 0
        },
        "2022-01": {
            "month": "2022-01",
            "price": "52.84",
            "revenue": 0
        },
        "2022-02": {
            "month": "2022-02",
            "price": "47.71",
            "revenue": 0
        },
        "2022-03": {
            "month": "2022-03",
            "price": "48.25",
            "revenue": 0
        },
        "2022-04": {
            "month": "2022-04",
            "price": "46.91",
            "revenue": 0
        },
        "2022-05": {
            "month": "2022-05",
            "price": "43.51",
            "revenue": 0
        },
        "2022-06": {
            "month": "2022-06",
            "price": "39.55",
            "revenue": 0
        },
        "2022-07": {
            "month": "2022-07",
            "price": "38.39",
            "revenue": 0
        },
        "2022-08": {
            "month": "2022-08",
            "price": "34.97",
            "revenue": 0
        },
        "2022-09": {
            "month": "2022-09",
            "price": "29.04",
            "revenue": 0
        },
        "2022-10": {
            "month": "2022-10",
            "price": "26.67",
            "revenue": 0
        },
        "2022-11": {
            "month": "2022-11",
            "price": "29.13",
            "revenue": 0
        },
        "2022-12": {
            "month": "2022-12",
            "price": "27.52",
            "revenue": 0
        },
        "2023-01": {
            "month": "2023-01",
            "price": "29.00",
            "revenue": 0
        },
        "2023-02": {
            "month": "2023-02",
            "price": "27.63",
            "revenue": 0
        },
        "2023-03": {
            "month": "2023-03",
            "price": "28.32",
            "revenue": 0
        },
        "2023-04": {
            "month": "2023-04",
            "price": "31.44",
            "revenue": 0
        },
        "2023-05": {
            "month": "2023-05",
            "price": "29.81",
            "revenue": 0
        },
        "2023-06": {
            "month": "2023-06",
            "price": "33.02",
            "revenue": 0
        },
        "2023-07": {
            "month": "2023-07",
            "price": "33.85",
            "revenue": 0
        },
        "2023-08": {
            "month": "2023-08",
            "price": "34.22",
            "revenue": 0
        },
        "2023-09": {
            "month": "2023-09",
            "price": "36.53",
            "revenue": 0
        },
        "2023-10": {
            "month": "2023-10",
            "price": "35.53",
            "revenue": 0
        },
        "2023-11": {
            "month": "2023-11",
            "price": "41.13",
            "revenue": 0
        },
        "2023-12": {
            "month": "2023-12",
            "price": "45.69",
            "revenue": 0
        }
    }
}
