{
    "summary": {
        "stock_name": "Johnson & Johnson",
        "stock_id": "JNJ",
        "category": "Medical",
        "main_business": "強生公司於1887年在新澤西州成立。強生公司及其子公司在全球擁有大約152,700名員工，從事醫療保健領域的廣泛產品的研發，生產和銷售。強生公司是一家控股公司，在全球幾乎所有國家/地區都有260多家運營公司開展業務。公司的主要重點是與人類健康和福祉相關的產品。強生執行委員會是主要的管理團隊，負責公司的戰略運營和資源分配。委員會負責監督和協調公司三個業務部門的活動：消費者，製藥和醫療裝置。",
        "website_url": "https://www.jnj.com/",
        "ceo": "Joaquin Duato",
        "pe_ratio": 20,
        "report_year_from": 1993,
        "report_year_to": 2023,
        "age": 31,
        "eps_negative_percentage": 0,
        "eps_growth_avg": {
            "last_all": 6.59,
            "last_2y": -0.87,
            "last_4y": -1.04,
            "last_8y": 0.8,
            "last_12y": 3.32,
            "last_16y": 3.76,
            "last_20y": 5.98,
            "at_2006_last_3y": 15.41,
            "at_2007_last_3y": 11.22,
            "at_2008_last_3y": 13.09,
            "at_2009_last_3y": 7.58,
            "at_2010_last_3y": 5.2,
            "at_2011_last_3y": -1.15,
            "at_2012_last_3y": 2.74,
            "at_2013_last_3y": 8.04,
            "at_2014_last_3y": 9,
            "at_2015_last_3y": 11.2,
            "at_2016_last_3y": 7.82,
            "at_2017_last_3y": 2.22,
            "at_2018_last_3y": 3.09,
            "at_2019_last_3y": 8.39,
            "at_2020_last_3y": 1.7,
            "at_2021_last_3y": 11.35,
            "at_2022_last_3y": 6.21,
            "at_2023_last_3y": -3.66,
            "at_2024_last_3y": -3.66,
            "at_2006_last_all": 16.2,
            "at_2007_last_all": 14.31,
            "at_2008_last_all": 14.08,
            "at_2009_last_all": 12.29,
            "at_2010_last_all": 11.31,
            "at_2011_last_all": 8.12,
            "at_2012_last_all": 9.95,
            "at_2013_last_all": 10.87,
            "at_2014_last_all": 10.6,
            "at_2015_last_all": 9,
            "at_2016_last_all": 9.39,
            "at_2017_last_all": 8.71,
            "at_2018_last_all": 8.83,
            "at_2019_last_all": 8.87,
            "at_2020_last_all": 7.77,
            "at_2021_last_all": 9.24,
            "at_2022_last_all": 8.33,
            "at_2023_last_all": 6.59,
            "at_2024_last_all": 6.59
        },
        "latest_eps": 7.85,
        "latest_price": 156.74,
        "latest_roe": 17.55,
        "latest_gross_margin": 70.12,
        "latest_equity": 71228000,
        "latest_revenue": 21351000,
        "latest_gross_profit": 14971000,
        "latest_net_income": 4309000,
        "latest_debt_ratio": 57.11,
        "latest_current_ratio": 121.03,
        "latest_account_receivable_turnover_ratio": 1.35,
        "latest_inventory_turnover_ratio": 0.53,
        "latest_reinvestment_rate": 4.63,
        "latest_research_to_sale_ratio": 16.14
    },
    "eps_dividends": {
        "1995": {
            "cash": 0.24,
            "stock": 0,
            "eps": 0
        },
        "1996": {
            "cash": 0.38,
            "stock": 0,
            "eps": 0
        },
        "1997": {
            "cash": 0.43,
            "stock": 0,
            "eps": 0
        },
        "1998": {
            "cash": 0.5,
            "stock": 0,
            "eps": 0
        },
        "1999": {
            "cash": 0.55,
            "stock": 0,
            "eps": 0
        },
        "2000": {
            "cash": 0.6200000000000001,
            "stock": 0,
            "eps": 0
        },
        "2001": {
            "cash": 0.52,
            "stock": 0,
            "eps": 1.86
        },
        "2002": {
            "cash": 0.8099999999999999,
            "stock": 0,
            "eps": 2.22
        },
        "2003": {
            "cash": 0.72,
            "stock": 0,
            "eps": 2.7
        },
        "2004": {
            "cash": 0.8699999999999999,
            "stock": 0,
            "eps": 2.84
        },
        "2005": {
            "cash": 1.28,
            "stock": 0,
            "eps": 3.46
        },
        "2006": {
            "cash": 1.4699999999999998,
            "stock": 0,
            "eps": 3.91
        },
        "2007": {
            "cash": 1.64,
            "stock": 0,
            "eps": 4.1
        },
        "2008": {
            "cash": 1.8,
            "stock": 0,
            "eps": 4.62
        },
        "2009": {
            "cash": 1.93,
            "stock": 0,
            "eps": 4.61
        },
        "2010": {
            "cash": 2.1100000000000003,
            "stock": 0,
            "eps": 4.77
        },
        "2011": {
            "cash": 2.2499999999999996,
            "stock": 0,
            "eps": 3.79
        },
        "2012": {
            "cash": 2.4,
            "stock": 0,
            "eps": 4.86
        },
        "2013": {
            "cash": 2.5900000000000003,
            "stock": 0,
            "eps": 5.88
        },
        "2014": {
            "cash": 2.76,
            "stock": 0,
            "eps": 6.31
        },
        "2015": {
            "cash": 2.95,
            "stock": 0,
            "eps": 5.57
        },
        "2016": {
            "cash": 3.1500000000000004,
            "stock": 0,
            "eps": 6.39
        },
        "2017": {
            "cash": 3.32,
            "stock": 0,
            "eps": 6.3
        },
        "2018": {
            "cash": 3.54,
            "stock": 0,
            "eps": 6.98
        },
        "2019": {
            "cash": 3.75,
            "stock": 0,
            "eps": 7.64
        },
        "2020": {
            "cash": 3.9799999999999995,
            "stock": 0,
            "eps": 6.72
        },
        "2021": {
            "cash": 4.19,
            "stock": 0,
            "eps": 9.22
        },
        "2022": {
            "cash": 4.449999999999999,
            "stock": 0,
            "eps": 8.32
        },
        "2023": {
            "cash": 4.52,
            "stock": 0,
            "eps": 5.82
        }
    },
    "dividends": {
        "1995-06-06": {
            "cash": 0.08,
            "stock": 0
        },
        "1995-09-05": {
            "cash": 0.08,
            "stock": 0
        },
        "1995-12-05": {
            "cash": 0.08,
            "stock": 0
        },
        "1996-03-12": {
            "cash": 0.08,
            "stock": 0
        },
        "1996-06-11": {
            "cash": 0.1,
            "stock": 0
        },
        "1996-09-10": {
            "cash": 0.1,
            "stock": 0
        },
        "1996-12-10": {
            "cash": 0.1,
            "stock": 0
        },
        "1997-03-11": {
            "cash": 0.1,
            "stock": 0
        },
        "1997-06-10": {
            "cash": 0.11,
            "stock": 0
        },
        "1997-09-09": {
            "cash": 0.11,
            "stock": 0
        },
        "1997-12-09": {
            "cash": 0.11,
            "stock": 0
        },
        "1998-03-10": {
            "cash": 0.11,
            "stock": 0
        },
        "1998-06-09": {
            "cash": 0.13,
            "stock": 0
        },
        "1998-09-08": {
            "cash": 0.13,
            "stock": 0
        },
        "1998-12-08": {
            "cash": 0.13,
            "stock": 0
        },
        "1999-03-09": {
            "cash": 0.13,
            "stock": 0
        },
        "1999-06-08": {
            "cash": 0.14,
            "stock": 0
        },
        "1999-09-07": {
            "cash": 0.14,
            "stock": 0
        },
        "1999-12-07": {
            "cash": 0.14,
            "stock": 0
        },
        "2000-03-07": {
            "cash": 0.14,
            "stock": 0
        },
        "2000-06-13": {
            "cash": 0.16,
            "stock": 0
        },
        "2000-09-12": {
            "cash": 0.16,
            "stock": 0
        },
        "2000-12-12": {
            "cash": 0.16,
            "stock": 0
        },
        "2001-03-13": {
            "cash": 0.16,
            "stock": 0
        },
        "2001-06-12": {
            "cash": 0.18,
            "stock": 0
        },
        "2001-09-11": {
            "cash": 0.18,
            "stock": 0
        },
        "2002-03-12": {
            "cash": 0.18,
            "stock": 0
        },
        "2002-06-11": {
            "cash": 0.21,
            "stock": 0
        },
        "2002-09-10": {
            "cash": 0.21,
            "stock": 0
        },
        "2002-12-10": {
            "cash": 0.21,
            "stock": 0
        },
        "2003-06-10": {
            "cash": 0.24,
            "stock": 0
        },
        "2003-09-09": {
            "cash": 0.24,
            "stock": 0
        },
        "2003-12-09": {
            "cash": 0.24,
            "stock": 0
        },
        "2004-06-08": {
            "cash": 0.29,
            "stock": 0
        },
        "2004-09-07": {
            "cash": 0.29,
            "stock": 0
        },
        "2004-12-07": {
            "cash": 0.29,
            "stock": 0
        },
        "2005-03-08": {
            "cash": 0.29,
            "stock": 0
        },
        "2005-06-07": {
            "cash": 0.33,
            "stock": 0
        },
        "2005-09-13": {
            "cash": 0.33,
            "stock": 0
        },
        "2005-12-13": {
            "cash": 0.33,
            "stock": 0
        },
        "2006-03-14": {
            "cash": 0.33,
            "stock": 0
        },
        "2006-06-13": {
            "cash": 0.38,
            "stock": 0
        },
        "2006-09-12": {
            "cash": 0.38,
            "stock": 0
        },
        "2006-12-12": {
            "cash": 0.38,
            "stock": 0
        },
        "2007-03-13": {
            "cash": 0.38,
            "stock": 0
        },
        "2007-06-12": {
            "cash": 0.42,
            "stock": 0
        },
        "2007-09-11": {
            "cash": 0.42,
            "stock": 0
        },
        "2007-12-11": {
            "cash": 0.42,
            "stock": 0
        },
        "2008-03-11": {
            "cash": 0.42,
            "stock": 0
        },
        "2008-06-10": {
            "cash": 0.46,
            "stock": 0
        },
        "2008-09-09": {
            "cash": 0.46,
            "stock": 0
        },
        "2008-12-09": {
            "cash": 0.46,
            "stock": 0
        },
        "2009-03-10": {
            "cash": 0.46,
            "stock": 0
        },
        "2009-06-09": {
            "cash": 0.49,
            "stock": 0
        },
        "2009-09-08": {
            "cash": 0.49,
            "stock": 0
        },
        "2009-12-08": {
            "cash": 0.49,
            "stock": 0
        },
        "2010-03-09": {
            "cash": 0.49,
            "stock": 0
        },
        "2010-06-15": {
            "cash": 0.54,
            "stock": 0
        },
        "2010-09-14": {
            "cash": 0.54,
            "stock": 0
        },
        "2010-12-14": {
            "cash": 0.54,
            "stock": 0
        },
        "2011-03-15": {
            "cash": 0.54,
            "stock": 0
        },
        "2011-06-14": {
            "cash": 0.57,
            "stock": 0
        },
        "2011-09-13": {
            "cash": 0.57,
            "stock": 0
        },
        "2011-12-13": {
            "cash": 0.57,
            "stock": 0
        },
        "2012-03-13": {
            "cash": 0.57,
            "stock": 0
        },
        "2012-06-12": {
            "cash": 0.61,
            "stock": 0
        },
        "2012-09-11": {
            "cash": 0.61,
            "stock": 0
        },
        "2012-12-11": {
            "cash": 0.61,
            "stock": 0
        },
        "2013-03-12": {
            "cash": 0.61,
            "stock": 0
        },
        "2013-06-11": {
            "cash": 0.66,
            "stock": 0
        },
        "2013-09-10": {
            "cash": 0.66,
            "stock": 0
        },
        "2013-12-10": {
            "cash": 0.66,
            "stock": 0
        },
        "2014-03-11": {
            "cash": 0.66,
            "stock": 0
        },
        "2014-06-10": {
            "cash": 0.7,
            "stock": 0
        },
        "2014-09-09": {
            "cash": 0.7,
            "stock": 0
        },
        "2014-12-09": {
            "cash": 0.7,
            "stock": 0
        },
        "2015-03-10": {
            "cash": 0.7,
            "stock": 0
        },
        "2015-06-09": {
            "cash": 0.75,
            "stock": 0
        },
        "2015-09-08": {
            "cash": 0.75,
            "stock": 0
        },
        "2015-12-08": {
            "cash": 0.75,
            "stock": 0
        },
        "2016-03-08": {
            "cash": 0.75,
            "stock": 0
        },
        "2016-06-07": {
            "cash": 0.8,
            "stock": 0
        },
        "2016-09-06": {
            "cash": 0.8,
            "stock": 0
        },
        "2016-12-06": {
            "cash": 0.8,
            "stock": 0
        },
        "2017-03-14": {
            "cash": 0.8,
            "stock": 0
        },
        "2017-06-13": {
            "cash": 0.84,
            "stock": 0
        },
        "2017-09-12": {
            "cash": 0.84,
            "stock": 0
        },
        "2017-12-12": {
            "cash": 0.84,
            "stock": 0
        },
        "2018-03-13": {
            "cash": 0.84,
            "stock": 0
        },
        "2018-06-12": {
            "cash": 0.9,
            "stock": 0
        },
        "2018-09-11": {
            "cash": 0.9,
            "stock": 0
        },
        "2018-12-11": {
            "cash": 0.9,
            "stock": 0
        },
        "2019-03-12": {
            "cash": 0.9,
            "stock": 0
        },
        "2019-06-11": {
            "cash": 0.95,
            "stock": 0
        },
        "2019-09-10": {
            "cash": 0.95,
            "stock": 0
        },
        "2019-12-10": {
            "cash": 0.95,
            "stock": 0
        },
        "2020-03-10": {
            "cash": 0.95,
            "stock": 0
        },
        "2020-06-09": {
            "cash": 1.01,
            "stock": 0
        },
        "2020-09-08": {
            "cash": 1.01,
            "stock": 0
        },
        "2020-12-08": {
            "cash": 1.01,
            "stock": 0
        },
        "2021-03-09": {
            "cash": 1.01,
            "stock": 0
        },
        "2021-06-08": {
            "cash": 1.06,
            "stock": 0
        },
        "2021-09-07": {
            "cash": 1.06,
            "stock": 0
        },
        "2021-12-07": {
            "cash": 1.06,
            "stock": 0
        },
        "2022-03-08": {
            "cash": 1.06,
            "stock": 0
        },
        "2022-06-07": {
            "cash": 1.13,
            "stock": 0
        },
        "2022-09-06": {
            "cash": 1.13,
            "stock": 0
        },
        "2022-12-07": {
            "cash": 1.13,
            "stock": 0
        },
        "2023-03-07": {
            "cash": 1.13,
            "stock": 0
        },
        "2023-06-07": {
            "cash": 1.13,
            "stock": 0
        },
        "2023-09-06": {
            "cash": 1.13,
            "stock": 0
        },
        "2023-12-06": {
            "cash": 1.13,
            "stock": 0
        }
    },
    "prices": {
        "200101": "47.28",
        "200102": "47.74",
        "200103": "43.74",
        "200104": "45.91",
        "200105": "49.03",
        "200106": "51.40",
        "200107": "52.93",
        "200108": "54.32",
        "200109": "54.57",
        "200110": "56.87",
        "200111": "59.57",
        "200112": "57.59",
        "200201": "58.32",
        "200202": "57.84",
        "200203": "63.95",
        "200204": "63.41",
        "200205": "61.59",
        "200206": "56.53",
        "200207": "49.88",
        "200208": "54.14",
        "200209": "54.10",
        "200210": "58.01",
        "200211": "59.20",
        "200212": "54.89",
        "200301": "54.89",
        "200302": "52.24",
        "200303": "55.65",
        "200304": "56.87",
        "200305": "55.12",
        "200306": "53.16",
        "200307": "52.13",
        "200308": "50.34",
        "200309": "50.53",
        "200310": "50.15",
        "200311": "50.28",
        "200312": "50.03",
        "200401": "52.34",
        "200402": "54.05",
        "200403": "51.29",
        "200404": "52.83",
        "200405": "54.95",
        "200406": "55.96",
        "200407": "55.54",
        "200408": "56.36",
        "200409": "57.58",
        "200410": "57.02",
        "200411": "60.16",
        "200412": "62.30",
        "200501": "63.06",
        "200502": "65.88",
        "200503": "67.54",
        "200504": "68.54",
        "200505": "67.77",
        "200506": "66.27",
        "200507": "64.39",
        "200508": "63.52",
        "200509": "64.10",
        "200510": "62.81",
        "200511": "61.76",
        "200512": "60.60",
        "200601": "61.00",
        "200602": "58.26",
        "200603": "59.32",
        "200604": "58.25",
        "200605": "59.43",
        "200606": "60.89",
        "200607": "61.21",
        "200608": "63.97",
        "200609": "64.17",
        "200610": "66.62",
        "200611": "66.82",
        "200612": "66.07",
        "200701": "66.71",
        "200702": "65.30",
        "200703": "61.06",
        "200704": "63.08",
        "200705": "63.43",
        "200706": "62.18",
        "200707": "62.00",
        "200708": "61.59",
        "200709": "63.56",
        "200710": "65.30",
        "200711": "66.48",
        "200712": "67.66",
        "200801": "65.71",
        "200802": "62.99",
        "200803": "63.57",
        "200804": "66.34",
        "200805": "66.53",
        "200806": "65.33",
        "200807": "67.17",
        "200808": "70.88",
        "200809": "70.02",
        "200810": "62.54",
        "200811": "59.40",
        "200812": "58.17",
        "200901": "58.12",
        "200902": "56.07",
        "200903": "50.27",
        "200904": "51.78",
        "200905": "54.81",
        "200906": "55.82",
        "200907": "58.89",
        "200908": "60.48",
        "200909": "60.55",
        "200910": "60.48",
        "200911": "61.50",
        "200912": "64.51",
        "201001": "64.13",
        "201002": "63.23",
        "201003": "64.43",
        "201004": "65.18",
        "201005": "62.66",
        "201006": "58.94",
        "201007": "59.06",
        "201008": "58.67",
        "201009": "60.79",
        "201010": "63.36",
        "201011": "63.57",
        "201012": "62.26",
        "201101": "62.11",
        "201102": "60.70",
        "201103": "59.47",
        "201104": "61.77",
        "201105": "66.13",
        "201106": "66.18",
        "201107": "66.78",
        "201108": "63.73",
        "201109": "63.83",
        "201110": "63.79",
        "201111": "63.73",
        "201112": "64.43",
        "201201": "65.32",
        "201202": "65.01",
        "201203": "65.00",
        "201204": "64.41",
        "201205": "63.86",
        "201206": "64.92",
        "201207": "68.39",
        "201208": "68.11",
        "201209": "68.47",
        "201210": "69.90",
        "201211": "69.76",
        "201212": "70.37",
        "201301": "72.59",
        "201302": "75.69",
        "201303": "78.90",
        "201304": "83.34",
        "201305": "86.37",
        "201306": "84.87",
        "201307": "90.45",
        "201308": "90.39",
        "201309": "88.15",
        "201310": "89.98",
        "201311": "94.18",
        "201312": "92.62",
        "201401": "92.64",
        "201402": "90.83",
        "201403": "94.48",
        "201404": "99.00",
        "201405": "100.60",
        "201406": "103.62",
        "201407": "103.46",
        "201408": "101.95",
        "201409": "105.75",
        "201410": "102.36",
        "201411": "108.25",
        "201412": "106.06",
        "201501": "103.29",
        "201502": "100.82",
        "201503": "100.99",
        "201504": "100.29",
        "201505": "101.22",
        "201506": "99.02",
        "201507": "99.49",
        "201508": "97.62",
        "201509": "92.97",
        "201510": "97.19",
        "201511": "101.77",
        "201512": "102.85",
        "201601": "98.96",
        "201602": "103.50",
        "201603": "107.51",
        "201604": "110.99",
        "201605": "113.24",
        "201606": "116.52",
        "201607": "123.74",
        "201608": "121.65",
        "201609": "118.65",
        "201610": "116.76",
        "201611": "115.50",
        "201612": "114.28",
        "201701": "114.45",
        "201702": "117.09",
        "201703": "125.78",
        "201704": "123.82",
        "201705": "125.52",
        "201706": "132.85",
        "201707": "132.80",
        "201708": "132.84",
        "201709": "132.00",
        "201710": "137.84",
        "201711": "139.28",
        "201712": "140.90",
        "201801": "143.66",
        "201802": "131.47",
        "201803": "130.02",
        "201804": "128.54",
        "201805": "123.52",
        "201806": "122.28",
        "201807": "127.28",
        "201808": "133.09",
        "201809": "138.83",
        "201810": "138.22",
        "201811": "144.23",
        "201812": "135.79",
        "201901": "129.00",
        "201902": "134.61",
        "201903": "138.30",
        "201904": "137.75",
        "201905": "138.10",
        "201906": "139.48",
        "201907": "134.82",
        "201908": "130.46",
        "201909": "129.79",
        "201910": "130.88",
        "201911": "133.87",
        "201912": "142.53",
        "202001": "147.32",
        "202002": "148.45",
        "202003": "131.00",
        "202004": "145.89",
        "202005": "147.77",
        "202006": "143.72",
        "202007": "146.16",
        "202008": "150.01",
        "202009": "147.82",
        "202010": "145.56",
        "202011": "145.01",
        "202012": "151.91",
        "202101": "162.03",
        "202102": "163.53",
        "202103": "160.21",
        "202104": "163.04",
        "202105": "169.23",
        "202106": "164.62",
        "202107": "169.74",
        "202108": "175.10",
        "202109": "166.76",
        "202110": "161.63",
        "202111": "162.37",
        "202112": "166.99",
        "202201": "169.43",
        "202202": "167.37",
        "202203": "173.09",
        "202204": "181.25",
        "202205": "178.07",
        "202206": "175.35",
        "202207": "175.22",
        "202208": "167.94",
        "202209": "164.91",
        "202210": "166.55",
        "202211": "174.09",
        "202212": "177.34",
        "202301": "171.97",
        "202302": "160.53",
        "202303": "153.12",
        "202304": "163.38",
        "202305": "159.40",
        "202306": "161.69",
        "202307": "164.46",
        "202308": "169.23",
        "202309": "160.70",
        "202310": "153.77",
        "202311": "150.28",
        "202312": "158.38"
    },
    "quarters": {
        "20011": {
            "year_quarter": 20011,
            "year": 2001,
            "quarter": 1,
            "eps": 0.5,
            "eps_growth_year": 15.91,
            "eps_4q": 1.68,
            "eps_4q_growth_year": 15.9,
            "roe": 7.37,
            "roe_4q": 7.37,
            "gross_profit": 5544000,
            "gross_margin": 70.58,
            "gross_margin_4q_avg": 70.58,
            "net_income": 1552000,
            "net_income_4q": null,
            "revenue": 7855000,
            "revenue_4q": null,
            "common_shares": 2911000,
            "book_valuer_per_share": 4.81,
            "book_valuer_per_share_4q_avg": 4.81,
            "equity": 21739000,
            "current_ratio": 250.89,
            "debt_ratio": 37.72,
            "inventory_turnover_ratio": 0.8,
            "account_receivable_turnover_ratio": 1.67,
            "reinvestment_rate": 7.84,
            "research_to_sale_ratio": 9.66,
            "price_fair": 0,
            "eps_avg_yearly": 0,
            "eps_latest_yearly": 0,
            "eps_growth_yearly": 0
        },
        "20012": {
            "year_quarter": 20012,
            "year": 2001,
            "quarter": 2,
            "eps": 0.48,
            "eps_growth_year": 8.19,
            "eps_4q": 1.72,
            "eps_4q_growth_year": 14.56,
            "roe": 6.67,
            "roe_4q": 14.04,
            "gross_profit": 5807000,
            "gross_margin": 71,
            "gross_margin_4q_avg": 70.79,
            "net_income": 1482000,
            "net_income_4q": null,
            "revenue": 8179000,
            "revenue_4q": null,
            "common_shares": 3120000,
            "book_valuer_per_share": 4.98,
            "book_valuer_per_share_4q_avg": 4.9,
            "equity": 22711000,
            "current_ratio": 247.63,
            "debt_ratio": 37.09,
            "inventory_turnover_ratio": 0.82,
            "account_receivable_turnover_ratio": 1.71,
            "reinvestment_rate": 10.64,
            "research_to_sale_ratio": 10.14,
            "price_fair": 0,
            "eps_avg_yearly": 0,
            "eps_latest_yearly": 0,
            "eps_growth_yearly": 0
        },
        "20013": {
            "year_quarter": 20013,
            "year": 2001,
            "quarter": 3,
            "eps": 0.49,
            "eps_growth_year": 15.66,
            "eps_4q": 1.79,
            "eps_4q_growth_year": 15.22,
            "roe": 6.58,
            "roe_4q": 20.62,
            "gross_profit": 5662000,
            "gross_margin": 70.27,
            "gross_margin_4q_avg": 70.62,
            "net_income": 1529000,
            "net_income_4q": null,
            "revenue": 8058000,
            "revenue_4q": null,
            "common_shares": 3120000,
            "book_valuer_per_share": 5.32,
            "book_valuer_per_share_4q_avg": 5.04,
            "equity": 23734000,
            "current_ratio": 254.25,
            "debt_ratio": 35.95,
            "inventory_turnover_ratio": 0.81,
            "account_receivable_turnover_ratio": 1.65,
            "reinvestment_rate": 9.22,
            "research_to_sale_ratio": 11.16,
            "price_fair": 0,
            "eps_avg_yearly": 0,
            "eps_latest_yearly": 0,
            "eps_growth_yearly": 0
        },
        "20014": {
            "year_quarter": 20014,
            "year": 2001,
            "quarter": 4,
            "eps": 0.39,
            "eps_growth_year": 22.91,
            "eps_4q": 1.86,
            "eps_4q_growth_year": 15.13,
            "roe": 4.61,
            "roe_4q": 25.23,
            "gross_profit": 5723000,
            "gross_margin": 69.58,
            "gross_margin_4q_avg": 70.36,
            "net_income": 1105000,
            "net_income_4q": null,
            "revenue": 8225000,
            "revenue_4q": null,
            "common_shares": 3120000,
            "book_valuer_per_share": 4.97,
            "book_valuer_per_share_4q_avg": 5.02,
            "equity": 24233000,
            "current_ratio": 229.65,
            "debt_ratio": 37.04,
            "inventory_turnover_ratio": 0.83,
            "account_receivable_turnover_ratio": 1.72,
            "reinvestment_rate": 10.78,
            "research_to_sale_ratio": 13.42,
            "price_fair": 0,
            "eps_avg_yearly": 0,
            "eps_latest_yearly": 0,
            "eps_growth_yearly": 0
        },
        "20021": {
            "year_quarter": 20021,
            "year": 2002,
            "quarter": 1,
            "eps": 0.59,
            "eps_growth_year": 18.11,
            "eps_4q": 1.95,
            "eps_4q_growth_year": 15.81,
            "roe": 7.65,
            "roe_4q": 25.510000000000005,
            "gross_profit": 6286000,
            "gross_margin": 71.9,
            "gross_margin_4q_avg": 70.69,
            "net_income": 1834000,
            "net_income_4q": null,
            "revenue": 8743000,
            "revenue_4q": null,
            "common_shares": 3120000,
            "book_valuer_per_share": 4.85,
            "book_valuer_per_share_4q_avg": 5.03,
            "equity": 23723000,
            "current_ratio": 221.84,
            "debt_ratio": 38.05,
            "inventory_turnover_ratio": 0.81,
            "account_receivable_turnover_ratio": 1.87,
            "reinvestment_rate": 9.18,
            "research_to_sale_ratio": 9.5,
            "price_fair": 82.6,
            "eps_avg_yearly": 2.36,
            "eps_latest_yearly": 2.36,
            "eps_growth_yearly": 205.13
        },
        "20022": {
            "year_quarter": 20022,
            "year": 2002,
            "quarter": 2,
            "eps": 0.6,
            "eps_growth_year": 26.23,
            "eps_4q": 2.08,
            "eps_4q_growth_year": 20.65,
            "roe": 7.25,
            "roe_4q": 26.090000000000003,
            "gross_profit": 6491000,
            "gross_margin": 71.54,
            "gross_margin_4q_avg": 70.82,
            "net_income": 1654000,
            "net_income_4q": null,
            "revenue": 9073000,
            "revenue_4q": null,
            "common_shares": 3120000,
            "book_valuer_per_share": 4.23,
            "book_valuer_per_share_4q_avg": 4.84,
            "equity": 21891000,
            "current_ratio": 178.42,
            "debt_ratio": 42.92,
            "inventory_turnover_ratio": 0.8,
            "account_receivable_turnover_ratio": 1.79,
            "reinvestment_rate": 6.21,
            "research_to_sale_ratio": 10.27,
            "price_fair": 83.3,
            "eps_avg_yearly": 2.38,
            "eps_latest_yearly": 2.4,
            "eps_growth_yearly": 105.95
        },
        "20023": {
            "year_quarter": 20023,
            "year": 2002,
            "quarter": 3,
            "eps": 0.57,
            "eps_growth_year": 16.16,
            "eps_4q": 2.16,
            "eps_4q_growth_year": 20.6,
            "roe": 7.85,
            "roe_4q": 27.36,
            "gross_profit": 6468000,
            "gross_margin": 71.24,
            "gross_margin_4q_avg": 71.07,
            "net_income": 1725000,
            "net_income_4q": null,
            "revenue": 9079000,
            "revenue_4q": null,
            "common_shares": 3120000,
            "book_valuer_per_share": 4.32,
            "book_valuer_per_share_4q_avg": 4.59,
            "equity": 22085000,
            "current_ratio": 177.56,
            "debt_ratio": 42.88,
            "inventory_turnover_ratio": 0.79,
            "account_receivable_turnover_ratio": 1.68,
            "reinvestment_rate": 4.15,
            "research_to_sale_ratio": 10.49,
            "price_fair": 82.13,
            "eps_avg_yearly": 2.35,
            "eps_latest_yearly": 2.28,
            "eps_growth_yearly": 63.97
        },
        "20024": {
            "year_quarter": 20024,
            "year": 2002,
            "quarter": 4,
            "eps": 0.46,
            "eps_growth_year": 17.23,
            "eps_4q": 2.22,
            "eps_4q_growth_year": 19.49,
            "roe": 6.18,
            "roe_4q": 28.93,
            "gross_profit": 6606000,
            "gross_margin": 70.25,
            "gross_margin_4q_avg": 71.23,
            "net_income": 1384000,
            "net_income_4q": null,
            "revenue": 9403000,
            "revenue_4q": null,
            "common_shares": 3120000,
            "book_valuer_per_share": 4.53,
            "book_valuer_per_share_4q_avg": 4.48,
            "equity": 22697000,
            "current_ratio": 168.28,
            "debt_ratio": 44.04,
            "inventory_turnover_ratio": 0.85,
            "account_receivable_turnover_ratio": 1.74,
            "reinvestment_rate": 7.55,
            "research_to_sale_ratio": 13.21,
            "price_fair": 77.7,
            "eps_avg_yearly": 2.22,
            "eps_latest_yearly": 1.84,
            "eps_growth_yearly": 28.68
        },
        "20031": {
            "year_quarter": 20031,
            "year": 2003,
            "quarter": 1,
            "eps": 0.69,
            "eps_growth_year": 17.47,
            "eps_4q": 2.33,
            "eps_4q_growth_year": 19.23,
            "roe": 8.86,
            "roe_4q": 30.14,
            "gross_profit": 7099000,
            "gross_margin": 72.28,
            "gross_margin_4q_avg": 71.33,
            "net_income": 2070000,
            "net_income_4q": null,
            "revenue": 9821000,
            "revenue_4q": null,
            "common_shares": 3120000,
            "book_valuer_per_share": 4.92,
            "book_valuer_per_share_4q_avg": 4.5,
            "equity": 24036000,
            "current_ratio": 178.68,
            "debt_ratio": 42.76,
            "inventory_turnover_ratio": 0.8,
            "account_receivable_turnover_ratio": 1.75,
            "reinvestment_rate": 7.95,
            "research_to_sale_ratio": 9.53,
            "price_fair": 81.48,
            "eps_avg_yearly": 2.33,
            "eps_latest_yearly": 2.76,
            "eps_growth_yearly": 62.94
        },
        "20032": {
            "year_quarter": 20032,
            "year": 2003,
            "quarter": 2,
            "eps": 0.7,
            "eps_growth_year": 16.49,
            "eps_4q": 2.43,
            "eps_4q_growth_year": 16.83,
            "roe": 4.99,
            "roe_4q": 27.880000000000003,
            "gross_profit": 7366000,
            "gross_margin": 71.29,
            "gross_margin_4q_avg": 71.27,
            "net_income": 1210000,
            "net_income_4q": null,
            "revenue": 10332000,
            "revenue_4q": null,
            "common_shares": 3120000,
            "book_valuer_per_share": 4.29,
            "book_valuer_per_share_4q_avg": 4.52,
            "equity": 24437000,
            "current_ratio": 166.52,
            "debt_ratio": 46.47,
            "inventory_turnover_ratio": 0.82,
            "account_receivable_turnover_ratio": 1.69,
            "reinvestment_rate": 8.44,
            "research_to_sale_ratio": 10.47,
            "price_fair": 84.23,
            "eps_avg_yearly": 2.41,
            "eps_latest_yearly": 2.8,
            "eps_growth_yearly": 53.42
        },
        "20033": {
            "year_quarter": 20033,
            "year": 2003,
            "quarter": 3,
            "eps": 0.69,
            "eps_growth_year": 20.82,
            "eps_4q": 2.54,
            "eps_4q_growth_year": 18.04,
            "roe": 8.26,
            "roe_4q": 28.29,
            "gross_profit": 7475000,
            "gross_margin": 71.5,
            "gross_margin_4q_avg": 71.33,
            "net_income": 2072000,
            "net_income_4q": null,
            "revenue": 10455000,
            "revenue_4q": null,
            "common_shares": 3120000,
            "book_valuer_per_share": 4.74,
            "book_valuer_per_share_4q_avg": 4.62,
            "equity": 25738000,
            "current_ratio": 173.26,
            "debt_ratio": 44.84,
            "inventory_turnover_ratio": 0.8,
            "account_receivable_turnover_ratio": 1.63,
            "reinvestment_rate": 6.03,
            "research_to_sale_ratio": 11.26,
            "price_fair": 86,
            "eps_avg_yearly": 2.46,
            "eps_latest_yearly": 2.76,
            "eps_growth_yearly": 44.97
        },
        "20034": {
            "year_quarter": 20034,
            "year": 2003,
            "quarter": 4,
            "eps": 0.62,
            "eps_growth_year": 34.16,
            "eps_4q": 2.7,
            "eps_4q_growth_year": 21.53,
            "roe": 7.01,
            "roe_4q": 29.119999999999997,
            "gross_profit": 7746000,
            "gross_margin": 68.83,
            "gross_margin_4q_avg": 70.98,
            "net_income": 1845000,
            "net_income_4q": null,
            "revenue": 11254000,
            "revenue_4q": null,
            "common_shares": 3120000,
            "book_valuer_per_share": 5.17,
            "book_valuer_per_share_4q_avg": 4.78,
            "equity": 26869000,
            "current_ratio": 170.99,
            "debt_ratio": 44.33,
            "inventory_turnover_ratio": 0.96,
            "account_receivable_turnover_ratio": 1.73,
            "reinvestment_rate": 8.45,
            "research_to_sale_ratio": 13.23,
            "price_fair": 86.1,
            "eps_avg_yearly": 2.46,
            "eps_latest_yearly": 2.48,
            "eps_growth_yearly": 34.28
        },
        "20041": {
            "year_quarter": 20041,
            "year": 2004,
            "quarter": 1,
            "eps": 0.83,
            "eps_growth_year": 19.91,
            "eps_4q": 2.84,
            "eps_4q_growth_year": 22.07,
            "roe": 9.01,
            "roe_4q": 29.270000000000003,
            "gross_profit": 8192000,
            "gross_margin": 70.87,
            "gross_margin_4q_avg": 70.62,
            "net_income": 2493000,
            "net_income_4q": null,
            "revenue": 11559000,
            "revenue_4q": null,
            "common_shares": 3120000,
            "book_valuer_per_share": 5.75,
            "book_valuer_per_share_4q_avg": 4.99,
            "equity": 28494000,
            "current_ratio": 195.71,
            "debt_ratio": 41.69,
            "inventory_turnover_ratio": 0.95,
            "account_receivable_turnover_ratio": 1.73,
            "reinvestment_rate": 7.21,
            "research_to_sale_ratio": 9.47,
            "price_fair": 89.44,
            "eps_avg_yearly": 2.56,
            "eps_latest_yearly": 3.32,
            "eps_growth_yearly": 45.52
        },
        "20042": {
            "year_quarter": 20042,
            "year": 2004,
            "quarter": 2,
            "eps": 0.82,
            "eps_growth_year": 16.88,
            "eps_4q": 2.96,
            "eps_4q_growth_year": 21.96,
            "roe": 8.4,
            "roe_4q": 32.68,
            "gross_profit": 8322000,
            "gross_margin": 72.47,
            "gross_margin_4q_avg": 70.92,
            "net_income": 2458000,
            "net_income_4q": null,
            "revenue": 11484000,
            "revenue_4q": null,
            "common_shares": 3120000,
            "book_valuer_per_share": 6.15,
            "book_valuer_per_share_4q_avg": 5.45,
            "equity": 30052000,
            "current_ratio": 204.42,
            "debt_ratio": 40.1,
            "inventory_turnover_ratio": 0.9,
            "account_receivable_turnover_ratio": 1.65,
            "reinvestment_rate": 7.18,
            "research_to_sale_ratio": 10.29,
            "price_fair": 91.98,
            "eps_avg_yearly": 2.63,
            "eps_latest_yearly": 3.28,
            "eps_growth_yearly": 40.49
        },
        "20043": {
            "year_quarter": 20043,
            "year": 2004,
            "quarter": 3,
            "eps": 0.78,
            "eps_growth_year": 13.8,
            "eps_4q": 3.05,
            "eps_4q_growth_year": 20,
            "roe": 7.6,
            "roe_4q": 32.019999999999996,
            "gross_profit": 8366000,
            "gross_margin": 72.41,
            "gross_margin_4q_avg": 71.15,
            "net_income": 2341000,
            "net_income_4q": null,
            "revenue": 11553000,
            "revenue_4q": null,
            "common_shares": 3120000,
            "book_valuer_per_share": 6.67,
            "book_valuer_per_share_4q_avg": 5.94,
            "equity": 31513000,
            "current_ratio": 217.5,
            "debt_ratio": 39.5,
            "inventory_turnover_ratio": 0.89,
            "account_receivable_turnover_ratio": 1.64,
            "reinvestment_rate": 5.75,
            "research_to_sale_ratio": 10.37,
            "price_fair": 93.55,
            "eps_avg_yearly": 2.67,
            "eps_latest_yearly": 3.12,
            "eps_growth_yearly": 35.03
        },
        "20044": {
            "year_quarter": 20044,
            "year": 2004,
            "quarter": 4,
            "eps": 0.41,
            "eps_growth_year": -34.47,
            "eps_4q": 2.84,
            "eps_4q_growth_year": 5.11,
            "roe": 3.84,
            "roe_4q": 28.85,
            "gross_profit": 9046000,
            "gross_margin": 70.94,
            "gross_margin_4q_avg": 71.67,
            "net_income": 1217000,
            "net_income_4q": null,
            "revenue": 12752000,
            "revenue_4q": null,
            "common_shares": 3120000,
            "book_valuer_per_share": 6.72,
            "book_valuer_per_share_4q_avg": 6.32,
            "equity": 31813000,
            "current_ratio": 196.17,
            "debt_ratio": 40.33,
            "inventory_turnover_ratio": 1,
            "account_receivable_turnover_ratio": 1.85,
            "reinvestment_rate": 8.67,
            "research_to_sale_ratio": 13.54,
            "price_fair": 68.04,
            "eps_avg_yearly": 2.59,
            "eps_latest_yearly": 1.64,
            "eps_growth_yearly": 16.3
        },
        "20051": {
            "year_quarter": 20051,
            "year": 2005,
            "quarter": 1,
            "eps": 0.94,
            "eps_growth_year": 12.98,
            "eps_4q": 2.95,
            "eps_4q_growth_year": 3.8,
            "roe": 8.67,
            "roe_4q": 28.509999999999998,
            "gross_profit": 9336000,
            "gross_margin": 72.76,
            "gross_margin_4q_avg": 72.15,
            "net_income": 2839000,
            "net_income_4q": null,
            "revenue": 12832000,
            "revenue_4q": null,
            "common_shares": 3120000,
            "book_valuer_per_share": 7.35,
            "book_valuer_per_share_4q_avg": 6.72,
            "equity": 33654000,
            "current_ratio": 221.6,
            "debt_ratio": 38.19,
            "inventory_turnover_ratio": 0.93,
            "account_receivable_turnover_ratio": 1.81,
            "reinvestment_rate": 6.63,
            "research_to_sale_ratio": 10.79,
            "price_fair": 93.69,
            "eps_avg_yearly": 2.68,
            "eps_latest_yearly": 3.76,
            "eps_growth_yearly": 54.82
        },
        "20052": {
            "year_quarter": 20052,
            "year": 2005,
            "quarter": 2,
            "eps": 0.97,
            "eps_growth_year": 18.74,
            "eps_4q": 3.1,
            "eps_4q_growth_year": 4.84,
            "roe": 7.52,
            "roe_4q": 27.629999999999995,
            "gross_profit": 9240000,
            "gross_margin": 72.4,
            "gross_margin_4q_avg": 72.13,
            "net_income": 2588000,
            "net_income_4q": null,
            "revenue": 12762000,
            "revenue_4q": null,
            "common_shares": 3120000,
            "book_valuer_per_share": 7.72,
            "book_valuer_per_share_4q_avg": 7.12,
            "equity": 35169000,
            "current_ratio": 246.74,
            "debt_ratio": 35.53,
            "inventory_turnover_ratio": 0.91,
            "account_receivable_turnover_ratio": 1.73,
            "reinvestment_rate": 5.45,
            "research_to_sale_ratio": 11.95,
            "price_fair": 96.7,
            "eps_avg_yearly": 2.76,
            "eps_latest_yearly": 3.88,
            "eps_growth_yearly": 51.82
        },
        "20053": {
            "year_quarter": 20053,
            "year": 2005,
            "quarter": 3,
            "eps": 0.85,
            "eps_growth_year": 7.97,
            "eps_4q": 3.16,
            "eps_4q_growth_year": 3.62,
            "roe": 7.05,
            "roe_4q": 27.080000000000002,
            "gross_profit": 8956000,
            "gross_margin": 72.75,
            "gross_margin_4q_avg": 72.21,
            "net_income": 2538000,
            "net_income_4q": null,
            "revenue": 12310000,
            "revenue_4q": null,
            "common_shares": 3120000,
            "book_valuer_per_share": 8.32,
            "book_valuer_per_share_4q_avg": 7.53,
            "equity": 36847000,
            "current_ratio": 253.81,
            "debt_ratio": 34.87,
            "inventory_turnover_ratio": 0.84,
            "account_receivable_turnover_ratio": 1.69,
            "reinvestment_rate": 5.05,
            "research_to_sale_ratio": 12.5,
            "price_fair": 98.19,
            "eps_avg_yearly": 2.81,
            "eps_latest_yearly": 3.4,
            "eps_growth_yearly": 45.07
        },
        "20054": {
            "year_quarter": 20054,
            "year": 2005,
            "quarter": 4,
            "eps": 0.7,
            "eps_growth_year": 72.17,
            "eps_4q": 3.46,
            "eps_4q_growth_year": 21.71,
            "roe": 5.55,
            "roe_4q": 28.79,
            "gross_profit": 8972000,
            "gross_margin": 71.15,
            "gross_margin_4q_avg": 72.27,
            "net_income": 2095000,
            "net_income_4q": null,
            "revenue": 12610000,
            "revenue_4q": null,
            "common_shares": 3120000,
            "book_valuer_per_share": 8.92,
            "book_valuer_per_share_4q_avg": 8.08,
            "equity": 38710000,
            "current_ratio": 249.15,
            "debt_ratio": 34.24,
            "inventory_turnover_ratio": 0.91,
            "account_receivable_turnover_ratio": 1.78,
            "reinvestment_rate": 6.98,
            "research_to_sale_ratio": 15.97,
            "price_fair": 98.18,
            "eps_avg_yearly": 2.81,
            "eps_latest_yearly": 2.8,
            "eps_growth_yearly": 37.84
        },
        "20061": {
            "year_quarter": 20061,
            "year": 2006,
            "quarter": 1,
            "eps": 1.12,
            "eps_growth_year": 18.94,
            "eps_4q": 3.63,
            "eps_4q_growth_year": 23.28,
            "roe": 8.28,
            "roe_4q": 28.4,
            "gross_profit": 9380000,
            "gross_margin": 72.2,
            "gross_margin_4q_avg": 72.13,
            "net_income": 3305000,
            "net_income_4q": null,
            "revenue": 12992000,
            "revenue_4q": null,
            "common_shares": 3120000,
            "book_valuer_per_share": 9.5,
            "book_valuer_per_share_4q_avg": 8.62,
            "equity": 41123000,
            "current_ratio": 255.85,
            "debt_ratio": 33.81,
            "inventory_turnover_ratio": 0.88,
            "account_receivable_turnover_ratio": 1.77,
            "reinvestment_rate": 8.12,
            "research_to_sale_ratio": 11.79,
            "price_fair": 102.81,
            "eps_avg_yearly": 2.94,
            "eps_latest_yearly": 4.48,
            "eps_growth_yearly": 40.02
        },
        "20062": {
            "year_quarter": 20062,
            "year": 2006,
            "quarter": 2,
            "eps": 0.98,
            "eps_growth_year": 0.52,
            "eps_4q": 3.64,
            "eps_4q_growth_year": 17.35,
            "roe": 6.89,
            "roe_4q": 27.77,
            "gross_profit": 9575000,
            "gross_margin": 71.65,
            "gross_margin_4q_avg": 71.94,
            "net_income": 2820000,
            "net_income_4q": null,
            "revenue": 13363000,
            "revenue_4q": null,
            "common_shares": 3120000,
            "book_valuer_per_share": 9.36,
            "book_valuer_per_share_4q_avg": 9.03,
            "equity": 40742000,
            "current_ratio": 258.54,
            "debt_ratio": 33.2,
            "inventory_turnover_ratio": 0.89,
            "account_receivable_turnover_ratio": 1.69,
            "reinvestment_rate": 8.43,
            "research_to_sale_ratio": 13.68,
            "price_fair": 106.14,
            "eps_avg_yearly": 3.03,
            "eps_latest_yearly": 3.92,
            "eps_growth_yearly": 36.47
        },
        "20063": {
            "year_quarter": 20063,
            "year": 2006,
            "quarter": 3,
            "eps": 0.98,
            "eps_growth_year": 15.06,
            "eps_4q": 3.77,
            "eps_4q_growth_year": 19.06,
            "roe": 6.79,
            "roe_4q": 27.51,
            "gross_profit": 9637000,
            "gross_margin": 72.53,
            "gross_margin_4q_avg": 71.88,
            "net_income": 2760000,
            "net_income_4q": null,
            "revenue": 13287000,
            "revenue_4q": null,
            "common_shares": 3120000,
            "book_valuer_per_share": 9.38,
            "book_valuer_per_share_4q_avg": 9.29,
            "equity": 40573000,
            "current_ratio": 259.36,
            "debt_ratio": 33.75,
            "inventory_turnover_ratio": 0.83,
            "account_receivable_turnover_ratio": 1.65,
            "reinvestment_rate": 7.35,
            "research_to_sale_ratio": 12.94,
            "price_fair": 109.73,
            "eps_avg_yearly": 3.14,
            "eps_latest_yearly": 3.92,
            "eps_growth_yearly": 37.72
        },
        "20064": {
            "year_quarter": 20064,
            "year": 2006,
            "quarter": 4,
            "eps": 0.83,
            "eps_growth_year": 18.44,
            "eps_4q": 3.9,
            "eps_4q_growth_year": 12.7,
            "roe": 5.43,
            "roe_4q": 27.39,
            "gross_profit": 9675000,
            "gross_margin": 70.71,
            "gross_margin_4q_avg": 71.77,
            "net_income": 2168000,
            "net_income_4q": null,
            "revenue": 13682000,
            "revenue_4q": null,
            "common_shares": 3120000,
            "book_valuer_per_share": 3.67,
            "book_valuer_per_share_4q_avg": 7.98,
            "equity": 39318000,
            "current_ratio": 119.91,
            "debt_ratio": 44.27,
            "inventory_turnover_ratio": 0.86,
            "account_receivable_turnover_ratio": 1.64,
            "reinvestment_rate": 11.24,
            "research_to_sale_ratio": 14.95,
            "price_fair": 112.96,
            "eps_avg_yearly": 3.23,
            "eps_latest_yearly": 3.32,
            "eps_growth_yearly": 38.72
        },
        "20071": {
            "year_quarter": 20071,
            "year": 2007,
            "quarter": 1,
            "eps": 1.16,
            "eps_growth_year": 3.47,
            "eps_4q": 3.93,
            "eps_4q_growth_year": 8.26,
            "roe": 6.41,
            "roe_4q": 25.52,
            "gross_profit": 10652000,
            "gross_margin": 70.84,
            "gross_margin_4q_avg": 71.43,
            "net_income": 2573000,
            "net_income_4q": null,
            "revenue": 15037000,
            "revenue_4q": null,
            "common_shares": 3120000,
            "book_valuer_per_share": 4.04,
            "book_valuer_per_share_4q_avg": 6.61,
            "equity": 40928000,
            "current_ratio": 125.48,
            "debt_ratio": 43.98,
            "inventory_turnover_ratio": 0.88,
            "account_receivable_turnover_ratio": 1.67,
            "reinvestment_rate": 10.73,
            "research_to_sale_ratio": 10.99,
            "price_fair": 117.08,
            "eps_avg_yearly": 3.35,
            "eps_latest_yearly": 4.64,
            "eps_growth_yearly": 36.16
        },
        "20072": {
            "year_quarter": 20072,
            "year": 2007,
            "quarter": 2,
            "eps": 1.05,
            "eps_growth_year": 7.83,
            "eps_4q": 4.01,
            "eps_4q_growth_year": 10.21,
            "roe": 7.33,
            "roe_4q": 25.96,
            "gross_profit": 10773000,
            "gross_margin": 71.2,
            "gross_margin_4q_avg": 71.32,
            "net_income": 3081000,
            "net_income_4q": null,
            "revenue": 15131000,
            "revenue_4q": null,
            "common_shares": 3120000,
            "book_valuer_per_share": 4.82,
            "book_valuer_per_share_4q_avg": 5.48,
            "equity": 43122000,
            "current_ratio": 135.93,
            "debt_ratio": 42.26,
            "inventory_turnover_ratio": 0.85,
            "account_receivable_turnover_ratio": 1.61,
            "reinvestment_rate": 10.3,
            "research_to_sale_ratio": 12.33,
            "price_fair": 120.14,
            "eps_avg_yearly": 3.43,
            "eps_latest_yearly": 4.2,
            "eps_growth_yearly": 33.42
        },
        "20073": {
            "year_quarter": 20073,
            "year": 2007,
            "quarter": 3,
            "eps": 1.07,
            "eps_growth_year": 10.11,
            "eps_4q": 4.11,
            "eps_4q_growth_year": 9.1,
            "roe": 5.88,
            "roe_4q": 25.05,
            "gross_profit": 10696000,
            "gross_margin": 71.45,
            "gross_margin_4q_avg": 71.05,
            "net_income": 2548000,
            "net_income_4q": null,
            "revenue": 14970000,
            "revenue_4q": null,
            "common_shares": 3120000,
            "book_valuer_per_share": 4.9,
            "book_valuer_per_share_4q_avg": 4.36,
            "equity": 43573000,
            "current_ratio": 149.74,
            "debt_ratio": 44.61,
            "inventory_turnover_ratio": 0.81,
            "account_receivable_turnover_ratio": 1.59,
            "reinvestment_rate": 9.3,
            "research_to_sale_ratio": 12.25,
            "price_fair": 123.46,
            "eps_avg_yearly": 3.53,
            "eps_latest_yearly": 4.28,
            "eps_growth_yearly": 34.26
        },
        "20074": {
            "year_quarter": 20074,
            "year": 2007,
            "quarter": 4,
            "eps": 0.82,
            "eps_growth_year": -0.47,
            "eps_4q": 4.11,
            "eps_4q_growth_year": 5.39,
            "roe": 5.46,
            "roe_4q": 25.080000000000002,
            "gross_profit": 11223000,
            "gross_margin": 70.33,
            "gross_margin_4q_avg": 70.96,
            "net_income": 2374000,
            "net_income_4q": null,
            "revenue": 15957000,
            "revenue_4q": null,
            "common_shares": 3120000,
            "book_valuer_per_share": 5.12,
            "book_valuer_per_share_4q_avg": 4.72,
            "equity": 43319000,
            "current_ratio": 150.96,
            "debt_ratio": 46.49,
            "inventory_turnover_ratio": 0.9,
            "account_receivable_turnover_ratio": 1.7,
            "reinvestment_rate": 11.07,
            "research_to_sale_ratio": 14.59,
            "price_fair": 125.21,
            "eps_avg_yearly": 3.58,
            "eps_latest_yearly": 3.28,
            "eps_growth_yearly": 30.95
        },
        "20081": {
            "year_quarter": 20081,
            "year": 2008,
            "quarter": 1,
            "eps": 1.25,
            "eps_growth_year": 8.61,
            "eps_4q": 4.21,
            "eps_4q_growth_year": 6.88,
            "roe": 8.09,
            "roe_4q": 26.759999999999998,
            "gross_profit": 11580000,
            "gross_margin": 71.51,
            "gross_margin_4q_avg": 71.12,
            "net_income": 3598000,
            "net_income_4q": null,
            "revenue": 16194000,
            "revenue_4q": null,
            "common_shares": 3120000,
            "book_valuer_per_share": 5.75,
            "book_valuer_per_share_4q_avg": 5.15,
            "equity": 45625000,
            "current_ratio": 153.22,
            "debt_ratio": 46.94,
            "inventory_turnover_ratio": 0.86,
            "account_receivable_turnover_ratio": 1.63,
            "reinvestment_rate": 11.79,
            "research_to_sale_ratio": 10.57,
            "price_fair": 128.89,
            "eps_avg_yearly": 3.68,
            "eps_latest_yearly": 5,
            "eps_growth_yearly": 35.59
        },
        "20082": {
            "year_quarter": 20082,
            "year": 2008,
            "quarter": 2,
            "eps": 1.18,
            "eps_growth_year": 12.27,
            "eps_4q": 4.34,
            "eps_4q_growth_year": 8.06,
            "roe": 7.23,
            "roe_4q": 26.66,
            "gross_profit": 11699000,
            "gross_margin": 71.12,
            "gross_margin_4q_avg": 71.1,
            "net_income": 3327000,
            "net_income_4q": null,
            "revenue": 16450000,
            "revenue_4q": null,
            "common_shares": 3120000,
            "book_valuer_per_share": 6.16,
            "book_valuer_per_share_4q_avg": 5.48,
            "equity": 46435000,
            "current_ratio": 164.45,
            "debt_ratio": 47.3,
            "inventory_turnover_ratio": 0.84,
            "account_receivable_turnover_ratio": 1.57,
            "reinvestment_rate": 11.79,
            "research_to_sale_ratio": 11.53,
            "price_fair": 132.04,
            "eps_avg_yearly": 3.77,
            "eps_latest_yearly": 4.72,
            "eps_growth_yearly": 34.49
        },
        "20083": {
            "year_quarter": 20083,
            "year": 2008,
            "quarter": 3,
            "eps": 1.17,
            "eps_growth_year": 8.84,
            "eps_4q": 4.43,
            "eps_4q_growth_year": 7.78,
            "roe": 7.18,
            "roe_4q": 27.96,
            "gross_profit": 11147000,
            "gross_margin": 70.01,
            "gross_margin_4q_avg": 70.74,
            "net_income": 3310000,
            "net_income_4q": null,
            "revenue": 15921000,
            "revenue_4q": null,
            "common_shares": 3120000,
            "book_valuer_per_share": 6.17,
            "book_valuer_per_share_4q_avg": 5.8,
            "equity": 45734000,
            "current_ratio": 160.98,
            "debt_ratio": 47.87,
            "inventory_turnover_ratio": 0.85,
            "account_receivable_turnover_ratio": 1.54,
            "reinvestment_rate": 8.98,
            "research_to_sale_ratio": 11.69,
            "price_fair": 135.45,
            "eps_avg_yearly": 3.87,
            "eps_latest_yearly": 4.68,
            "eps_growth_yearly": 35.5
        },
        "20084": {
            "year_quarter": 20084,
            "year": 2008,
            "quarter": 4,
            "eps": 1.02,
            "eps_growth_year": 23.81,
            "eps_4q": 4.63,
            "eps_4q_growth_year": 12.66,
            "roe": 6.15,
            "roe_4q": 28.650000000000002,
            "gross_profit": 10810000,
            "gross_margin": 71.2,
            "gross_margin_4q_avg": 70.96,
            "net_income": 2714000,
            "net_income_4q": null,
            "revenue": 15182000,
            "revenue_4q": null,
            "common_shares": 3120000,
            "book_valuer_per_share": 5.35,
            "book_valuer_per_share_4q_avg": 5.86,
            "equity": 42511000,
            "current_ratio": 164.86,
            "debt_ratio": 49.94,
            "inventory_turnover_ratio": 0.83,
            "account_receivable_turnover_ratio": 1.53,
            "reinvestment_rate": 9.15,
            "research_to_sale_ratio": 13.88,
            "price_fair": 140.79,
            "eps_avg_yearly": 4.02,
            "eps_latest_yearly": 4.08,
            "eps_growth_yearly": 44.16
        },
        "20091": {
            "year_quarter": 20091,
            "year": 2009,
            "quarter": 1,
            "eps": 1.26,
            "eps_growth_year": 0.17,
            "eps_4q": 4.63,
            "eps_4q_growth_year": 10.04,
            "roe": 8.13,
            "roe_4q": 28.69,
            "gross_profit": 10775000,
            "gross_margin": 71.71,
            "gross_margin_4q_avg": 71.01,
            "net_income": 3507000,
            "net_income_4q": null,
            "revenue": 15026000,
            "revenue_4q": null,
            "common_shares": 3120000,
            "book_valuer_per_share": 5.39,
            "book_valuer_per_share_4q_avg": 5.77,
            "equity": 43791000,
            "current_ratio": 163.37,
            "debt_ratio": 49.14,
            "inventory_turnover_ratio": 0.82,
            "account_receivable_turnover_ratio": 1.54,
            "reinvestment_rate": 9.12,
            "research_to_sale_ratio": 10.1,
            "price_fair": 113.73,
            "eps_avg_yearly": 4.1,
            "eps_latest_yearly": 5.04,
            "eps_growth_yearly": 17.72
        },
        "20092": {
            "year_quarter": 20092,
            "year": 2009,
            "quarter": 2,
            "eps": 1.15,
            "eps_growth_year": -2.54,
            "eps_4q": 4.6,
            "eps_4q_growth_year": 6.07,
            "roe": 7.13,
            "roe_4q": 28.590000000000003,
            "gross_profit": 10789000,
            "gross_margin": 70.8,
            "gross_margin_4q_avg": 70.93,
            "net_income": 3208000,
            "net_income_4q": null,
            "revenue": 15239000,
            "revenue_4q": null,
            "common_shares": 3120000,
            "book_valuer_per_share": 6.31,
            "book_valuer_per_share_4q_avg": 5.81,
            "equity": 46247000,
            "current_ratio": 178.49,
            "debt_ratio": 47.11,
            "inventory_turnover_ratio": 0.82,
            "account_receivable_turnover_ratio": 1.53,
            "reinvestment_rate": 9.25,
            "research_to_sale_ratio": 10.75,
            "price_fair": 102.61,
            "eps_avg_yearly": 4.15,
            "eps_latest_yearly": 4.6,
            "eps_growth_yearly": 14.74
        },
        "20093": {
            "year_quarter": 20093,
            "year": 2009,
            "quarter": 3,
            "eps": 1.2,
            "eps_growth_year": 2.47,
            "eps_4q": 4.63,
            "eps_4q_growth_year": 4.45,
            "roe": 6.92,
            "roe_4q": 28.33,
            "gross_profit": 10647000,
            "gross_margin": 70.6,
            "gross_margin_4q_avg": 71.08,
            "net_income": 3345000,
            "net_income_4q": null,
            "revenue": 15081000,
            "revenue_4q": null,
            "common_shares": 3120000,
            "book_valuer_per_share": 6.79,
            "book_valuer_per_share_4q_avg": 5.96,
            "equity": 50384000,
            "current_ratio": 184.99,
            "debt_ratio": 44.97,
            "inventory_turnover_ratio": 0.8,
            "account_receivable_turnover_ratio": 1.48,
            "reinvestment_rate": 8.53,
            "research_to_sale_ratio": 10.72,
            "price_fair": 122.48,
            "eps_avg_yearly": 4.24,
            "eps_latest_yearly": 4.8,
            "eps_growth_yearly": 18.92
        },
        "20094": {
            "year_quarter": 20094,
            "year": 2009,
            "quarter": 4,
            "eps": 1,
            "eps_growth_year": -2.17,
            "eps_4q": 4.6,
            "eps_4q_growth_year": -0.46,
            "roe": 4.37,
            "roe_4q": 26.549999999999997,
            "gross_profit": 11239000,
            "gross_margin": 67.91,
            "gross_margin_4q_avg": 70.26,
            "net_income": 2206000,
            "net_income_4q": null,
            "revenue": 16551000,
            "revenue_4q": null,
            "common_shares": 3120000,
            "book_valuer_per_share": 7.04,
            "book_valuer_per_share_4q_avg": 6.38,
            "equity": 50588000,
            "current_ratio": 181.96,
            "debt_ratio": 46.57,
            "inventory_turnover_ratio": 0.99,
            "account_receivable_turnover_ratio": 1.66,
            "reinvestment_rate": 8.09,
            "research_to_sale_ratio": 13.37,
            "price_fair": 125.7,
            "eps_avg_yearly": 4.31,
            "eps_latest_yearly": 4,
            "eps_growth_yearly": 19.17
        },
        "20101": {
            "year_quarter": 20101,
            "year": 2010,
            "quarter": 1,
            "eps": 1.5,
            "eps_growth_year": 19.52,
            "eps_4q": 4.85,
            "eps_4q_growth_year": 4.8,
            "roe": 8.75,
            "roe_4q": 27.169999999999998,
            "gross_profit": 11103000,
            "gross_margin": 71.03,
            "gross_margin_4q_avg": 70.09,
            "net_income": 4526000,
            "net_income_4q": null,
            "revenue": 15631000,
            "revenue_4q": null,
            "common_shares": 3120000,
            "book_valuer_per_share": 7.66,
            "book_valuer_per_share_4q_avg": 6.95,
            "equity": 52914000,
            "current_ratio": 210.07,
            "debt_ratio": 43.37,
            "inventory_turnover_ratio": 0.86,
            "account_receivable_turnover_ratio": 1.59,
            "reinvestment_rate": 6.18,
            "research_to_sale_ratio": 9.96,
            "price_fair": 117.46,
            "eps_avg_yearly": 4.41,
            "eps_latest_yearly": 6,
            "eps_growth_yearly": 16.67
        },
        "20102": {
            "year_quarter": 20102,
            "year": 2010,
            "quarter": 2,
            "eps": 1.13,
            "eps_growth_year": -2.05,
            "eps_4q": 4.83,
            "eps_4q_growth_year": 4.97,
            "roe": 6.52,
            "roe_4q": 26.560000000000002,
            "gross_profit": 10700000,
            "gross_margin": 69.8,
            "gross_margin_4q_avg": 69.84,
            "net_income": 3449000,
            "net_income_4q": null,
            "revenue": 15330000,
            "revenue_4q": null,
            "common_shares": 3120000,
            "book_valuer_per_share": 7.9,
            "book_valuer_per_share_4q_avg": 7.35,
            "equity": 52851000,
            "current_ratio": 227.35,
            "debt_ratio": 42.74,
            "inventory_turnover_ratio": 0.89,
            "account_receivable_turnover_ratio": 1.56,
            "reinvestment_rate": 4.93,
            "research_to_sale_ratio": 10.75,
            "price_fair": 104.95,
            "eps_avg_yearly": 4.44,
            "eps_latest_yearly": 4.52,
            "eps_growth_yearly": 13.62
        },
        "20103": {
            "year_quarter": 20103,
            "year": 2010,
            "quarter": 3,
            "eps": 1.1,
            "eps_growth_year": -8.48,
            "eps_4q": 4.72,
            "eps_4q_growth_year": 2.12,
            "roe": 6.2,
            "roe_4q": 25.84,
            "gross_profit": 10388000,
            "gross_margin": 69.34,
            "gross_margin_4q_avg": 69.52,
            "net_income": 3417000,
            "net_income_4q": null,
            "revenue": 14982000,
            "revenue_4q": null,
            "common_shares": 3120000,
            "book_valuer_per_share": 9.04,
            "book_valuer_per_share_4q_avg": 7.91,
            "equity": 57291000,
            "current_ratio": 245.3,
            "debt_ratio": 41.69,
            "inventory_turnover_ratio": 0.88,
            "account_receivable_turnover_ratio": 1.5,
            "reinvestment_rate": 2.63,
            "research_to_sale_ratio": 11.06,
            "price_fair": 102.69,
            "eps_avg_yearly": 4.47,
            "eps_latest_yearly": 4.4,
            "eps_growth_yearly": 12.96
        },
        "20104": {
            "year_quarter": 20104,
            "year": 2010,
            "quarter": 4,
            "eps": 1.04,
            "eps_growth_year": 4.19,
            "eps_4q": 4.77,
            "eps_4q_growth_year": 3.52,
            "roe": 3.41,
            "roe_4q": 24.88,
            "gross_profit": 10604000,
            "gross_margin": 67.78,
            "gross_margin_4q_avg": 69.49,
            "net_income": 1942000,
            "net_income_4q": null,
            "revenue": 15644000,
            "revenue_4q": null,
            "common_shares": 3120000,
            "book_valuer_per_share": 8.97,
            "book_valuer_per_share_4q_avg": 8.39,
            "equity": 56579000,
            "current_ratio": 205.04,
            "debt_ratio": 45.02,
            "inventory_turnover_ratio": 0.93,
            "account_receivable_turnover_ratio": 1.56,
            "reinvestment_rate": 2.77,
            "research_to_sale_ratio": 12.67,
            "price_fair": 115.04,
            "eps_avg_yearly": 4.53,
            "eps_latest_yearly": 4.16,
            "eps_growth_yearly": 15.42
        },
        "20111": {
            "year_quarter": 20111,
            "year": 2011,
            "quarter": 1,
            "eps": 1.37,
            "eps_growth_year": -8.72,
            "eps_4q": 4.64,
            "eps_4q_growth_year": -4.42,
            "roe": 5.97,
            "roe_4q": 22.099999999999998,
            "gross_profit": 11395000,
            "gross_margin": 70.46,
            "gross_margin_4q_avg": 69.35,
            "net_income": 3476000,
            "net_income_4q": null,
            "revenue": 16173000,
            "revenue_4q": null,
            "common_shares": 3120000,
            "book_valuer_per_share": 9.15,
            "book_valuer_per_share_4q_avg": 8.77,
            "equity": 59863000,
            "current_ratio": 204.99,
            "debt_ratio": 44.65,
            "inventory_turnover_ratio": 0.83,
            "account_receivable_turnover_ratio": 1.57,
            "reinvestment_rate": 3.36,
            "research_to_sale_ratio": 10.75,
            "price_fair": 107.19,
            "eps_avg_yearly": 4.58,
            "eps_latest_yearly": 5.48,
            "eps_growth_yearly": 13.42
        },
        "20112": {
            "year_quarter": 20112,
            "year": 2011,
            "quarter": 2,
            "eps": 1.29,
            "eps_growth_year": 13.96,
            "eps_4q": 4.79,
            "eps_4q_growth_year": -0.69,
            "roe": 4.55,
            "roe_4q": 20.13,
            "gross_profit": 11512000,
            "gross_margin": 69.36,
            "gross_margin_4q_avg": 69.24,
            "net_income": 2776000,
            "net_income_4q": null,
            "revenue": 16597000,
            "revenue_4q": null,
            "common_shares": 3120000,
            "book_valuer_per_share": 10.04,
            "book_valuer_per_share_4q_avg": 9.3,
            "equity": 62132000,
            "current_ratio": 251,
            "debt_ratio": 44.58,
            "inventory_turnover_ratio": 0.81,
            "account_receivable_turnover_ratio": 1.52,
            "reinvestment_rate": 2.72,
            "research_to_sale_ratio": 11.34,
            "price_fair": 112.82,
            "eps_avg_yearly": 4.64,
            "eps_latest_yearly": 5.16,
            "eps_growth_yearly": 14.33
        },
        "20113": {
            "year_quarter": 20113,
            "year": 2011,
            "quarter": 3,
            "eps": 1.08,
            "eps_growth_year": -1.55,
            "eps_4q": 4.78,
            "eps_4q_growth_year": 1.09,
            "roe": 5.18,
            "roe_4q": 19.11,
            "gross_profit": 10933000,
            "gross_margin": 68.31,
            "gross_margin_4q_avg": 68.98,
            "net_income": 3202000,
            "net_income_4q": null,
            "revenue": 16005000,
            "revenue_4q": null,
            "common_shares": 3120000,
            "book_valuer_per_share": 9.97,
            "book_valuer_per_share_4q_avg": 9.53,
            "equity": 61527000,
            "current_ratio": 246.44,
            "debt_ratio": 44.98,
            "inventory_turnover_ratio": 0.79,
            "account_receivable_turnover_ratio": 1.49,
            "reinvestment_rate": 0.89,
            "research_to_sale_ratio": 11.08,
            "price_fair": 91.78,
            "eps_avg_yearly": 4.64,
            "eps_latest_yearly": 4.32,
            "eps_growth_yearly": 9.78
        },
        "20114": {
            "year_quarter": 20114,
            "year": 2011,
            "quarter": 4,
            "eps": 0.05,
            "eps_growth_year": -95.6,
            "eps_4q": 3.78,
            "eps_4q_growth_year": -20.63,
            "roe": 0.38,
            "roe_4q": 16.08,
            "gross_profit": 10830000,
            "gross_margin": 66.63,
            "gross_margin_4q_avg": 68.69,
            "net_income": 225000,
            "net_income_4q": null,
            "revenue": 16255000,
            "revenue_4q": null,
            "common_shares": 3120000,
            "book_valuer_per_share": 8.37,
            "book_valuer_per_share_4q_avg": 9.38,
            "equity": 57080000,
            "current_ratio": 238.11,
            "debt_ratio": 49.77,
            "inventory_turnover_ratio": 0.85,
            "account_receivable_turnover_ratio": 1.54,
            "reinvestment_rate": 0.52,
            "research_to_sale_ratio": 13.26,
            "price_fair": 13.34,
            "eps_avg_yearly": 4.45,
            "eps_latest_yearly": 0.2,
            "eps_growth_yearly": -8.22
        },
        "20121": {
            "year_quarter": 20121,
            "year": 2012,
            "quarter": 1,
            "eps": 1.38,
            "eps_growth_year": 0.36,
            "eps_4q": 3.79,
            "eps_4q_growth_year": -18.28,
            "roe": 6.6,
            "roe_4q": 16.71,
            "gross_profit": 11224000,
            "gross_margin": 69.55,
            "gross_margin_4q_avg": 68.46,
            "net_income": 3910000,
            "net_income_4q": null,
            "revenue": 16139000,
            "revenue_4q": null,
            "common_shares": 3120000,
            "book_valuer_per_share": 9.79,
            "book_valuer_per_share_4q_avg": 9.54,
            "equity": 61366000,
            "current_ratio": 268.93,
            "debt_ratio": 47.19,
            "inventory_turnover_ratio": 0.75,
            "account_receivable_turnover_ratio": 1.5,
            "reinvestment_rate": 0.4,
            "research_to_sale_ratio": 10.19,
            "price_fair": 156.8,
            "eps_avg_yearly": 4.48,
            "eps_latest_yearly": 5.52,
            "eps_growth_yearly": 643.67
        },
        "20122": {
            "year_quarter": 20122,
            "year": 2012,
            "quarter": 2,
            "eps": 1.2,
            "eps_growth_year": -7.08,
            "eps_4q": 3.7,
            "eps_4q_growth_year": -22.87,
            "roe": 2.31,
            "roe_4q": 14.47,
            "gross_profit": 11332000,
            "gross_margin": 68.78,
            "gross_margin_4q_avg": 68.32,
            "net_income": 1408000,
            "net_income_4q": null,
            "revenue": 16475000,
            "revenue_4q": null,
            "common_shares": 3120000,
            "book_valuer_per_share": 3.57,
            "book_valuer_per_share_4q_avg": 7.93,
            "equity": 60434000,
            "current_ratio": 174.5,
            "debt_ratio": 47.79,
            "inventory_turnover_ratio": 0.71,
            "account_receivable_turnover_ratio": 1.5,
            "reinvestment_rate": 2.71,
            "research_to_sale_ratio": 10.72,
            "price_fair": 156.98,
            "eps_avg_yearly": 4.49,
            "eps_latest_yearly": 4.8,
            "eps_growth_yearly": 641.81
        },
        "20123": {
            "year_quarter": 20123,
            "year": 2012,
            "quarter": 3,
            "eps": 1.36,
            "eps_growth_year": 25.96,
            "eps_4q": 3.98,
            "eps_4q_growth_year": -16.73,
            "roe": 4.23,
            "roe_4q": 13.520000000000001,
            "gross_profit": 11455000,
            "gross_margin": 67.18,
            "gross_margin_4q_avg": 68.04,
            "net_income": 2629000,
            "net_income_4q": null,
            "revenue": 17052000,
            "revenue_4q": null,
            "common_shares": 3120000,
            "book_valuer_per_share": 4.78,
            "book_valuer_per_share_4q_avg": 6.63,
            "equity": 63761000,
            "current_ratio": 187.14,
            "debt_ratio": 46.4,
            "inventory_turnover_ratio": 0.72,
            "account_receivable_turnover_ratio": 1.54,
            "reinvestment_rate": 3.24,
            "research_to_sale_ratio": 11.28,
            "price_fair": 158.64,
            "eps_avg_yearly": 4.53,
            "eps_latest_yearly": 5.44,
            "eps_growth_yearly": 645.35
        },
        "20124": {
            "year_quarter": 20124,
            "year": 2012,
            "quarter": 4,
            "eps": 0.92,
            "eps_growth_year": 1904.46,
            "eps_4q": 4.85,
            "eps_4q_growth_year": 28.15,
            "roe": 3.99,
            "roe_4q": 17.130000000000003,
            "gross_profit": 11555000,
            "gross_margin": 65.81,
            "gross_margin_4q_avg": 67.83,
            "net_income": 2567000,
            "net_income_4q": null,
            "revenue": 17558000,
            "revenue_4q": null,
            "common_shares": 3120000,
            "book_valuer_per_share": 4.91,
            "book_valuer_per_share_4q_avg": 5.76,
            "equity": 64826000,
            "current_ratio": 190.08,
            "debt_ratio": 46.58,
            "inventory_turnover_ratio": 0.78,
            "account_receivable_turnover_ratio": 1.56,
            "reinvestment_rate": 4.02,
            "research_to_sale_ratio": 13.28,
            "price_fair": 157.76,
            "eps_avg_yearly": 4.51,
            "eps_latest_yearly": 3.68,
            "eps_growth_yearly": 640.47
        },
        "20131": {
            "year_quarter": 20131,
            "year": 2013,
            "quarter": 1,
            "eps": 1.48,
            "eps_growth_year": 7.19,
            "eps_4q": 4.95,
            "eps_4q_growth_year": 30.6,
            "roe": 5.31,
            "roe_4q": 15.840000000000002,
            "gross_profit": 11951000,
            "gross_margin": 68.27,
            "gross_margin_4q_avg": 67.51,
            "net_income": 3497000,
            "net_income_4q": null,
            "revenue": 17505000,
            "revenue_4q": null,
            "common_shares": 3120000,
            "book_valuer_per_share": 5.89,
            "book_valuer_per_share_4q_avg": 4.79,
            "equity": 66855000,
            "current_ratio": 209.68,
            "debt_ratio": 44.99,
            "inventory_turnover_ratio": 0.73,
            "account_receivable_turnover_ratio": 1.53,
            "reinvestment_rate": 2.64,
            "research_to_sale_ratio": 10.17,
            "price_fair": 159.69,
            "eps_avg_yearly": 4.56,
            "eps_latest_yearly": 5.92,
            "eps_growth_yearly": 649.81
        },
        "20132": {
            "year_quarter": 20132,
            "year": 2013,
            "quarter": 2,
            "eps": 1.48,
            "eps_growth_year": 23.86,
            "eps_4q": 5.23,
            "eps_4q_growth_year": 41.54,
            "roe": 5.62,
            "roe_4q": 19.15,
            "gross_profit": 12388000,
            "gross_margin": 69.3,
            "gross_margin_4q_avg": 67.64,
            "net_income": 3833000,
            "net_income_4q": null,
            "revenue": 17877000,
            "revenue_4q": null,
            "common_shares": 3120000,
            "book_valuer_per_share": 6.97,
            "book_valuer_per_share_4q_avg": 5.64,
            "equity": 69665000,
            "current_ratio": 215.73,
            "debt_ratio": 43.97,
            "inventory_turnover_ratio": 0.71,
            "account_receivable_turnover_ratio": 1.55,
            "reinvestment_rate": 2.08,
            "research_to_sale_ratio": 10.89,
            "price_fair": 162.58,
            "eps_avg_yearly": 4.65,
            "eps_latest_yearly": 5.92,
            "eps_growth_yearly": 651.99
        },
        "20133": {
            "year_quarter": 20133,
            "year": 2013,
            "quarter": 3,
            "eps": 1.39,
            "eps_growth_year": 2.05,
            "eps_4q": 5.26,
            "eps_4q_growth_year": 32.27,
            "roe": 4.28,
            "roe_4q": 19.200000000000003,
            "gross_profit": 12231000,
            "gross_margin": 69.59,
            "gross_margin_4q_avg": 68.24,
            "net_income": 2982000,
            "net_income_4q": null,
            "revenue": 17575000,
            "revenue_4q": null,
            "common_shares": 3120000,
            "book_valuer_per_share": 6.55,
            "book_valuer_per_share_4q_avg": 6.08,
            "equity": 69804000,
            "current_ratio": 201.96,
            "debt_ratio": 45.01,
            "inventory_turnover_ratio": 0.67,
            "account_receivable_turnover_ratio": 1.49,
            "reinvestment_rate": 2.99,
            "research_to_sale_ratio": 11.62,
            "price_fair": 164.24,
            "eps_avg_yearly": 4.69,
            "eps_latest_yearly": 5.56,
            "eps_growth_yearly": 649.38
        },
        "20134": {
            "year_quarter": 20134,
            "year": 2013,
            "quarter": 4,
            "eps": 1.53,
            "eps_growth_year": 66.62,
            "eps_4q": 5.87,
            "eps_4q_growth_year": 21.1,
            "roe": 4.89,
            "roe_4q": 20.099999999999998,
            "gross_profit": 12400000,
            "gross_margin": 67.56,
            "gross_margin_4q_avg": 68.68,
            "net_income": 3519000,
            "net_income_4q": null,
            "revenue": 18355000,
            "revenue_4q": null,
            "common_shares": 3120000,
            "book_valuer_per_share": 8.26,
            "book_valuer_per_share_4q_avg": 6.92,
            "equity": 74053000,
            "current_ratio": 219.7,
            "debt_ratio": 44.19,
            "inventory_turnover_ratio": 0.74,
            "account_receivable_turnover_ratio": 1.55,
            "reinvestment_rate": 5.17,
            "research_to_sale_ratio": 13.17,
            "price_fair": 168.88,
            "eps_avg_yearly": 4.83,
            "eps_latest_yearly": 6.12,
            "eps_growth_yearly": 656.07
        },
        "20141": {
            "year_quarter": 20141,
            "year": 2014,
            "quarter": 1,
            "eps": 1.69,
            "eps_growth_year": 14.31,
            "eps_4q": 6.08,
            "eps_4q_growth_year": 22.95,
            "roe": 6.28,
            "roe_4q": 21.07,
            "gross_profit": 12660000,
            "gross_margin": 69.89,
            "gross_margin_4q_avg": 69.09,
            "net_income": 4727000,
            "net_income_4q": null,
            "revenue": 18115000,
            "revenue_4q": null,
            "common_shares": 3120000,
            "book_valuer_per_share": 9.46,
            "book_valuer_per_share_4q_avg": 7.81,
            "equity": 76582000,
            "current_ratio": 240.64,
            "debt_ratio": 42.56,
            "inventory_turnover_ratio": 0.69,
            "account_receivable_turnover_ratio": 1.52,
            "reinvestment_rate": 4.48,
            "research_to_sale_ratio": 10.1,
            "price_fair": 170.54,
            "eps_avg_yearly": 4.87,
            "eps_latest_yearly": 6.76,
            "eps_growth_yearly": 646.18
        },
        "20142": {
            "year_quarter": 20142,
            "year": 2014,
            "quarter": 2,
            "eps": 1.65,
            "eps_growth_year": 11.56,
            "eps_4q": 6.25,
            "eps_4q_growth_year": 19.51,
            "roe": 5.6,
            "roe_4q": 21.05,
            "gross_profit": 13456000,
            "gross_margin": 69.02,
            "gross_margin_4q_avg": 69.02,
            "net_income": 4326000,
            "net_income_4q": null,
            "revenue": 19495000,
            "revenue_4q": null,
            "common_shares": 3120000,
            "book_valuer_per_share": 10.25,
            "book_valuer_per_share_4q_avg": 8.63,
            "equity": 78048000,
            "current_ratio": 246.8,
            "debt_ratio": 42.27,
            "inventory_turnover_ratio": 0.75,
            "account_receivable_turnover_ratio": 1.6,
            "reinvestment_rate": 3.73,
            "research_to_sale_ratio": 10.28,
            "price_fair": 175.09,
            "eps_avg_yearly": 5,
            "eps_latest_yearly": 6.6,
            "eps_growth_yearly": 651.76
        },
        "20143": {
            "year_quarter": 20143,
            "year": 2014,
            "quarter": 3,
            "eps": 2,
            "eps_growth_year": 43.83,
            "eps_4q": 6.86,
            "eps_4q_growth_year": 30.44,
            "roe": 6.14,
            "roe_4q": 22.91,
            "gross_profit": 13068000,
            "gross_margin": 70.76,
            "gross_margin_4q_avg": 69.31,
            "net_income": 4749000,
            "net_income_4q": null,
            "revenue": 18467000,
            "revenue_4q": null,
            "common_shares": 3120000,
            "book_valuer_per_share": 10.22,
            "book_valuer_per_share_4q_avg": 9.55,
            "equity": 76591000,
            "current_ratio": 260.96,
            "debt_ratio": 42.02,
            "inventory_turnover_ratio": 0.65,
            "account_receivable_turnover_ratio": 1.55,
            "reinvestment_rate": 2.53,
            "research_to_sale_ratio": 10.95,
            "price_fair": 182.96,
            "eps_avg_yearly": 5.23,
            "eps_latest_yearly": 8,
            "eps_growth_yearly": 657.72
        },
        "20144": {
            "year_quarter": 20144,
            "year": 2014,
            "quarter": 4,
            "eps": 0.97,
            "eps_growth_year": -36.81,
            "eps_4q": 6.3,
            "eps_4q_growth_year": 7.29,
            "roe": 3.45,
            "roe_4q": 21.47,
            "gross_profit": 12401000,
            "gross_margin": 67.94,
            "gross_margin_4q_avg": 69.4,
            "net_income": 2521000,
            "net_income_4q": null,
            "revenue": 18254000,
            "revenue_4q": null,
            "common_shares": 3120000,
            "book_valuer_per_share": 7.44,
            "book_valuer_per_share_4q_avg": 9.34,
            "equity": 69752000,
            "current_ratio": 236.44,
            "debt_ratio": 46.8,
            "inventory_turnover_ratio": 0.71,
            "account_receivable_turnover_ratio": 1.62,
            "reinvestment_rate": 2.08,
            "research_to_sale_ratio": 14.44,
            "price_fair": 182.35,
            "eps_avg_yearly": 5.21,
            "eps_latest_yearly": 3.88,
            "eps_growth_yearly": 646.21
        },
        "20151": {
            "year_quarter": 20151,
            "year": 2015,
            "quarter": 1,
            "eps": 1.38,
            "eps_growth_year": -18.15,
            "eps_4q": 5.99,
            "eps_4q_growth_year": -1.47,
            "roe": 6.28,
            "roe_4q": 21.47,
            "gross_profit": 12092000,
            "gross_margin": 69.6,
            "gross_margin_4q_avg": 69.33,
            "net_income": 4320000,
            "net_income_4q": null,
            "revenue": 17374000,
            "revenue_4q": null,
            "common_shares": 3120000,
            "book_valuer_per_share": 7.03,
            "book_valuer_per_share_4q_avg": 8.74,
            "equity": 67878000,
            "current_ratio": 244.13,
            "debt_ratio": 47.21,
            "inventory_turnover_ratio": 0.65,
            "account_receivable_turnover_ratio": 1.54,
            "reinvestment_rate": 0.77,
            "research_to_sale_ratio": 10.93,
            "price_fair": 182.44,
            "eps_avg_yearly": 5.21,
            "eps_latest_yearly": 5.52,
            "eps_growth_yearly": 648.84
        },
        "20152": {
            "year_quarter": 20152,
            "year": 2015,
            "quarter": 2,
            "eps": 1.61,
            "eps_growth_year": -2.82,
            "eps_4q": 5.95,
            "eps_4q_growth_year": -4.91,
            "roe": 6.5,
            "roe_4q": 22.37,
            "gross_profit": 12430000,
            "gross_margin": 69.88,
            "gross_margin_4q_avg": 69.55,
            "net_income": 4516000,
            "net_income_4q": null,
            "revenue": 17787000,
            "revenue_4q": null,
            "common_shares": 3120000,
            "book_valuer_per_share": 8.17,
            "book_valuer_per_share_4q_avg": 8.22,
            "equity": 71131000,
            "current_ratio": 248.86,
            "debt_ratio": 46.13,
            "inventory_turnover_ratio": 0.65,
            "account_receivable_turnover_ratio": 1.51,
            "reinvestment_rate": 1.8,
            "research_to_sale_ratio": 11.97,
            "price_fair": 185.24,
            "eps_avg_yearly": 5.29,
            "eps_latest_yearly": 6.44,
            "eps_growth_yearly": 654.47
        },
        "20153": {
            "year_quarter": 20153,
            "year": 2015,
            "quarter": 3,
            "eps": 1.2,
            "eps_growth_year": -39.87,
            "eps_4q": 5.15,
            "eps_4q_growth_year": -24.93,
            "roe": 4.71,
            "roe_4q": 20.94,
            "gross_profit": 11878000,
            "gross_margin": 69.45,
            "gross_margin_4q_avg": 69.22,
            "net_income": 3358000,
            "net_income_4q": null,
            "revenue": 17102000,
            "revenue_4q": null,
            "common_shares": 3120000,
            "book_valuer_per_share": 8.78,
            "book_valuer_per_share_4q_avg": 7.86,
            "equity": 71554000,
            "current_ratio": 251.36,
            "debt_ratio": 46.31,
            "inventory_turnover_ratio": 0.63,
            "account_receivable_turnover_ratio": 1.47,
            "reinvestment_rate": 1.54,
            "research_to_sale_ratio": 12.6,
            "price_fair": 186.29,
            "eps_avg_yearly": 5.32,
            "eps_latest_yearly": 4.8,
            "eps_growth_yearly": 652.17
        },
        "20154": {
            "year_quarter": 20154,
            "year": 2015,
            "quarter": 4,
            "eps": 1.38,
            "eps_growth_year": 43.09,
            "eps_4q": 5.57,
            "eps_4q_growth_year": -11.62,
            "roe": 4.51,
            "roe_4q": 22,
            "gross_profit": 12138000,
            "gross_margin": 68.15,
            "gross_margin_4q_avg": 69.27,
            "net_income": 3215000,
            "net_income_4q": null,
            "revenue": 17811000,
            "revenue_4q": null,
            "common_shares": 3120000,
            "book_valuer_per_share": 8.62,
            "book_valuer_per_share_4q_avg": 8.15,
            "equity": 71150000,
            "current_ratio": 217,
            "debt_ratio": 46.67,
            "inventory_turnover_ratio": 0.7,
            "account_receivable_turnover_ratio": 1.61,
            "reinvestment_rate": 1.94,
            "research_to_sale_ratio": 16.09,
            "price_fair": 197.93,
            "eps_avg_yearly": 5.66,
            "eps_latest_yearly": 5.52,
            "eps_growth_yearly": 679.77
        },
        "20161": {
            "year_quarter": 20161,
            "year": 2016,
            "quarter": 1,
            "eps": 1.66,
            "eps_growth_year": 20.45,
            "eps_4q": 5.85,
            "eps_4q_growth_year": -2.4,
            "roe": 6.2,
            "roe_4q": 21.92,
            "gross_profit": 12170000,
            "gross_margin": 69.61,
            "gross_margin_4q_avg": 69.27,
            "net_income": 4457000,
            "net_income_4q": null,
            "revenue": 17482000,
            "revenue_4q": null,
            "common_shares": 3120000,
            "book_valuer_per_share": 9.07,
            "book_valuer_per_share_4q_avg": 8.66,
            "equity": 72647000,
            "current_ratio": 283.45,
            "debt_ratio": 46.67,
            "inventory_turnover_ratio": 0.65,
            "account_receivable_turnover_ratio": 1.58,
            "reinvestment_rate": 0.61,
            "research_to_sale_ratio": 11.51,
            "price_fair": 170.83,
            "eps_avg_yearly": 5.73,
            "eps_latest_yearly": 6.64,
            "eps_growth_yearly": 19.84
        },
        "20162": {
            "year_quarter": 20162,
            "year": 2016,
            "quarter": 2,
            "eps": 1.65,
            "eps_growth_year": 2.63,
            "eps_4q": 5.89,
            "eps_4q_growth_year": -0.92,
            "roe": 5.51,
            "roe_4q": 20.93,
            "gross_profit": 13153000,
            "gross_margin": 71.17,
            "gross_margin_4q_avg": 69.6,
            "net_income": 3997000,
            "net_income_4q": null,
            "revenue": 18482000,
            "revenue_4q": null,
            "common_shares": 3120000,
            "book_valuer_per_share": 9.01,
            "book_valuer_per_share_4q_avg": 8.87,
            "equity": 72473000,
            "current_ratio": 307.81,
            "debt_ratio": 48.16,
            "inventory_turnover_ratio": 0.64,
            "account_receivable_turnover_ratio": 1.58,
            "reinvestment_rate": 0.22,
            "research_to_sale_ratio": 12.24,
            "price_fair": 192.35,
            "eps_avg_yearly": 5.84,
            "eps_latest_yearly": 6.6,
            "eps_growth_yearly": 22.95
        },
        "20163": {
            "year_quarter": 20163,
            "year": 2016,
            "quarter": 3,
            "eps": 1.58,
            "eps_growth_year": 31.8,
            "eps_4q": 6.27,
            "eps_4q_growth_year": 21.78,
            "roe": 5.88,
            "roe_4q": 22.1,
            "gross_profit": 12337000,
            "gross_margin": 69.23,
            "gross_margin_4q_avg": 69.54,
            "net_income": 4272000,
            "net_income_4q": null,
            "revenue": 17820000,
            "revenue_4q": null,
            "common_shares": 3120000,
            "book_valuer_per_share": 8.06,
            "book_valuer_per_share_4q_avg": 8.69,
            "equity": 72769000,
            "current_ratio": 272.57,
            "debt_ratio": 48.16,
            "inventory_turnover_ratio": 0.64,
            "account_receivable_turnover_ratio": 1.49,
            "reinvestment_rate": -0,
            "research_to_sale_ratio": 12.23,
            "price_fair": 168.27,
            "eps_avg_yearly": 5.89,
            "eps_latest_yearly": 6.32,
            "eps_growth_yearly": 18.56
        },
        "20164": {
            "year_quarter": 20164,
            "year": 2016,
            "quarter": 4,
            "eps": 1.5,
            "eps_growth_year": 8.43,
            "eps_4q": 6.39,
            "eps_4q_growth_year": 14.77,
            "roe": 5.33,
            "roe_4q": 22.919999999999998,
            "gross_profit": 12590000,
            "gross_margin": 69.53,
            "gross_margin_4q_avg": 69.89,
            "net_income": 3814000,
            "net_income_4q": null,
            "revenue": 18106000,
            "revenue_4q": null,
            "common_shares": 3120000,
            "book_valuer_per_share": 7.66,
            "book_valuer_per_share_4q_avg": 8.45,
            "equity": 70418000,
            "current_ratio": 247.39,
            "debt_ratio": 50.13,
            "inventory_turnover_ratio": 0.66,
            "account_receivable_turnover_ratio": 1.54,
            "reinvestment_rate": 0.31,
            "research_to_sale_ratio": 14.58,
            "price_fair": 211.31,
            "eps_avg_yearly": 6.04,
            "eps_latest_yearly": 6,
            "eps_growth_yearly": 25.38
        },
        "20171": {
            "year_quarter": 20171,
            "year": 2017,
            "quarter": 1,
            "eps": 1.63,
            "eps_growth_year": -1.97,
            "eps_4q": 6.36,
            "eps_4q_growth_year": 8.68,
            "roe": 6.28,
            "roe_4q": 23,
            "gross_profit": 12357000,
            "gross_margin": 69.55,
            "gross_margin_4q_avg": 69.87,
            "net_income": 4422000,
            "net_income_4q": null,
            "revenue": 17766000,
            "revenue_4q": null,
            "common_shares": 3120000,
            "book_valuer_per_share": 5.95,
            "book_valuer_per_share_4q_avg": 7.67,
            "equity": 70341000,
            "current_ratio": 252.19,
            "debt_ratio": 51.46,
            "inventory_turnover_ratio": 0.64,
            "account_receivable_turnover_ratio": 1.48,
            "reinvestment_rate": 0.63,
            "research_to_sale_ratio": 11.68,
            "price_fair": 135.64,
            "eps_avg_yearly": 6.08,
            "eps_latest_yearly": 6.52,
            "eps_growth_yearly": 12.33
        },
        "20172": {
            "year_quarter": 20172,
            "year": 2017,
            "quarter": 2,
            "eps": 1.63,
            "eps_growth_year": -0.84,
            "eps_4q": 6.34,
            "eps_4q_growth_year": 7.66,
            "roe": 5.38,
            "roe_4q": 22.87,
            "gross_profit": 12993000,
            "gross_margin": 68.97,
            "gross_margin_4q_avg": 69.32,
            "net_income": 3827000,
            "net_income_4q": null,
            "revenue": 18839000,
            "revenue_4q": null,
            "common_shares": 3120000,
            "book_valuer_per_share": -5.31,
            "book_valuer_per_share_4q_avg": 4.09,
            "equity": 71922000,
            "current_ratio": 134.35,
            "debt_ratio": 52.93,
            "inventory_turnover_ratio": 0.63,
            "account_receivable_turnover_ratio": 1.47,
            "reinvestment_rate": 0.53,
            "research_to_sale_ratio": 12.19,
            "price_fair": 136.48,
            "eps_avg_yearly": 6.11,
            "eps_latest_yearly": 6.52,
            "eps_growth_yearly": 12.33
        },
        "20173": {
            "year_quarter": 20173,
            "year": 2017,
            "quarter": 3,
            "eps": 1.54,
            "eps_growth_year": -2.73,
            "eps_4q": 6.3,
            "eps_4q_growth_year": 0.43,
            "roe": 5.16,
            "roe_4q": 22.15,
            "gross_profit": 12725000,
            "gross_margin": 64.76,
            "gross_margin_4q_avg": 68.2,
            "net_income": 3764000,
            "net_income_4q": null,
            "revenue": 19650000,
            "revenue_4q": null,
            "common_shares": 3120000,
            "book_valuer_per_share": -4.43,
            "book_valuer_per_share_4q_avg": 0.97,
            "equity": 73979000,
            "current_ratio": 131.51,
            "debt_ratio": 52.47,
            "inventory_turnover_ratio": 0.72,
            "account_receivable_turnover_ratio": 1.49,
            "reinvestment_rate": -0.13,
            "research_to_sale_ratio": 13.16,
            "price_fair": 138.18,
            "eps_avg_yearly": 6.15,
            "eps_latest_yearly": 6.16,
            "eps_growth_yearly": 12.47
        },
        "20174": {
            "year_quarter": 20174,
            "year": 2017,
            "quarter": 4,
            "eps": 1.5,
            "eps_growth_year": 0.22,
            "eps_4q": 6.3,
            "eps_4q_growth_year": -1.35,
            "roe": 3.41,
            "roe_4q": 20.23,
            "gross_profit": 13024000,
            "gross_margin": 64.49,
            "gross_margin_4q_avg": 66.94,
            "net_income": 2287000,
            "net_income_4q": null,
            "revenue": 20195000,
            "revenue_4q": null,
            "common_shares": 3120000,
            "book_valuer_per_share": -9.31,
            "book_valuer_per_share_4q_avg": -3.28,
            "equity": 60160000,
            "current_ratio": 141.1,
            "debt_ratio": 61.76,
            "inventory_turnover_ratio": 0.78,
            "account_receivable_turnover_ratio": 1.52,
            "reinvestment_rate": 1.61,
            "research_to_sale_ratio": 18.04,
            "price_fair": 118.55,
            "eps_avg_yearly": 6.14,
            "eps_latest_yearly": 6,
            "eps_growth_yearly": 9.3
        },
        "20181": {
            "year_quarter": 20181,
            "year": 2018,
            "quarter": 1,
            "eps": 1.66,
            "eps_growth_year": 1.78,
            "eps_4q": 6.33,
            "eps_4q_growth_year": -0.39,
            "roe": 7.08,
            "roe_4q": 21.03,
            "gross_profit": 13401000,
            "gross_margin": 66.97,
            "gross_margin_4q_avg": 66.3,
            "net_income": 4367000,
            "net_income_4q": null,
            "revenue": 20009000,
            "revenue_4q": null,
            "common_shares": 3120000,
            "book_valuer_per_share": -7.55,
            "book_valuer_per_share_4q_avg": -6.65,
            "equity": 63255000,
            "current_ratio": 157.93,
            "debt_ratio": 59.61,
            "inventory_turnover_ratio": 0.74,
            "account_receivable_turnover_ratio": 1.45,
            "reinvestment_rate": 2.6,
            "research_to_sale_ratio": 12.01,
            "price_fair": 118.73,
            "eps_avg_yearly": 6.14,
            "eps_latest_yearly": 6.64,
            "eps_growth_yearly": 9.35
        },
        "20182": {
            "year_quarter": 20182,
            "year": 2018,
            "quarter": 2,
            "eps": 1.74,
            "eps_growth_year": 6.35,
            "eps_4q": 6.44,
            "eps_4q_growth_year": 1.47,
            "roe": 6.27,
            "roe_4q": 21.919999999999998,
            "gross_profit": 13947000,
            "gross_margin": 66.96,
            "gross_margin_4q_avg": 65.8,
            "net_income": 3954000,
            "net_income_4q": null,
            "revenue": 20830000,
            "revenue_4q": null,
            "common_shares": 3120000,
            "book_valuer_per_share": -6.53,
            "book_valuer_per_share_4q_avg": -6.96,
            "equity": 62889000,
            "current_ratio": 165.3,
            "debt_ratio": 59.52,
            "inventory_turnover_ratio": 0.77,
            "account_receivable_turnover_ratio": 1.47,
            "reinvestment_rate": 2.47,
            "research_to_sale_ratio": 12.67,
            "price_fair": 130.23,
            "eps_avg_yearly": 6.16,
            "eps_latest_yearly": 6.96,
            "eps_growth_yearly": 11.15
        },
        "20183": {
            "year_quarter": 20183,
            "year": 2018,
            "quarter": 3,
            "eps": 1.92,
            "eps_growth_year": 24.63,
            "eps_4q": 6.82,
            "eps_4q_growth_year": 8.17,
            "roe": 6.17,
            "roe_4q": 22.93,
            "gross_profit": 13782000,
            "gross_margin": 67.73,
            "gross_margin_4q_avg": 66.54,
            "net_income": 3934000,
            "net_income_4q": null,
            "revenue": 20348000,
            "revenue_4q": null,
            "common_shares": 3120000,
            "book_valuer_per_share": -5.48,
            "book_valuer_per_share_4q_avg": -7.22,
            "equity": 64626000,
            "current_ratio": 172.01,
            "debt_ratio": 58.49,
            "inventory_turnover_ratio": 0.75,
            "account_receivable_turnover_ratio": 1.45,
            "reinvestment_rate": 1.97,
            "research_to_sale_ratio": 12.33,
            "price_fair": 113.13,
            "eps_avg_yearly": 6.14,
            "eps_latest_yearly": 7.68,
            "eps_growth_yearly": 8.43
        },
        "20184": {
            "year_quarter": 20184,
            "year": 2018,
            "quarter": 4,
            "eps": 1.66,
            "eps_growth_year": 10.69,
            "eps_4q": 6.98,
            "eps_4q_growth_year": 10.66,
            "roe": 4.89,
            "roe_4q": 24.409999999999997,
            "gross_profit": 13465000,
            "gross_margin": 66.02,
            "gross_margin_4q_avg": 66.92,
            "net_income": 3042000,
            "net_income_4q": null,
            "revenue": 20394000,
            "revenue_4q": null,
            "common_shares": 3120000,
            "book_valuer_per_share": -6.88,
            "book_valuer_per_share_4q_avg": -6.61,
            "equity": 59752000,
            "current_ratio": 147.4,
            "debt_ratio": 60.93,
            "inventory_turnover_ratio": 0.8,
            "account_receivable_turnover_ratio": 1.45,
            "reinvestment_rate": 3.55,
            "research_to_sale_ratio": 15.81,
            "price_fair": 176.19,
            "eps_avg_yearly": 6.31,
            "eps_latest_yearly": 6.64,
            "eps_growth_yearly": 17.92
        },
        "20191": {
            "year_quarter": 20191,
            "year": 2019,
            "quarter": 1,
            "eps": 1.87,
            "eps_growth_year": 12.9,
            "eps_4q": 7.19,
            "eps_4q_growth_year": 13.53,
            "roe": 6.32,
            "roe_4q": 23.650000000000002,
            "gross_profit": 13429000,
            "gross_margin": 67.07,
            "gross_margin_4q_avg": 66.95,
            "net_income": 3749000,
            "net_income_4q": null,
            "revenue": 20021000,
            "revenue_4q": null,
            "common_shares": 3120000,
            "book_valuer_per_share": -7.3,
            "book_valuer_per_share_4q_avg": -6.55,
            "equity": 58955000,
            "current_ratio": 144.23,
            "debt_ratio": 60.7,
            "inventory_turnover_ratio": 0.75,
            "account_receivable_turnover_ratio": 1.42,
            "reinvestment_rate": 5.13,
            "research_to_sale_ratio": 14.28,
            "price_fair": 131.98,
            "eps_avg_yearly": 6.43,
            "eps_latest_yearly": 7.48,
            "eps_growth_yearly": 10.52
        },
        "20192": {
            "year_quarter": 20192,
            "year": 2019,
            "quarter": 2,
            "eps": 1.68,
            "eps_growth_year": -3.27,
            "eps_4q": 7.13,
            "eps_4q_growth_year": 10.82,
            "roe": 9.37,
            "roe_4q": 26.75,
            "gross_profit": 13660000,
            "gross_margin": 66.43,
            "gross_margin_4q_avg": 66.81,
            "net_income": 5607000,
            "net_income_4q": null,
            "revenue": 20562000,
            "revenue_4q": null,
            "common_shares": 3120000,
            "book_valuer_per_share": -8.41,
            "book_valuer_per_share_4q_avg": -7.02,
            "equity": 60785000,
            "current_ratio": 133.32,
            "debt_ratio": 60.81,
            "inventory_turnover_ratio": 0.75,
            "account_receivable_turnover_ratio": 1.43,
            "reinvestment_rate": 5.86,
            "research_to_sale_ratio": 12.97,
            "price_fair": 89.08,
            "eps_avg_yearly": 6.45,
            "eps_latest_yearly": 6.72,
            "eps_growth_yearly": 3.81
        },
        "20193": {
            "year_quarter": 20193,
            "year": 2019,
            "quarter": 3,
            "eps": 1.66,
            "eps_growth_year": -13.33,
            "eps_4q": 6.88,
            "eps_4q_growth_year": 0.91,
            "roe": 2.95,
            "roe_4q": 23.53,
            "gross_profit": 13882000,
            "gross_margin": 66.97,
            "gross_margin_4q_avg": 66.62,
            "net_income": 1753000,
            "net_income_4q": null,
            "revenue": 20729000,
            "revenue_4q": null,
            "common_shares": 3120000,
            "book_valuer_per_share": -8.71,
            "book_valuer_per_share_4q_avg": -7.83,
            "equity": 58210000,
            "current_ratio": 126.08,
            "debt_ratio": 62.57,
            "inventory_turnover_ratio": 0.74,
            "account_receivable_turnover_ratio": 1.41,
            "reinvestment_rate": 4.91,
            "research_to_sale_ratio": 12.54,
            "price_fair": 130.51,
            "eps_avg_yearly": 6.57,
            "eps_latest_yearly": 6.64,
            "eps_growth_yearly": 9.88
        },
        "20194": {
            "year_quarter": 20194,
            "year": 2019,
            "quarter": 4,
            "eps": 2.43,
            "eps_growth_year": 46.02,
            "eps_4q": 7.64,
            "eps_4q_growth_year": 9.55,
            "roe": 6.82,
            "roe_4q": 25.46,
            "gross_profit": 13632000,
            "gross_margin": 65.71,
            "gross_margin_4q_avg": 66.55,
            "net_income": 4010000,
            "net_income_4q": null,
            "revenue": 20747000,
            "revenue_4q": null,
            "common_shares": 3120000,
            "book_valuer_per_share": -8.29,
            "book_valuer_per_share_4q_avg": -8.18,
            "equity": 59471000,
            "current_ratio": 125.89,
            "debt_ratio": 62.3,
            "inventory_turnover_ratio": 0.78,
            "account_receivable_turnover_ratio": 1.42,
            "reinvestment_rate": 6.2,
            "research_to_sale_ratio": 15.58,
            "price_fair": 189.3,
            "eps_avg_yearly": 6.83,
            "eps_latest_yearly": 9.72,
            "eps_growth_yearly": 17.73
        },
        "20201": {
            "year_quarter": 20201,
            "year": 2020,
            "quarter": 1,
            "eps": 1.81,
            "eps_growth_year": -3.33,
            "eps_4q": 7.58,
            "eps_4q_growth_year": 5.42,
            "roe": 9.1,
            "roe_4q": 28.240000000000002,
            "gross_profit": 13644000,
            "gross_margin": 65.94,
            "gross_margin_4q_avg": 66.26,
            "net_income": 5496000,
            "net_income_4q": null,
            "revenue": 20691000,
            "revenue_4q": null,
            "common_shares": 3120000,
            "book_valuer_per_share": -7.41,
            "book_valuer_per_share_4q_avg": -8.21,
            "equity": 61294000,
            "current_ratio": 131.28,
            "debt_ratio": 60.46,
            "inventory_turnover_ratio": 0.79,
            "account_receivable_turnover_ratio": 1.41,
            "reinvestment_rate": 3.62,
            "research_to_sale_ratio": 12.47,
            "price_fair": 111.73,
            "eps_avg_yearly": 6.87,
            "eps_latest_yearly": 7.24,
            "eps_growth_yearly": 6.27
        },
        "20202": {
            "year_quarter": 20202,
            "year": 2020,
            "quarter": 2,
            "eps": 1.61,
            "eps_growth_year": -4.27,
            "eps_4q": 7.51,
            "eps_4q_growth_year": 5.26,
            "roe": 5.84,
            "roe_4q": 24.709999999999997,
            "gross_profit": 11779000,
            "gross_margin": 64.24,
            "gross_margin_4q_avg": 65.72,
            "net_income": 3626000,
            "net_income_4q": null,
            "revenue": 18336000,
            "revenue_4q": null,
            "common_shares": 3120000,
            "book_valuer_per_share": -6.96,
            "book_valuer_per_share_4q_avg": -7.84,
            "equity": 62978000,
            "current_ratio": 124.8,
            "debt_ratio": 60.24,
            "inventory_turnover_ratio": 0.72,
            "account_receivable_turnover_ratio": 1.24,
            "reinvestment_rate": 4.83,
            "research_to_sale_ratio": 14.76,
            "price_fair": 93.66,
            "eps_avg_yearly": 6.86,
            "eps_latest_yearly": 6.44,
            "eps_growth_yearly": 3.66
        },
        "20203": {
            "year_quarter": 20203,
            "year": 2020,
            "quarter": 3,
            "eps": 1.88,
            "eps_growth_year": 12.92,
            "eps_4q": 7.72,
            "eps_4q_growth_year": 12.29,
            "roe": 5.58,
            "roe_4q": 27.34,
            "gross_profit": 14142000,
            "gross_margin": 67.08,
            "gross_margin_4q_avg": 65.74,
            "net_income": 3554000,
            "net_income_4q": null,
            "revenue": 21082000,
            "revenue_4q": null,
            "common_shares": 3120000,
            "book_valuer_per_share": -6.4,
            "book_valuer_per_share_4q_avg": -7.27,
            "equity": 64473000,
            "current_ratio": 148.22,
            "debt_ratio": 62.23,
            "inventory_turnover_ratio": 0.73,
            "account_receivable_turnover_ratio": 1.44,
            "reinvestment_rate": 5.04,
            "research_to_sale_ratio": 13.47,
            "price_fair": 131.09,
            "eps_avg_yearly": 6.93,
            "eps_latest_yearly": 7.52,
            "eps_growth_yearly": 8.92
        },
        "20204": {
            "year_quarter": 20204,
            "year": 2020,
            "quarter": 4,
            "eps": 1.42,
            "eps_growth_year": -41.67,
            "eps_4q": 6.71,
            "eps_4q_growth_year": -12.18,
            "roe": 2.72,
            "roe_4q": 23.240000000000002,
            "gross_profit": 14692000,
            "gross_margin": 65.37,
            "gross_margin_4q_avg": 65.66,
            "net_income": 1738000,
            "net_income_4q": null,
            "revenue": 22475000,
            "revenue_4q": null,
            "common_shares": 3120000,
            "book_valuer_per_share": -10.07,
            "book_valuer_per_share_4q_avg": -7.71,
            "equity": 63278000,
            "current_ratio": 120.58,
            "debt_ratio": 63.82,
            "inventory_turnover_ratio": 0.82,
            "account_receivable_turnover_ratio": 1.6,
            "reinvestment_rate": 8.55,
            "research_to_sale_ratio": 17.94,
            "price_fair": 97.19,
            "eps_avg_yearly": 6.91,
            "eps_latest_yearly": 5.68,
            "eps_growth_yearly": 4.07
        },
        "20211": {
            "year_quarter": 20211,
            "year": 2021,
            "quarter": 1,
            "eps": 2.15,
            "eps_growth_year": 18.88,
            "eps_4q": 7.05,
            "eps_4q_growth_year": -6.94,
            "roe": 9.6,
            "roe_4q": 23.74,
            "gross_profit": 15258000,
            "gross_margin": 68.36,
            "gross_margin_4q_avg": 66.26,
            "net_income": 6197000,
            "net_income_4q": null,
            "revenue": 22321000,
            "revenue_4q": null,
            "common_shares": 3120000,
            "book_valuer_per_share": -7.96,
            "book_valuer_per_share_4q_avg": -7.85,
            "equity": 65834000,
            "current_ratio": 128.34,
            "debt_ratio": 61.85,
            "inventory_turnover_ratio": 0.73,
            "account_receivable_turnover_ratio": 1.57,
            "reinvestment_rate": 5.52,
            "research_to_sale_ratio": 14.24,
            "price_fair": 174.24,
            "eps_avg_yearly": 7.04,
            "eps_latest_yearly": 8.6,
            "eps_growth_yearly": 14.75
        },
        "20212": {
            "year_quarter": 20212,
            "year": 2021,
            "quarter": 2,
            "eps": 2.37,
            "eps_growth_year": 47.5,
            "eps_4q": 7.82,
            "eps_4q_growth_year": 4.13,
            "roe": 9.27,
            "roe_4q": 27.169999999999995,
            "gross_profit": 15725000,
            "gross_margin": 67.45,
            "gross_margin_4q_avg": 67.07,
            "net_income": 6278000,
            "net_income_4q": null,
            "revenue": 23312000,
            "revenue_4q": null,
            "common_shares": 3120000,
            "book_valuer_per_share": -6.26,
            "book_valuer_per_share_4q_avg": -7.67,
            "equity": 69580000,
            "current_ratio": 138.86,
            "debt_ratio": 60.56,
            "inventory_turnover_ratio": 0.76,
            "account_receivable_turnover_ratio": 1.56,
            "reinvestment_rate": 5.81,
            "research_to_sale_ratio": 14.56,
            "price_fair": 197.3,
            "eps_avg_yearly": 7.23,
            "eps_latest_yearly": 9.48,
            "eps_growth_yearly": 17.31
        },
        "20213": {
            "year_quarter": 20213,
            "year": 2021,
            "quarter": 3,
            "eps": 2.48,
            "eps_growth_year": 32.23,
            "eps_4q": 8.42,
            "eps_4q_growth_year": 9.06,
            "roe": 5.24,
            "roe_4q": 26.83,
            "gross_profit": 16088000,
            "gross_margin": 68.93,
            "gross_margin_4q_avg": 67.53,
            "net_income": 3667000,
            "net_income_4q": null,
            "revenue": 23338000,
            "revenue_4q": null,
            "common_shares": 3120000,
            "book_valuer_per_share": -4.97,
            "book_valuer_per_share_4q_avg": -7.32,
            "equity": 70272000,
            "current_ratio": 134.4,
            "debt_ratio": 60.79,
            "inventory_turnover_ratio": 0.71,
            "account_receivable_turnover_ratio": 1.57,
            "reinvestment_rate": 5.28,
            "research_to_sale_ratio": 14.66,
            "price_fair": 222.68,
            "eps_avg_yearly": 7.46,
            "eps_latest_yearly": 9.92,
            "eps_growth_yearly": 19.85
        },
        "20214": {
            "year_quarter": 20214,
            "year": 2021,
            "quarter": 4,
            "eps": 2.22,
            "eps_growth_year": 57.17,
            "eps_4q": 9.23,
            "eps_4q_growth_year": 37.55,
            "roe": 6.56,
            "roe_4q": 30.67,
            "gross_profit": 16849000,
            "gross_margin": 67.93,
            "gross_margin_4q_avg": 68.17,
            "net_income": 4736000,
            "net_income_4q": null,
            "revenue": 24804000,
            "revenue_4q": null,
            "common_shares": 3120000,
            "book_valuer_per_share": -2.9,
            "book_valuer_per_share_4q_avg": -5.52,
            "equity": 74023000,
            "current_ratio": 134.83,
            "debt_ratio": 59.33,
            "inventory_turnover_ratio": 0.77,
            "account_receivable_turnover_ratio": 1.64,
            "reinvestment_rate": 6.05,
            "research_to_sale_ratio": 19.03,
            "price_fair": 212.99,
            "eps_avg_yearly": 7.64,
            "eps_latest_yearly": 8.88,
            "eps_growth_yearly": 17.88
        },
        "20221": {
            "year_quarter": 20221,
            "year": 2022,
            "quarter": 1,
            "eps": 2.41,
            "eps_growth_year": 12.16,
            "eps_4q": 9.49,
            "eps_4q_growth_year": 34.59,
            "roe": 6.92,
            "roe_4q": 27.99,
            "gross_profit": 15844000,
            "gross_margin": 67.63,
            "gross_margin_4q_avg": 67.99,
            "net_income": 5149000,
            "net_income_4q": null,
            "revenue": 23426000,
            "revenue_4q": null,
            "common_shares": 3120000,
            "book_valuer_per_share": -1.77,
            "book_valuer_per_share_4q_avg": -3.98,
            "equity": 74709000,
            "current_ratio": 139.26,
            "debt_ratio": 58.11,
            "inventory_turnover_ratio": 0.71,
            "account_receivable_turnover_ratio": 1.52,
            "reinvestment_rate": 4.25,
            "research_to_sale_ratio": 14.78,
            "price_fair": 214.09,
            "eps_avg_yearly": 7.83,
            "eps_latest_yearly": 9.64,
            "eps_growth_yearly": 17.35
        },
        "20222": {
            "year_quarter": 20222,
            "year": 2022,
            "quarter": 2,
            "eps": 2.12,
            "eps_growth_year": -10.61,
            "eps_4q": 9.24,
            "eps_4q_growth_year": 18.21,
            "roe": 6.37,
            "roe_4q": 25.089999999999996,
            "gross_profit": 16118000,
            "gross_margin": 67.1,
            "gross_margin_4q_avg": 67.9,
            "net_income": 4814000,
            "net_income_4q": null,
            "revenue": 24020000,
            "revenue_4q": null,
            "common_shares": 3120000,
            "book_valuer_per_share": -0.08,
            "book_valuer_per_share_4q_avg": -2.43,
            "equity": 76357000,
            "current_ratio": 142.45,
            "debt_ratio": 57.04,
            "inventory_turnover_ratio": 0.7,
            "account_receivable_turnover_ratio": 1.51,
            "reinvestment_rate": 3.52,
            "research_to_sale_ratio": 15.42,
            "price_fair": 183.31,
            "eps_avg_yearly": 7.92,
            "eps_latest_yearly": 8.48,
            "eps_growth_yearly": 13.14
        },
        "20223": {
            "year_quarter": 20223,
            "year": 2022,
            "quarter": 3,
            "eps": 1.77,
            "eps_growth_year": -28.85,
            "eps_4q": 8.53,
            "eps_4q_growth_year": 1.23,
            "roe": 5.71,
            "roe_4q": 25.56,
            "gross_profit": 13824000,
            "gross_margin": 69.13,
            "gross_margin_4q_avg": 67.95,
            "net_income": 4310000,
            "net_income_4q": null,
            "revenue": 19996000,
            "revenue_4q": null,
            "common_shares": 3120000,
            "book_valuer_per_share": 0.34,
            "book_valuer_per_share_4q_avg": -1.1,
            "equity": 74599000,
            "current_ratio": 143.24,
            "debt_ratio": 57.4,
            "inventory_turnover_ratio": 0.53,
            "account_receivable_turnover_ratio": 1.25,
            "reinvestment_rate": 3.68,
            "research_to_sale_ratio": 17.43,
            "price_fair": 129.5,
            "eps_avg_yearly": 7.89,
            "eps_latest_yearly": 7.08,
            "eps_growth_yearly": 6.42
        },
        "20224": {
            "year_quarter": 20224,
            "year": 2022,
            "quarter": 4,
            "eps": 2.02,
            "eps_growth_year": -9.06,
            "eps_4q": 8.32,
            "eps_4q_growth_year": -9.83,
            "roe": 4.65,
            "roe_4q": 23.65,
            "gross_profit": 15995000,
            "gross_margin": 67.47,
            "gross_margin_4q_avg": 67.83,
            "net_income": 3520000,
            "net_income_4q": null,
            "revenue": 23706000,
            "revenue_4q": null,
            "common_shares": 3120000,
            "book_valuer_per_share": -6.41,
            "book_valuer_per_share_4q_avg": -1.98,
            "equity": 76804000,
            "current_ratio": 99.09,
            "debt_ratio": 59.01,
            "inventory_turnover_ratio": 0.64,
            "account_receivable_turnover_ratio": 1.48,
            "reinvestment_rate": 4.06,
            "research_to_sale_ratio": 16.2,
            "price_fair": 186.14,
            "eps_avg_yearly": 7.98,
            "eps_latest_yearly": 8.08,
            "eps_growth_yearly": 13.34
        },
        "20231": {
            "year_quarter": 20231,
            "year": 2023,
            "quarter": 1,
            "eps": 1.87,
            "eps_growth_year": -22.49,
            "eps_4q": 7.78,
            "eps_4q_growth_year": -18.03,
            "roe": -0.09,
            "roe_4q": 16.64,
            "gross_profit": 16351000,
            "gross_margin": 66.08,
            "gross_margin_4q_avg": 67.45,
            "net_income": -68000,
            "net_income_4q": null,
            "revenue": 24746000,
            "revenue_4q": null,
            "common_shares": 3120000,
            "book_valuer_per_share": -8.53,
            "book_valuer_per_share_4q_avg": -3.67,
            "equity": 70869000,
            "current_ratio": 106.65,
            "debt_ratio": 63.84,
            "inventory_turnover_ratio": 0.66,
            "account_receivable_turnover_ratio": 1.52,
            "reinvestment_rate": 2.31,
            "research_to_sale_ratio": 14.4,
            "price_fair": 146.11,
            "eps_avg_yearly": 7.98,
            "eps_latest_yearly": 7.48,
            "eps_growth_yearly": 8.32
        },
        "20232": {
            "year_quarter": 20232,
            "year": 2023,
            "quarter": 2,
            "eps": 2.09,
            "eps_growth_year": -1.6,
            "eps_4q": 7.75,
            "eps_4q_growth_year": -16.17,
            "roe": 7.05,
            "roe_4q": 17.32,
            "gross_profit": 17318000,
            "gross_margin": 67.83,
            "gross_margin_4q_avg": 67.63,
            "net_income": 5144000,
            "net_income_4q": null,
            "revenue": 25530000,
            "revenue_4q": null,
            "common_shares": 3120000,
            "book_valuer_per_share": -6.36,
            "book_valuer_per_share_4q_avg": -5.24,
            "equity": 75149000,
            "current_ratio": 111.81,
            "debt_ratio": 60.8,
            "inventory_turnover_ratio": 0.64,
            "account_receivable_turnover_ratio": 1.54,
            "reinvestment_rate": 3.43,
            "research_to_sale_ratio": 15,
            "price_fair": 192.27,
            "eps_avg_yearly": 8.08,
            "eps_latest_yearly": 8.36,
            "eps_growth_yearly": 13.8
        },
        "20233": {
            "year_quarter": 20233,
            "year": 2023,
            "quarter": 3,
            "eps": 1.86,
            "eps_growth_year": 5.53,
            "eps_4q": 7.85,
            "eps_4q_growth_year": -7.98,
            "roe": 5.89,
            "roe_4q": 17.5,
            "gross_profit": 14971000,
            "gross_margin": 70.12,
            "gross_margin_4q_avg": 67.88,
            "net_income": 4309000,
            "net_income_4q": null,
            "revenue": 21351000,
            "revenue_4q": null,
            "common_shares": 3120000,
            "book_valuer_per_share": 0.03,
            "book_valuer_per_share_4q_avg": -5.32,
            "equity": 71228000,
            "current_ratio": 121.03,
            "debt_ratio": 57.11,
            "inventory_turnover_ratio": 0.53,
            "account_receivable_turnover_ratio": 1.35,
            "reinvestment_rate": 4.63,
            "research_to_sale_ratio": 16.14,
            "price_fair": 173.51,
            "eps_avg_yearly": 8.13,
            "eps_latest_yearly": 7.44,
            "eps_growth_yearly": 11.35
        }
    },
    "months": {
        "2001-01": {
            "month": "2001-01",
            "price": "47.28",
            "revenue": 0
        },
        "2001-02": {
            "month": "2001-02",
            "price": "47.74",
            "revenue": 0
        },
        "2001-03": {
            "month": "2001-03",
            "price": "43.74",
            "revenue": 0
        },
        "2001-04": {
            "month": "2001-04",
            "price": "45.91",
            "revenue": 0
        },
        "2001-05": {
            "month": "2001-05",
            "price": "49.03",
            "revenue": 0
        },
        "2001-06": {
            "month": "2001-06",
            "price": "51.40",
            "revenue": 0
        },
        "2001-07": {
            "month": "2001-07",
            "price": "52.93",
            "revenue": 0
        },
        "2001-08": {
            "month": "2001-08",
            "price": "54.32",
            "revenue": 0
        },
        "2001-09": {
            "month": "2001-09",
            "price": "54.57",
            "revenue": 0
        },
        "2001-10": {
            "month": "2001-10",
            "price": "56.87",
            "revenue": 0
        },
        "2001-11": {
            "month": "2001-11",
            "price": "59.57",
            "revenue": 0
        },
        "2001-12": {
            "month": "2001-12",
            "price": "57.59",
            "revenue": 0
        },
        "2002-01": {
            "month": "2002-01",
            "price": "58.32",
            "revenue": 0
        },
        "2002-02": {
            "month": "2002-02",
            "price": "57.84",
            "revenue": 0
        },
        "2002-03": {
            "month": "2002-03",
            "price": "63.95",
            "revenue": 0
        },
        "2002-04": {
            "month": "2002-04",
            "price": "63.41",
            "revenue": 0
        },
        "2002-05": {
            "month": "2002-05",
            "price": "61.59",
            "revenue": 0
        },
        "2002-06": {
            "month": "2002-06",
            "price": "56.53",
            "revenue": 0
        },
        "2002-07": {
            "month": "2002-07",
            "price": "49.88",
            "revenue": 0
        },
        "2002-08": {
            "month": "2002-08",
            "price": "54.14",
            "revenue": 0
        },
        "2002-09": {
            "month": "2002-09",
            "price": "54.10",
            "revenue": 0
        },
        "2002-10": {
            "month": "2002-10",
            "price": "58.01",
            "revenue": 0
        },
        "2002-11": {
            "month": "2002-11",
            "price": "59.20",
            "revenue": 0
        },
        "2002-12": {
            "month": "2002-12",
            "price": "54.89",
            "revenue": 0
        },
        "2003-01": {
            "month": "2003-01",
            "price": "54.89",
            "revenue": 0
        },
        "2003-02": {
            "month": "2003-02",
            "price": "52.24",
            "revenue": 0
        },
        "2003-03": {
            "month": "2003-03",
            "price": "55.65",
            "revenue": 0
        },
        "2003-04": {
            "month": "2003-04",
            "price": "56.87",
            "revenue": 0
        },
        "2003-05": {
            "month": "2003-05",
            "price": "55.12",
            "revenue": 0
        },
        "2003-06": {
            "month": "2003-06",
            "price": "53.16",
            "revenue": 0
        },
        "2003-07": {
            "month": "2003-07",
            "price": "52.13",
            "revenue": 0
        },
        "2003-08": {
            "month": "2003-08",
            "price": "50.34",
            "revenue": 0
        },
        "2003-09": {
            "month": "2003-09",
            "price": "50.53",
            "revenue": 0
        },
        "2003-10": {
            "month": "2003-10",
            "price": "50.15",
            "revenue": 0
        },
        "2003-11": {
            "month": "2003-11",
            "price": "50.28",
            "revenue": 0
        },
        "2003-12": {
            "month": "2003-12",
            "price": "50.03",
            "revenue": 0
        },
        "2004-01": {
            "month": "2004-01",
            "price": "52.34",
            "revenue": 0
        },
        "2004-02": {
            "month": "2004-02",
            "price": "54.05",
            "revenue": 0
        },
        "2004-03": {
            "month": "2004-03",
            "price": "51.29",
            "revenue": 0
        },
        "2004-04": {
            "month": "2004-04",
            "price": "52.83",
            "revenue": 0
        },
        "2004-05": {
            "month": "2004-05",
            "price": "54.95",
            "revenue": 0
        },
        "2004-06": {
            "month": "2004-06",
            "price": "55.96",
            "revenue": 0
        },
        "2004-07": {
            "month": "2004-07",
            "price": "55.54",
            "revenue": 0
        },
        "2004-08": {
            "month": "2004-08",
            "price": "56.36",
            "revenue": 0
        },
        "2004-09": {
            "month": "2004-09",
            "price": "57.58",
            "revenue": 0
        },
        "2004-10": {
            "month": "2004-10",
            "price": "57.02",
            "revenue": 0
        },
        "2004-11": {
            "month": "2004-11",
            "price": "60.16",
            "revenue": 0
        },
        "2004-12": {
            "month": "2004-12",
            "price": "62.30",
            "revenue": 0
        },
        "2005-01": {
            "month": "2005-01",
            "price": "63.06",
            "revenue": 0
        },
        "2005-02": {
            "month": "2005-02",
            "price": "65.88",
            "revenue": 0
        },
        "2005-03": {
            "month": "2005-03",
            "price": "67.54",
            "revenue": 0
        },
        "2005-04": {
            "month": "2005-04",
            "price": "68.54",
            "revenue": 0
        },
        "2005-05": {
            "month": "2005-05",
            "price": "67.77",
            "revenue": 0
        },
        "2005-06": {
            "month": "2005-06",
            "price": "66.27",
            "revenue": 0
        },
        "2005-07": {
            "month": "2005-07",
            "price": "64.39",
            "revenue": 0
        },
        "2005-08": {
            "month": "2005-08",
            "price": "63.52",
            "revenue": 0
        },
        "2005-09": {
            "month": "2005-09",
            "price": "64.10",
            "revenue": 0
        },
        "2005-10": {
            "month": "2005-10",
            "price": "62.81",
            "revenue": 0
        },
        "2005-11": {
            "month": "2005-11",
            "price": "61.76",
            "revenue": 0
        },
        "2005-12": {
            "month": "2005-12",
            "price": "60.60",
            "revenue": 0
        },
        "2006-01": {
            "month": "2006-01",
            "price": "61.00",
            "revenue": 0
        },
        "2006-02": {
            "month": "2006-02",
            "price": "58.26",
            "revenue": 0
        },
        "2006-03": {
            "month": "2006-03",
            "price": "59.32",
            "revenue": 0
        },
        "2006-04": {
            "month": "2006-04",
            "price": "58.25",
            "revenue": 0
        },
        "2006-05": {
            "month": "2006-05",
            "price": "59.43",
            "revenue": 0
        },
        "2006-06": {
            "month": "2006-06",
            "price": "60.89",
            "revenue": 0
        },
        "2006-07": {
            "month": "2006-07",
            "price": "61.21",
            "revenue": 0
        },
        "2006-08": {
            "month": "2006-08",
            "price": "63.97",
            "revenue": 0
        },
        "2006-09": {
            "month": "2006-09",
            "price": "64.17",
            "revenue": 0
        },
        "2006-10": {
            "month": "2006-10",
            "price": "66.62",
            "revenue": 0
        },
        "2006-11": {
            "month": "2006-11",
            "price": "66.82",
            "revenue": 0
        },
        "2006-12": {
            "month": "2006-12",
            "price": "66.07",
            "revenue": 0
        },
        "2007-01": {
            "month": "2007-01",
            "price": "66.71",
            "revenue": 0
        },
        "2007-02": {
            "month": "2007-02",
            "price": "65.30",
            "revenue": 0
        },
        "2007-03": {
            "month": "2007-03",
            "price": "61.06",
            "revenue": 0
        },
        "2007-04": {
            "month": "2007-04",
            "price": "63.08",
            "revenue": 0
        },
        "2007-05": {
            "month": "2007-05",
            "price": "63.43",
            "revenue": 0
        },
        "2007-06": {
            "month": "2007-06",
            "price": "62.18",
            "revenue": 0
        },
        "2007-07": {
            "month": "2007-07",
            "price": "62.00",
            "revenue": 0
        },
        "2007-08": {
            "month": "2007-08",
            "price": "61.59",
            "revenue": 0
        },
        "2007-09": {
            "month": "2007-09",
            "price": "63.56",
            "revenue": 0
        },
        "2007-10": {
            "month": "2007-10",
            "price": "65.30",
            "revenue": 0
        },
        "2007-11": {
            "month": "2007-11",
            "price": "66.48",
            "revenue": 0
        },
        "2007-12": {
            "month": "2007-12",
            "price": "67.66",
            "revenue": 0
        },
        "2008-01": {
            "month": "2008-01",
            "price": "65.71",
            "revenue": 0
        },
        "2008-02": {
            "month": "2008-02",
            "price": "62.99",
            "revenue": 0
        },
        "2008-03": {
            "month": "2008-03",
            "price": "63.57",
            "revenue": 0
        },
        "2008-04": {
            "month": "2008-04",
            "price": "66.34",
            "revenue": 0
        },
        "2008-05": {
            "month": "2008-05",
            "price": "66.53",
            "revenue": 0
        },
        "2008-06": {
            "month": "2008-06",
            "price": "65.33",
            "revenue": 0
        },
        "2008-07": {
            "month": "2008-07",
            "price": "67.17",
            "revenue": 0
        },
        "2008-08": {
            "month": "2008-08",
            "price": "70.88",
            "revenue": 0
        },
        "2008-09": {
            "month": "2008-09",
            "price": "70.02",
            "revenue": 0
        },
        "2008-10": {
            "month": "2008-10",
            "price": "62.54",
            "revenue": 0
        },
        "2008-11": {
            "month": "2008-11",
            "price": "59.40",
            "revenue": 0
        },
        "2008-12": {
            "month": "2008-12",
            "price": "58.17",
            "revenue": 0
        },
        "2009-01": {
            "month": "2009-01",
            "price": "58.12",
            "revenue": 0
        },
        "2009-02": {
            "month": "2009-02",
            "price": "56.07",
            "revenue": 0
        },
        "2009-03": {
            "month": "2009-03",
            "price": "50.27",
            "revenue": 0
        },
        "2009-04": {
            "month": "2009-04",
            "price": "51.78",
            "revenue": 0
        },
        "2009-05": {
            "month": "2009-05",
            "price": "54.81",
            "revenue": 0
        },
        "2009-06": {
            "month": "2009-06",
            "price": "55.82",
            "revenue": 0
        },
        "2009-07": {
            "month": "2009-07",
            "price": "58.89",
            "revenue": 0
        },
        "2009-08": {
            "month": "2009-08",
            "price": "60.48",
            "revenue": 0
        },
        "2009-09": {
            "month": "2009-09",
            "price": "60.55",
            "revenue": 0
        },
        "2009-10": {
            "month": "2009-10",
            "price": "60.48",
            "revenue": 0
        },
        "2009-11": {
            "month": "2009-11",
            "price": "61.50",
            "revenue": 0
        },
        "2009-12": {
            "month": "2009-12",
            "price": "64.51",
            "revenue": 0
        },
        "2010-01": {
            "month": "2010-01",
            "price": "64.13",
            "revenue": 0
        },
        "2010-02": {
            "month": "2010-02",
            "price": "63.23",
            "revenue": 0
        },
        "2010-03": {
            "month": "2010-03",
            "price": "64.43",
            "revenue": 0
        },
        "2010-04": {
            "month": "2010-04",
            "price": "65.18",
            "revenue": 0
        },
        "2010-05": {
            "month": "2010-05",
            "price": "62.66",
            "revenue": 0
        },
        "2010-06": {
            "month": "2010-06",
            "price": "58.94",
            "revenue": 0
        },
        "2010-07": {
            "month": "2010-07",
            "price": "59.06",
            "revenue": 0
        },
        "2010-08": {
            "month": "2010-08",
            "price": "58.67",
            "revenue": 0
        },
        "2010-09": {
            "month": "2010-09",
            "price": "60.79",
            "revenue": 0
        },
        "2010-10": {
            "month": "2010-10",
            "price": "63.36",
            "revenue": 0
        },
        "2010-11": {
            "month": "2010-11",
            "price": "63.57",
            "revenue": 0
        },
        "2010-12": {
            "month": "2010-12",
            "price": "62.26",
            "revenue": 0
        },
        "2011-01": {
            "month": "2011-01",
            "price": "62.11",
            "revenue": 0
        },
        "2011-02": {
            "month": "2011-02",
            "price": "60.70",
            "revenue": 0
        },
        "2011-03": {
            "month": "2011-03",
            "price": "59.47",
            "revenue": 0
        },
        "2011-04": {
            "month": "2011-04",
            "price": "61.77",
            "revenue": 0
        },
        "2011-05": {
            "month": "2011-05",
            "price": "66.13",
            "revenue": 0
        },
        "2011-06": {
            "month": "2011-06",
            "price": "66.18",
            "revenue": 0
        },
        "2011-07": {
            "month": "2011-07",
            "price": "66.78",
            "revenue": 0
        },
        "2011-08": {
            "month": "2011-08",
            "price": "63.73",
            "revenue": 0
        },
        "2011-09": {
            "month": "2011-09",
            "price": "63.83",
            "revenue": 0
        },
        "2011-10": {
            "month": "2011-10",
            "price": "63.79",
            "revenue": 0
        },
        "2011-11": {
            "month": "2011-11",
            "price": "63.73",
            "revenue": 0
        },
        "2011-12": {
            "month": "2011-12",
            "price": "64.43",
            "revenue": 0
        },
        "2012-01": {
            "month": "2012-01",
            "price": "65.32",
            "revenue": 0
        },
        "2012-02": {
            "month": "2012-02",
            "price": "65.01",
            "revenue": 0
        },
        "2012-03": {
            "month": "2012-03",
            "price": "65.00",
            "revenue": 0
        },
        "2012-04": {
            "month": "2012-04",
            "price": "64.41",
            "revenue": 0
        },
        "2012-05": {
            "month": "2012-05",
            "price": "63.86",
            "revenue": 0
        },
        "2012-06": {
            "month": "2012-06",
            "price": "64.92",
            "revenue": 0
        },
        "2012-07": {
            "month": "2012-07",
            "price": "68.39",
            "revenue": 0
        },
        "2012-08": {
            "month": "2012-08",
            "price": "68.11",
            "revenue": 0
        },
        "2012-09": {
            "month": "2012-09",
            "price": "68.47",
            "revenue": 0
        },
        "2012-10": {
            "month": "2012-10",
            "price": "69.90",
            "revenue": 0
        },
        "2012-11": {
            "month": "2012-11",
            "price": "69.76",
            "revenue": 0
        },
        "2012-12": {
            "month": "2012-12",
            "price": "70.37",
            "revenue": 0
        },
        "2013-01": {
            "month": "2013-01",
            "price": "72.59",
            "revenue": 0
        },
        "2013-02": {
            "month": "2013-02",
            "price": "75.69",
            "revenue": 0
        },
        "2013-03": {
            "month": "2013-03",
            "price": "78.90",
            "revenue": 0
        },
        "2013-04": {
            "month": "2013-04",
            "price": "83.34",
            "revenue": 0
        },
        "2013-05": {
            "month": "2013-05",
            "price": "86.37",
            "revenue": 0
        },
        "2013-06": {
            "month": "2013-06",
            "price": "84.87",
            "revenue": 0
        },
        "2013-07": {
            "month": "2013-07",
            "price": "90.45",
            "revenue": 0
        },
        "2013-08": {
            "month": "2013-08",
            "price": "90.39",
            "revenue": 0
        },
        "2013-09": {
            "month": "2013-09",
            "price": "88.15",
            "revenue": 0
        },
        "2013-10": {
            "month": "2013-10",
            "price": "89.98",
            "revenue": 0
        },
        "2013-11": {
            "month": "2013-11",
            "price": "94.18",
            "revenue": 0
        },
        "2013-12": {
            "month": "2013-12",
            "price": "92.62",
            "revenue": 0
        },
        "2014-01": {
            "month": "2014-01",
            "price": "92.64",
            "revenue": 0
        },
        "2014-02": {
            "month": "2014-02",
            "price": "90.83",
            "revenue": 0
        },
        "2014-03": {
            "month": "2014-03",
            "price": "94.48",
            "revenue": 0
        },
        "2014-04": {
            "month": "2014-04",
            "price": "99.00",
            "revenue": 0
        },
        "2014-05": {
            "month": "2014-05",
            "price": "100.60",
            "revenue": 0
        },
        "2014-06": {
            "month": "2014-06",
            "price": "103.62",
            "revenue": 0
        },
        "2014-07": {
            "month": "2014-07",
            "price": "103.46",
            "revenue": 0
        },
        "2014-08": {
            "month": "2014-08",
            "price": "101.95",
            "revenue": 0
        },
        "2014-09": {
            "month": "2014-09",
            "price": "105.75",
            "revenue": 0
        },
        "2014-10": {
            "month": "2014-10",
            "price": "102.36",
            "revenue": 0
        },
        "2014-11": {
            "month": "2014-11",
            "price": "108.25",
            "revenue": 0
        },
        "2014-12": {
            "month": "2014-12",
            "price": "106.06",
            "revenue": 0
        },
        "2015-01": {
            "month": "2015-01",
            "price": "103.29",
            "revenue": 0
        },
        "2015-02": {
            "month": "2015-02",
            "price": "100.82",
            "revenue": 0
        },
        "2015-03": {
            "month": "2015-03",
            "price": "100.99",
            "revenue": 0
        },
        "2015-04": {
            "month": "2015-04",
            "price": "100.29",
            "revenue": 0
        },
        "2015-05": {
            "month": "2015-05",
            "price": "101.22",
            "revenue": 0
        },
        "2015-06": {
            "month": "2015-06",
            "price": "99.02",
            "revenue": 0
        },
        "2015-07": {
            "month": "2015-07",
            "price": "99.49",
            "revenue": 0
        },
        "2015-08": {
            "month": "2015-08",
            "price": "97.62",
            "revenue": 0
        },
        "2015-09": {
            "month": "2015-09",
            "price": "92.97",
            "revenue": 0
        },
        "2015-10": {
            "month": "2015-10",
            "price": "97.19",
            "revenue": 0
        },
        "2015-11": {
            "month": "2015-11",
            "price": "101.77",
            "revenue": 0
        },
        "2015-12": {
            "month": "2015-12",
            "price": "102.85",
            "revenue": 0
        },
        "2016-01": {
            "month": "2016-01",
            "price": "98.96",
            "revenue": 0
        },
        "2016-02": {
            "month": "2016-02",
            "price": "103.50",
            "revenue": 0
        },
        "2016-03": {
            "month": "2016-03",
            "price": "107.51",
            "revenue": 0
        },
        "2016-04": {
            "month": "2016-04",
            "price": "110.99",
            "revenue": 0
        },
        "2016-05": {
            "month": "2016-05",
            "price": "113.24",
            "revenue": 0
        },
        "2016-06": {
            "month": "2016-06",
            "price": "116.52",
            "revenue": 0
        },
        "2016-07": {
            "month": "2016-07",
            "price": "123.74",
            "revenue": 0
        },
        "2016-08": {
            "month": "2016-08",
            "price": "121.65",
            "revenue": 0
        },
        "2016-09": {
            "month": "2016-09",
            "price": "118.65",
            "revenue": 0
        },
        "2016-10": {
            "month": "2016-10",
            "price": "116.76",
            "revenue": 0
        },
        "2016-11": {
            "month": "2016-11",
            "price": "115.50",
            "revenue": 0
        },
        "2016-12": {
            "month": "2016-12",
            "price": "114.28",
            "revenue": 0
        },
        "2017-01": {
            "month": "2017-01",
            "price": "114.45",
            "revenue": 0
        },
        "2017-02": {
            "month": "2017-02",
            "price": "117.09",
            "revenue": 0
        },
        "2017-03": {
            "month": "2017-03",
            "price": "125.78",
            "revenue": 0
        },
        "2017-04": {
            "month": "2017-04",
            "price": "123.82",
            "revenue": 0
        },
        "2017-05": {
            "month": "2017-05",
            "price": "125.52",
            "revenue": 0
        },
        "2017-06": {
            "month": "2017-06",
            "price": "132.85",
            "revenue": 0
        },
        "2017-07": {
            "month": "2017-07",
            "price": "132.80",
            "revenue": 0
        },
        "2017-08": {
            "month": "2017-08",
            "price": "132.84",
            "revenue": 0
        },
        "2017-09": {
            "month": "2017-09",
            "price": "132.00",
            "revenue": 0
        },
        "2017-10": {
            "month": "2017-10",
            "price": "137.84",
            "revenue": 0
        },
        "2017-11": {
            "month": "2017-11",
            "price": "139.28",
            "revenue": 0
        },
        "2017-12": {
            "month": "2017-12",
            "price": "140.90",
            "revenue": 0
        },
        "2018-01": {
            "month": "2018-01",
            "price": "143.66",
            "revenue": 0
        },
        "2018-02": {
            "month": "2018-02",
            "price": "131.47",
            "revenue": 0
        },
        "2018-03": {
            "month": "2018-03",
            "price": "130.02",
            "revenue": 0
        },
        "2018-04": {
            "month": "2018-04",
            "price": "128.54",
            "revenue": 0
        },
        "2018-05": {
            "month": "2018-05",
            "price": "123.52",
            "revenue": 0
        },
        "2018-06": {
            "month": "2018-06",
            "price": "122.28",
            "revenue": 0
        },
        "2018-07": {
            "month": "2018-07",
            "price": "127.28",
            "revenue": 0
        },
        "2018-08": {
            "month": "2018-08",
            "price": "133.09",
            "revenue": 0
        },
        "2018-09": {
            "month": "2018-09",
            "price": "138.83",
            "revenue": 0
        },
        "2018-10": {
            "month": "2018-10",
            "price": "138.22",
            "revenue": 0
        },
        "2018-11": {
            "month": "2018-11",
            "price": "144.23",
            "revenue": 0
        },
        "2018-12": {
            "month": "2018-12",
            "price": "135.79",
            "revenue": 0
        },
        "2019-01": {
            "month": "2019-01",
            "price": "129.00",
            "revenue": 0
        },
        "2019-02": {
            "month": "2019-02",
            "price": "134.61",
            "revenue": 0
        },
        "2019-03": {
            "month": "2019-03",
            "price": "138.30",
            "revenue": 0
        },
        "2019-04": {
            "month": "2019-04",
            "price": "137.75",
            "revenue": 0
        },
        "2019-05": {
            "month": "2019-05",
            "price": "138.10",
            "revenue": 0
        },
        "2019-06": {
            "month": "2019-06",
            "price": "139.48",
            "revenue": 0
        },
        "2019-07": {
            "month": "2019-07",
            "price": "134.82",
            "revenue": 0
        },
        "2019-08": {
            "month": "2019-08",
            "price": "130.46",
            "revenue": 0
        },
        "2019-09": {
            "month": "2019-09",
            "price": "129.79",
            "revenue": 0
        },
        "2019-10": {
            "month": "2019-10",
            "price": "130.88",
            "revenue": 0
        },
        "2019-11": {
            "month": "2019-11",
            "price": "133.87",
            "revenue": 0
        },
        "2019-12": {
            "month": "2019-12",
            "price": "142.53",
            "revenue": 0
        },
        "2020-01": {
            "month": "2020-01",
            "price": "147.32",
            "revenue": 0
        },
        "2020-02": {
            "month": "2020-02",
            "price": "148.45",
            "revenue": 0
        },
        "2020-03": {
            "month": "2020-03",
            "price": "131.00",
            "revenue": 0
        },
        "2020-04": {
            "month": "2020-04",
            "price": "145.89",
            "revenue": 0
        },
        "2020-05": {
            "month": "2020-05",
            "price": "147.77",
            "revenue": 0
        },
        "2020-06": {
            "month": "2020-06",
            "price": "143.72",
            "revenue": 0
        },
        "2020-07": {
            "month": "2020-07",
            "price": "146.16",
            "revenue": 0
        },
        "2020-08": {
            "month": "2020-08",
            "price": "150.01",
            "revenue": 0
        },
        "2020-09": {
            "month": "2020-09",
            "price": "147.82",
            "revenue": 0
        },
        "2020-10": {
            "month": "2020-10",
            "price": "145.56",
            "revenue": 0
        },
        "2020-11": {
            "month": "2020-11",
            "price": "145.01",
            "revenue": 0
        },
        "2020-12": {
            "month": "2020-12",
            "price": "151.91",
            "revenue": 0
        },
        "2021-01": {
            "month": "2021-01",
            "price": "162.03",
            "revenue": 0
        },
        "2021-02": {
            "month": "2021-02",
            "price": "163.53",
            "revenue": 0
        },
        "2021-03": {
            "month": "2021-03",
            "price": "160.21",
            "revenue": 0
        },
        "2021-04": {
            "month": "2021-04",
            "price": "163.04",
            "revenue": 0
        },
        "2021-05": {
            "month": "2021-05",
            "price": "169.23",
            "revenue": 0
        },
        "2021-06": {
            "month": "2021-06",
            "price": "164.62",
            "revenue": 0
        },
        "2021-07": {
            "month": "2021-07",
            "price": "169.74",
            "revenue": 0
        },
        "2021-08": {
            "month": "2021-08",
            "price": "175.10",
            "revenue": 0
        },
        "2021-09": {
            "month": "2021-09",
            "price": "166.76",
            "revenue": 0
        },
        "2021-10": {
            "month": "2021-10",
            "price": "161.63",
            "revenue": 0
        },
        "2021-11": {
            "month": "2021-11",
            "price": "162.37",
            "revenue": 0
        },
        "2021-12": {
            "month": "2021-12",
            "price": "166.99",
            "revenue": 0
        },
        "2022-01": {
            "month": "2022-01",
            "price": "169.43",
            "revenue": 0
        },
        "2022-02": {
            "month": "2022-02",
            "price": "167.37",
            "revenue": 0
        },
        "2022-03": {
            "month": "2022-03",
            "price": "173.09",
            "revenue": 0
        },
        "2022-04": {
            "month": "2022-04",
            "price": "181.25",
            "revenue": 0
        },
        "2022-05": {
            "month": "2022-05",
            "price": "178.07",
            "revenue": 0
        },
        "2022-06": {
            "month": "2022-06",
            "price": "175.35",
            "revenue": 0
        },
        "2022-07": {
            "month": "2022-07",
            "price": "175.22",
            "revenue": 0
        },
        "2022-08": {
            "month": "2022-08",
            "price": "167.94",
            "revenue": 0
        },
        "2022-09": {
            "month": "2022-09",
            "price": "164.91",
            "revenue": 0
        },
        "2022-10": {
            "month": "2022-10",
            "price": "166.55",
            "revenue": 0
        },
        "2022-11": {
            "month": "2022-11",
            "price": "174.09",
            "revenue": 0
        },
        "2022-12": {
            "month": "2022-12",
            "price": "177.34",
            "revenue": 0
        },
        "2023-01": {
            "month": "2023-01",
            "price": "171.97",
            "revenue": 0
        },
        "2023-02": {
            "month": "2023-02",
            "price": "160.53",
            "revenue": 0
        },
        "2023-03": {
            "month": "2023-03",
            "price": "153.12",
            "revenue": 0
        },
        "2023-04": {
            "month": "2023-04",
            "price": "163.38",
            "revenue": 0
        },
        "2023-05": {
            "month": "2023-05",
            "price": "159.40",
            "revenue": 0
        },
        "2023-06": {
            "month": "2023-06",
            "price": "161.69",
            "revenue": 0
        },
        "2023-07": {
            "month": "2023-07",
            "price": "164.46",
            "revenue": 0
        },
        "2023-08": {
            "month": "2023-08",
            "price": "169.23",
            "revenue": 0
        },
        "2023-09": {
            "month": "2023-09",
            "price": "160.70",
            "revenue": 0
        },
        "2023-10": {
            "month": "2023-10",
            "price": "153.77",
            "revenue": 0
        },
        "2023-11": {
            "month": "2023-11",
            "price": "150.28",
            "revenue": 0
        },
        "2023-12": {
            "month": "2023-12",
            "price": "158.38",
            "revenue": 0
        }
    }
}
