{
    "summary": {
        "stock_name": "Coca-Cola Co",
        "stock_id": "KO",
        "category": "Consumer Staples",
        "main_business": "The Coca-Cola Company成立於1886年5月8號，並且在1919年9月於特拉華州註冊。該公司是世界上最大的非酒精飲料公司。該公司擁有或許可和銷售500多種非酒精飲料品牌，將其分為以下幾類：起泡軟飲料；水，增強水和運動飲料；果汁，乳製品和植物性飲料；茶和咖啡；和能量飲料。該公司擁有和銷售世界前五大無酒精汽泡軟飲料品牌中的四個：可口可樂，健怡可樂，芬達和雪碧。自1886年以來在美國銷售帶有公司商標的成品飲料，現已在200多個國家和地區銷售。",
        "website_url": "https://www.coca-colacompany.com/",
        "ceo": "James Quincey",
        "pe_ratio": 22,
        "report_year_from": 1993,
        "report_year_to": 2023,
        "age": 31,
        "eps_negative_percentage": 0,
        "eps_growth_avg": {
            "last_all": 7.78,
            "last_2y": 15.84,
            "last_4y": 7.57,
            "last_8y": 5.76,
            "last_12y": 0.35,
            "last_16y": 8.21,
            "last_20y": 8.09,
            "at_2006_last_3y": 7.58,
            "at_2007_last_3y": 7.24,
            "at_2008_last_3y": 4.16,
            "at_2009_last_3y": 9.73,
            "at_2010_last_3y": 33.76,
            "at_2011_last_3y": 15.86,
            "at_2012_last_3y": 21.2,
            "at_2013_last_3y": 14.81,
            "at_2014_last_3y": -11.82,
            "at_2015_last_3y": 1.17,
            "at_2016_last_3y": -3.92,
            "at_2017_last_3y": -5.88,
            "at_2018_last_3y": 3.5,
            "at_2019_last_3y": 5.22,
            "at_2020_last_3y": 1.61,
            "at_2021_last_3y": 11.95,
            "at_2022_last_3y": 5.52,
            "at_2023_last_3y": 7.73,
            "at_2024_last_3y": 7.73,
            "at_2006_last_all": 6.31,
            "at_2007_last_all": 8.53,
            "at_2008_last_all": 6.87,
            "at_2009_last_all": 8.33,
            "at_2010_last_all": 18.51,
            "at_2011_last_all": 11.46,
            "at_2012_last_all": 12.08,
            "at_2013_last_all": 10.49,
            "at_2014_last_all": 9.18,
            "at_2015_last_all": 8.52,
            "at_2016_last_all": 7.81,
            "at_2017_last_all": 6.4,
            "at_2018_last_all": 7.84,
            "at_2019_last_all": 7.79,
            "at_2020_last_all": 6.51,
            "at_2021_last_all": 7.51,
            "at_2022_last_all": 7.4,
            "at_2023_last_all": 7.78,
            "at_2024_last_all": 7.78
        },
        "latest_eps": 2.79,
        "latest_price": 61.18,
        "latest_roe": 41.37,
        "latest_gross_margin": 57.29,
        "latest_equity": 25941000,
        "latest_revenue": 10849000,
        "latest_gross_profit": 6215000,
        "latest_net_income": 1986000,
        "latest_debt_ratio": 73.45,
        "latest_current_ratio": 113.41,
        "latest_account_receivable_turnover_ratio": 3.14,
        "latest_inventory_turnover_ratio": 1.07,
        "latest_reinvestment_rate": -1.69,
        "latest_research_to_sale_ratio": null
    },
    "eps_dividends": {
        "2001": {
            "cash": 0,
            "stock": 0,
            "eps": 0.8
        },
        "2002": {
            "cash": 0,
            "stock": 0,
            "eps": 0.81
        },
        "2003": {
            "cash": 0,
            "stock": 0,
            "eps": 0.98
        },
        "2004": {
            "cash": 0,
            "stock": 0,
            "eps": 1.07
        },
        "2005": {
            "cash": 0,
            "stock": 0,
            "eps": 1.03
        },
        "2006": {
            "cash": 0,
            "stock": 0,
            "eps": 1.07
        },
        "2007": {
            "cash": 0,
            "stock": 0,
            "eps": 1.28
        },
        "2008": {
            "cash": 0,
            "stock": 0,
            "eps": 1.24
        },
        "2009": {
            "cash": 0,
            "stock": 0,
            "eps": 1.47
        },
        "2010": {
            "cash": 0,
            "stock": 0,
            "eps": 3.77
        },
        "2011": {
            "cash": 0,
            "stock": 0,
            "eps": 1.81
        },
        "2012": {
            "cash": 0,
            "stock": 0,
            "eps": 2.14
        },
        "2013": {
            "cash": 0,
            "stock": 0,
            "eps": 1.99
        },
        "2014": {
            "cash": 0,
            "stock": 0,
            "eps": 1.86
        },
        "2015": {
            "cash": 0,
            "stock": 0,
            "eps": 1.86
        },
        "2016": {
            "cash": 0,
            "stock": 0,
            "eps": 1.82
        },
        "2017": {
            "cash": 0,
            "stock": 0,
            "eps": 1.55
        },
        "2018": {
            "cash": 0,
            "stock": 0,
            "eps": 2.03
        },
        "2019": {
            "cash": 0,
            "stock": 0,
            "eps": 2.17
        },
        "2020": {
            "cash": 0,
            "stock": 0,
            "eps": 1.81
        },
        "2021": {
            "cash": 0,
            "stock": 0,
            "eps": 2.29
        },
        "2022": {
            "cash": 0,
            "stock": 0,
            "eps": 2.41
        },
        "2023": {
            "cash": 0,
            "stock": 0,
            "eps": 2.79
        }
    },
    "dividends": [],
    "prices": {
        "200101": "28.92",
        "200102": "28.64",
        "200103": "24.11",
        "200104": "22.94",
        "200105": "23.66",
        "200106": "22.59",
        "200107": "22.71",
        "200108": "23.46",
        "200109": "24.34",
        "200110": "23.39",
        "200111": "24.44",
        "200112": "23.47",
        "200201": "22.51",
        "200202": "23.20",
        "200203": "24.60",
        "200204": "26.84",
        "200205": "28.15",
        "200206": "27.51",
        "200207": "25.54",
        "200208": "25.53",
        "200209": "24.57",
        "200210": "24.48",
        "200211": "22.75",
        "200212": "22.46",
        "200301": "21.91",
        "200302": "20.06",
        "200303": "19.88",
        "200304": "20.47",
        "200305": "21.79",
        "200306": "23.40",
        "200307": "22.40",
        "200308": "22.17",
        "200309": "21.81",
        "200310": "22.47",
        "200311": "23.35",
        "200312": "24.53",
        "200401": "24.93",
        "200402": "25.36",
        "200403": "24.53",
        "200404": "25.57",
        "200405": "25.12",
        "200406": "25.67",
        "200407": "24.29",
        "200408": "22.09",
        "200409": "20.94",
        "200410": "19.91",
        "200411": "20.23",
        "200412": "20.51",
        "200501": "20.60",
        "200502": "21.30",
        "200503": "21.15",
        "200504": "21.06",
        "200505": "22.24",
        "200506": "21.77",
        "200507": "21.57",
        "200508": "21.95",
        "200509": "21.68",
        "200510": "21.13",
        "200511": "21.23",
        "200512": "20.74",
        "200601": "20.60",
        "200602": "20.75",
        "200603": "21.19",
        "200604": "20.80",
        "200605": "21.69",
        "200606": "21.56",
        "200607": "21.84",
        "200608": "22.13",
        "200609": "22.29",
        "200610": "22.65",
        "200611": "23.38",
        "200612": "24.23",
        "200701": "24.14",
        "200702": "23.85",
        "200703": "23.70",
        "200704": "25.35",
        "200705": "26.25",
        "200706": "25.94",
        "200707": "26.46",
        "200708": "27.06",
        "200709": "27.97",
        "200710": "29.52",
        "200711": "30.81",
        "200712": "31.43",
        "200801": "30.72",
        "200802": "29.39",
        "200803": "29.87",
        "200804": "30.15",
        "200805": "28.73",
        "200806": "27.45",
        "200807": "25.59",
        "200808": "27.12",
        "200809": "26.32",
        "200810": "23.03",
        "200811": "22.36",
        "200812": "22.47",
        "200901": "21.91",
        "200902": "21.25",
        "200903": "20.79",
        "200904": "22.03",
        "200905": "22.54",
        "200906": "24.30",
        "200907": "24.73",
        "200908": "24.54",
        "200909": "25.93",
        "200910": "27.08",
        "200911": "28.06",
        "200912": "28.89",
        "201001": "27.81",
        "201002": "27.17",
        "201003": "27.13",
        "201004": "27.14",
        "201005": "26.29",
        "201006": "25.84",
        "201007": "26.51",
        "201008": "28.00",
        "201009": "29.01",
        "201010": "30.14",
        "201011": "31.50",
        "201012": "32.49",
        "201101": "31.58",
        "201102": "31.72",
        "201103": "32.27",
        "201104": "33.73",
        "201105": "33.75",
        "201106": "32.87",
        "201107": "34.25",
        "201108": "33.87",
        "201109": "34.76",
        "201110": "33.53",
        "201111": "33.51",
        "201112": "33.93",
        "201201": "34.12",
        "201202": "34.30",
        "201203": "35.33",
        "201204": "36.90",
        "201205": "38.02",
        "201206": "37.58",
        "201207": "39.04",
        "201208": "39.09",
        "201209": "38.01",
        "201210": "37.83",
        "201211": "37.01",
        "201212": "37.13",
        "201301": "37.26",
        "201302": "37.96",
        "201303": "39.39",
        "201304": "41.51",
        "201305": "42.16",
        "201306": "40.45",
        "201307": "40.67",
        "201308": "39.21",
        "201309": "38.63",
        "201310": "38.31",
        "201311": "40.05",
        "201312": "40.10",
        "201401": "39.47",
        "201402": "37.90",
        "201403": "38.46",
        "201404": "39.69",
        "201405": "40.76",
        "201406": "41.28",
        "201407": "41.56",
        "201408": "40.53",
        "201409": "41.92",
        "201410": "42.49",
        "201411": "43.21",
        "201412": "42.50",
        "201501": "42.66",
        "201502": "41.98",
        "201503": "40.92",
        "201504": "40.77",
        "201505": "41.06",
        "201506": "40.22",
        "201507": "40.57",
        "201508": "40.60",
        "201509": "38.95",
        "201510": "41.93",
        "201511": "42.29",
        "201512": "43.08",
        "201601": "41.99",
        "201602": "43.17",
        "201603": "45.16",
        "201604": "45.71",
        "201605": "44.89",
        "201606": "44.97",
        "201607": "45.18",
        "201608": "43.68",
        "201609": "42.68",
        "201610": "41.98",
        "201611": "41.52",
        "201612": "41.35",
        "201701": "41.44",
        "201702": "41.35",
        "201703": "42.24",
        "201704": "42.93",
        "201705": "44.09",
        "201706": "45.36",
        "201707": "44.93",
        "201708": "45.65",
        "201709": "45.86",
        "201710": "45.97",
        "201711": "46.06",
        "201712": "45.87",
        "201801": "46.80",
        "201802": "44.33",
        "201803": "43.57",
        "201804": "43.80",
        "201805": "42.24",
        "201806": "43.57",
        "201807": "45.13",
        "201808": "45.99",
        "201809": "45.95",
        "201810": "46.08",
        "201811": "49.35",
        "201812": "48.38",
        "201901": "47.36",
        "201902": "47.17",
        "201903": "45.82",
        "201904": "47.22",
        "201905": "48.77",
        "201906": "51.15",
        "201907": "52.46",
        "201908": "53.72",
        "201909": "54.55",
        "201910": "53.90",
        "201911": "52.89",
        "201912": "54.45",
        "202001": "56.45",
        "202002": "58.65",
        "202003": "47.67",
        "202004": "46.34",
        "202005": "45.25",
        "202006": "46.53",
        "202007": "46.50",
        "202008": "47.94",
        "202009": "49.92",
        "202010": "49.72",
        "202011": "52.08",
        "202012": "53.34",
        "202101": "49.65",
        "202102": "49.86",
        "202103": "51.28",
        "202104": "53.59",
        "202105": "54.60",
        "202106": "55.01",
        "202107": "55.73",
        "202108": "56.56",
        "202109": "54.91",
        "202110": "54.32",
        "202111": "55.80",
        "202112": "56.88",
        "202201": "60.44",
        "202202": "61.43",
        "202203": "60.62",
        "202204": "64.53",
        "202205": "63.87",
        "202206": "61.83",
        "202207": "62.75",
        "202208": "63.81",
        "202209": "59.76",
        "202210": "56.63",
        "202211": "60.90",
        "202212": "63.58",
        "202301": "61.36",
        "202302": "59.94",
        "202303": "60.35",
        "202304": "63.28",
        "202305": "62.65",
        "202306": "60.79",
        "202307": "61.22",
        "202308": "60.75",
        "202309": "57.85",
        "202310": "54.42",
        "202311": "57.46",
        "202312": "58.73",
        "202401": "59.79",
        "202402": "60.19",
        "202403": "60.24",
        "202404": "無"
    },
    "quarters": {
        "20011": {
            "year_quarter": 20011,
            "year": 2001,
            "quarter": 1,
            "eps": 0.18,
            "eps_growth_year": 125.7,
            "eps_4q": 0.71,
            "eps_4q_growth_year": 36.33,
            "roe": 9.04,
            "roe_4q": 9.04,
            "gross_profit": 2614000,
            "gross_margin": 66.03,
            "gross_margin_4q_avg": 66.03,
            "net_income": 873000,
            "net_income_4q": null,
            "revenue": 3959000,
            "revenue_4q": null,
            "common_shares": 871000,
            "book_valuer_per_share": 1.63,
            "book_valuer_per_share_4q_avg": 1.63,
            "equity": 10000000,
            "current_ratio": 81.79,
            "debt_ratio": 55.05,
            "inventory_turnover_ratio": 1.23,
            "account_receivable_turnover_ratio": 2.26,
            "reinvestment_rate": 2.26,
            "research_to_sale_ratio": null,
            "price_fair": 0,
            "eps_avg_yearly": 0,
            "eps_latest_yearly": 0,
            "eps_growth_yearly": 0
        },
        "20012": {
            "year_quarter": 20012,
            "year": 2001,
            "quarter": 2,
            "eps": 0.22,
            "eps_growth_year": 5.35,
            "eps_4q": 0.72,
            "eps_4q_growth_year": 32.45,
            "roe": 10.96,
            "roe_4q": 20,
            "gross_profit": 3074000,
            "gross_margin": 66.06,
            "gross_margin_4q_avg": 66.05,
            "net_income": 1118000,
            "net_income_4q": null,
            "revenue": 4653000,
            "revenue_4q": null,
            "common_shares": 872000,
            "book_valuer_per_share": 1.67,
            "book_valuer_per_share_4q_avg": 1.65,
            "equity": 10407000,
            "current_ratio": 87.72,
            "debt_ratio": 53.51,
            "inventory_turnover_ratio": 1.36,
            "account_receivable_turnover_ratio": 2.58,
            "reinvestment_rate": -1.4,
            "research_to_sale_ratio": null,
            "price_fair": 0,
            "eps_avg_yearly": 0,
            "eps_latest_yearly": 0,
            "eps_growth_yearly": 0
        },
        "20013": {
            "year_quarter": 20013,
            "year": 2001,
            "quarter": 3,
            "eps": 0.2,
            "eps_growth_year": -10.92,
            "eps_4q": 0.7,
            "eps_4q_growth_year": 13.47,
            "roe": 9.99,
            "roe_4q": 29.990000000000002,
            "gross_profit": 3003000,
            "gross_margin": 63.96,
            "gross_margin_4q_avg": 65.35,
            "net_income": 1074000,
            "net_income_4q": null,
            "revenue": 4695000,
            "revenue_4q": null,
            "common_shares": 873000,
            "book_valuer_per_share": 1.78,
            "book_valuer_per_share_4q_avg": 1.69,
            "equity": 11084000,
            "current_ratio": 87.42,
            "debt_ratio": 51.1,
            "inventory_turnover_ratio": 1.45,
            "account_receivable_turnover_ratio": 2.56,
            "reinvestment_rate": 0.77,
            "research_to_sale_ratio": null,
            "price_fair": 0,
            "eps_avg_yearly": 0,
            "eps_latest_yearly": 0,
            "eps_growth_yearly": 0
        },
        "20014": {
            "year_quarter": 20014,
            "year": 2001,
            "quarter": 4,
            "eps": 0.2,
            "eps_growth_year": 103.56,
            "eps_4q": 0.8,
            "eps_4q_growth_year": 29.93,
            "roe": 8.14,
            "roe_4q": 38.13,
            "gross_profit": 2810000,
            "gross_margin": 66.3,
            "gross_margin_4q_avg": 65.59,
            "net_income": 914000,
            "net_income_4q": null,
            "revenue": 4238000,
            "revenue_4q": null,
            "common_shares": 873000,
            "book_valuer_per_share": 1.77,
            "book_valuer_per_share_4q_avg": 1.71,
            "equity": 11366000,
            "current_ratio": 85.08,
            "debt_ratio": 49.3,
            "inventory_turnover_ratio": 1.3,
            "account_receivable_turnover_ratio": 2.3,
            "reinvestment_rate": -4.4,
            "research_to_sale_ratio": null,
            "price_fair": 0,
            "eps_avg_yearly": 0,
            "eps_latest_yearly": 0,
            "eps_growth_yearly": 0
        },
        "20021": {
            "year_quarter": 20021,
            "year": 2002,
            "quarter": 1,
            "eps": 0.15,
            "eps_growth_year": -16.02,
            "eps_4q": 0.77,
            "eps_4q_growth_year": 8.2,
            "roe": 6.69,
            "roe_4q": 35.78,
            "gross_profit": 2685000,
            "gross_margin": 65.82,
            "gross_margin_4q_avg": 65.54,
            "net_income": 732000,
            "net_income_4q": null,
            "revenue": 4079000,
            "revenue_4q": null,
            "common_shares": 873000,
            "book_valuer_per_share": 1.46,
            "book_valuer_per_share_4q_avg": 1.67,
            "equity": 10528000,
            "current_ratio": 92.28,
            "debt_ratio": 55.56,
            "inventory_turnover_ratio": 1.21,
            "account_receivable_turnover_ratio": 2.11,
            "reinvestment_rate": -7.3,
            "research_to_sale_ratio": null,
            "price_fair": 1.8,
            "eps_avg_yearly": 0.6,
            "eps_latest_yearly": 0.6,
            "eps_growth_yearly": -100
        },
        "20022": {
            "year_quarter": 20022,
            "year": 2002,
            "quarter": 2,
            "eps": 0.25,
            "eps_growth_year": 9.39,
            "eps_4q": 0.79,
            "eps_4q_growth_year": 9.41,
            "roe": 11.18,
            "roe_4q": 36,
            "gross_profit": 3441000,
            "gross_margin": 64.1,
            "gross_margin_4q_avg": 65.05,
            "net_income": 1223000,
            "net_income_4q": null,
            "revenue": 5368000,
            "revenue_4q": null,
            "common_shares": 874000,
            "book_valuer_per_share": 1.6,
            "book_valuer_per_share_4q_avg": 1.65,
            "equity": 11351000,
            "current_ratio": 96.47,
            "debt_ratio": 55.11,
            "inventory_turnover_ratio": 1.46,
            "account_receivable_turnover_ratio": 2.49,
            "reinvestment_rate": -8.25,
            "research_to_sale_ratio": null,
            "price_fair": 28,
            "eps_avg_yearly": 0.8,
            "eps_latest_yearly": 1,
            "eps_growth_yearly": 83.33
        },
        "20023": {
            "year_quarter": 20023,
            "year": 2002,
            "quarter": 3,
            "eps": 0.22,
            "eps_growth_year": 8.21,
            "eps_4q": 0.81,
            "eps_4q_growth_year": 15.69,
            "roe": 9.5,
            "roe_4q": 35.510000000000005,
            "gross_profit": 3239000,
            "gross_margin": 60.86,
            "gross_margin_4q_avg": 64.27,
            "net_income": 1091000,
            "net_income_4q": null,
            "revenue": 5322000,
            "revenue_4q": null,
            "common_shares": 874000,
            "book_valuer_per_share": 1.63,
            "book_valuer_per_share_4q_avg": 1.62,
            "equity": 11612000,
            "current_ratio": 101.69,
            "debt_ratio": 54.1,
            "inventory_turnover_ratio": 1.56,
            "account_receivable_turnover_ratio": 2.36,
            "reinvestment_rate": 0.93,
            "research_to_sale_ratio": null,
            "price_fair": 28.93,
            "eps_avg_yearly": 0.83,
            "eps_latest_yearly": 0.88,
            "eps_growth_yearly": 39.56
        },
        "20024": {
            "year_quarter": 20024,
            "year": 2002,
            "quarter": 4,
            "eps": 0.19,
            "eps_growth_year": -4.6,
            "eps_4q": 0.8,
            "eps_4q_growth_year": 0.08,
            "roe": 7.94,
            "roe_4q": 35.31,
            "gross_profit": 3094000,
            "gross_margin": 64.53,
            "gross_margin_4q_avg": 63.83,
            "net_income": 930000,
            "net_income_4q": null,
            "revenue": 4795000,
            "revenue_4q": null,
            "common_shares": 873000,
            "book_valuer_per_share": 1.69,
            "book_valuer_per_share_4q_avg": 1.6,
            "equity": 11800000,
            "current_ratio": 100.15,
            "debt_ratio": 51.65,
            "inventory_turnover_ratio": 1.32,
            "account_receivable_turnover_ratio": 2.24,
            "reinvestment_rate": 2.21,
            "research_to_sale_ratio": null,
            "price_fair": 21.08,
            "eps_avg_yearly": 0.81,
            "eps_latest_yearly": 0.76,
            "eps_growth_yearly": 16.03
        },
        "20031": {
            "year_quarter": 20031,
            "year": 2003,
            "quarter": 1,
            "eps": 0.19,
            "eps_growth_year": 30.96,
            "eps_4q": 0.85,
            "eps_4q_growth_year": 9.63,
            "roe": 6.98,
            "roe_4q": 35.6,
            "gross_profit": 2885000,
            "gross_margin": 64.08,
            "gross_margin_4q_avg": 63.39,
            "net_income": 835000,
            "net_income_4q": null,
            "revenue": 4502000,
            "revenue_4q": null,
            "common_shares": 873000,
            "book_valuer_per_share": 1.68,
            "book_valuer_per_share_4q_avg": 1.65,
            "equity": 12135000,
            "current_ratio": 97.13,
            "debt_ratio": 53.9,
            "inventory_turnover_ratio": 1.22,
            "account_receivable_turnover_ratio": 2.15,
            "reinvestment_rate": -1.81,
            "research_to_sale_ratio": null,
            "price_fair": 18.26,
            "eps_avg_yearly": 0.8,
            "eps_latest_yearly": 0.76,
            "eps_growth_yearly": 12.82
        },
        "20032": {
            "year_quarter": 20032,
            "year": 2003,
            "quarter": 2,
            "eps": 0.29,
            "eps_growth_year": 16.85,
            "eps_4q": 0.89,
            "eps_4q_growth_year": 11.93,
            "roe": 10.61,
            "roe_4q": 35.03,
            "gross_profit": 3568000,
            "gross_margin": 62.65,
            "gross_margin_4q_avg": 63.03,
            "net_income": 1362000,
            "net_income_4q": null,
            "revenue": 5695000,
            "revenue_4q": null,
            "common_shares": 873000,
            "book_valuer_per_share": 1.92,
            "book_valuer_per_share_4q_avg": 1.73,
            "equity": 13534000,
            "current_ratio": 101.59,
            "debt_ratio": 51.58,
            "inventory_turnover_ratio": 1.51,
            "account_receivable_turnover_ratio": 2.57,
            "reinvestment_rate": 1.54,
            "research_to_sale_ratio": null,
            "price_fair": 30.1,
            "eps_avg_yearly": 0.86,
            "eps_latest_yearly": 1.16,
            "eps_growth_yearly": 45.77
        },
        "20033": {
            "year_quarter": 20033,
            "year": 2003,
            "quarter": 3,
            "eps": 0.26,
            "eps_growth_year": 16.79,
            "eps_4q": 0.92,
            "eps_4q_growth_year": 14.19,
            "roe": 9.04,
            "roe_4q": 34.57,
            "gross_profit": 3503000,
            "gross_margin": 61.77,
            "gross_margin_4q_avg": 63.26,
            "net_income": 1223000,
            "net_income_4q": null,
            "revenue": 5671000,
            "revenue_4q": null,
            "common_shares": 873000,
            "book_valuer_per_share": 1.95,
            "book_valuer_per_share_4q_avg": 1.81,
            "equity": 13525000,
            "current_ratio": 105.27,
            "debt_ratio": 50.65,
            "inventory_turnover_ratio": 1.58,
            "account_receivable_turnover_ratio": 2.53,
            "reinvestment_rate": 2.93,
            "research_to_sale_ratio": null,
            "price_fair": 31,
            "eps_avg_yearly": 0.89,
            "eps_latest_yearly": 1.04,
            "eps_growth_yearly": 33.32
        },
        "20034": {
            "year_quarter": 20034,
            "year": 2003,
            "quarter": 4,
            "eps": 0.24,
            "eps_growth_year": 26.63,
            "eps_4q": 0.97,
            "eps_4q_growth_year": 21.72,
            "roe": 6.71,
            "roe_4q": 33.34,
            "gross_profit": 3326000,
            "gross_margin": 64.26,
            "gross_margin_4q_avg": 63.19,
            "net_income": 927000,
            "net_income_4q": null,
            "revenue": 5176000,
            "revenue_4q": null,
            "common_shares": 874000,
            "book_valuer_per_share": 2.07,
            "book_valuer_per_share_4q_avg": 1.91,
            "equity": 14090000,
            "current_ratio": 106.47,
            "debt_ratio": 48.47,
            "inventory_turnover_ratio": 1.45,
            "account_receivable_turnover_ratio": 2.45,
            "reinvestment_rate": 7,
            "research_to_sale_ratio": null,
            "price_fair": 31.33,
            "eps_avg_yearly": 0.9,
            "eps_latest_yearly": 0.96,
            "eps_growth_yearly": 25.31
        },
        "20041": {
            "year_quarter": 20041,
            "year": 2004,
            "quarter": 1,
            "eps": 0.23,
            "eps_growth_year": 19.59,
            "eps_4q": 1.01,
            "eps_4q_growth_year": 19.63,
            "roe": 7.84,
            "roe_4q": 34.2,
            "gross_profit": 3267000,
            "gross_margin": 64.98,
            "gross_margin_4q_avg": 63.42,
            "net_income": 1127000,
            "net_income_4q": null,
            "revenue": 5028000,
            "revenue_4q": null,
            "common_shares": 874000,
            "book_valuer_per_share": 2.16,
            "book_valuer_per_share_4q_avg": 2.03,
            "equity": 14662000,
            "current_ratio": 107.35,
            "debt_ratio": 49.73,
            "inventory_turnover_ratio": 1.33,
            "account_receivable_turnover_ratio": 2.45,
            "reinvestment_rate": 8.95,
            "research_to_sale_ratio": null,
            "price_fair": 27.52,
            "eps_avg_yearly": 0.9,
            "eps_latest_yearly": 0.92,
            "eps_growth_yearly": 20.65
        },
        "20042": {
            "year_quarter": 20042,
            "year": 2004,
            "quarter": 2,
            "eps": 0.34,
            "eps_growth_year": 18.15,
            "eps_4q": 1.06,
            "eps_4q_growth_year": 19.92,
            "roe": 10.68,
            "roe_4q": 34.269999999999996,
            "gross_profit": 3875000,
            "gross_margin": 65.52,
            "gross_margin_4q_avg": 64.13,
            "net_income": 1584000,
            "net_income_4q": null,
            "revenue": 5914000,
            "revenue_4q": null,
            "common_shares": 875000,
            "book_valuer_per_share": 2.25,
            "book_valuer_per_share_4q_avg": 2.11,
            "equity": 15003000,
            "current_ratio": 104.31,
            "debt_ratio": 49.73,
            "inventory_turnover_ratio": 1.41,
            "account_receivable_turnover_ratio": 2.84,
            "reinvestment_rate": 7.7,
            "research_to_sale_ratio": null,
            "price_fair": 33.04,
            "eps_avg_yearly": 0.94,
            "eps_latest_yearly": 1.36,
            "eps_growth_yearly": 37.71
        },
        "20043": {
            "year_quarter": 20043,
            "year": 2004,
            "quarter": 3,
            "eps": 0.25,
            "eps_growth_year": -0.97,
            "eps_4q": 1.06,
            "eps_4q_growth_year": 14.86,
            "roe": 6.24,
            "roe_4q": 31.470000000000002,
            "gross_profit": 3535000,
            "gross_margin": 63.17,
            "gross_margin_4q_avg": 64.48,
            "net_income": 935000,
            "net_income_4q": null,
            "revenue": 5596000,
            "revenue_4q": null,
            "common_shares": 875000,
            "book_valuer_per_share": 2.33,
            "book_valuer_per_share_4q_avg": 2.2,
            "equity": 14954000,
            "current_ratio": 102.03,
            "debt_ratio": 48.96,
            "inventory_turnover_ratio": 1.42,
            "account_receivable_turnover_ratio": 2.71,
            "reinvestment_rate": 13.14,
            "research_to_sale_ratio": null,
            "price_fair": 32.9,
            "eps_avg_yearly": 0.95,
            "eps_latest_yearly": 1,
            "eps_growth_yearly": 24.66
        },
        "20044": {
            "year_quarter": 20044,
            "year": 2004,
            "quarter": 4,
            "eps": 0.25,
            "eps_growth_year": 6.48,
            "eps_4q": 1.08,
            "eps_4q_growth_year": 10.55,
            "roe": 7.78,
            "roe_4q": 32.54,
            "gross_profit": 3391000,
            "gross_margin": 65.16,
            "gross_margin_4q_avg": 64.71,
            "net_income": 1201000,
            "net_income_4q": null,
            "revenue": 5204000,
            "revenue_4q": null,
            "common_shares": 875000,
            "book_valuer_per_share": 2.51,
            "book_valuer_per_share_4q_avg": 2.31,
            "equity": 15935000,
            "current_ratio": 110.31,
            "debt_ratio": 49.32,
            "inventory_turnover_ratio": 1.28,
            "account_receivable_turnover_ratio": 2.46,
            "reinvestment_rate": 12.49,
            "research_to_sale_ratio": null,
            "price_fair": 31.08,
            "eps_avg_yearly": 0.95,
            "eps_latest_yearly": 1,
            "eps_growth_yearly": 22.6
        },
        "20051": {
            "year_quarter": 20051,
            "year": 2005,
            "quarter": 1,
            "eps": 0.21,
            "eps_growth_year": -9.84,
            "eps_4q": 1.05,
            "eps_4q_growth_year": 4.19,
            "roe": 6.18,
            "roe_4q": 30.880000000000003,
            "gross_profit": 3388000,
            "gross_margin": 65.08,
            "gross_margin_4q_avg": 64.73,
            "net_income": 1002000,
            "net_income_4q": null,
            "revenue": 5206000,
            "revenue_4q": null,
            "common_shares": 875000,
            "book_valuer_per_share": 2.63,
            "book_valuer_per_share_4q_avg": 2.43,
            "equity": 16511000,
            "current_ratio": 115.51,
            "debt_ratio": 47.77,
            "inventory_turnover_ratio": 1.24,
            "account_receivable_turnover_ratio": 2.39,
            "reinvestment_rate": 15.38,
            "research_to_sale_ratio": null,
            "price_fair": 24.51,
            "eps_avg_yearly": 0.94,
            "eps_latest_yearly": 0.84,
            "eps_growth_yearly": 15.94
        },
        "20052": {
            "year_quarter": 20052,
            "year": 2005,
            "quarter": 2,
            "eps": 0.36,
            "eps_growth_year": 5.74,
            "eps_4q": 1.07,
            "eps_4q_growth_year": 0.91,
            "roe": 10.49,
            "roe_4q": 30.690000000000005,
            "gross_profit": 4164000,
            "gross_margin": 65.99,
            "gross_margin_4q_avg": 64.85,
            "net_income": 1723000,
            "net_income_4q": null,
            "revenue": 6310000,
            "revenue_4q": null,
            "common_shares": 875000,
            "book_valuer_per_share": 2.63,
            "book_valuer_per_share_4q_avg": 2.53,
            "equity": 16343000,
            "current_ratio": 119.97,
            "debt_ratio": 44.93,
            "inventory_turnover_ratio": 1.44,
            "account_receivable_turnover_ratio": 2.83,
            "reinvestment_rate": 12.32,
            "research_to_sale_ratio": null,
            "price_fair": 34.3,
            "eps_avg_yearly": 0.98,
            "eps_latest_yearly": 1.44,
            "eps_growth_yearly": 35.21
        },
        "20053": {
            "year_quarter": 20053,
            "year": 2005,
            "quarter": 3,
            "eps": 0.28,
            "eps_growth_year": 11.3,
            "eps_4q": 1.1,
            "eps_4q_growth_year": 3.85,
            "roe": 7.81,
            "roe_4q": 32.26,
            "gross_profit": 3802000,
            "gross_margin": 62.98,
            "gross_margin_4q_avg": 64.8,
            "net_income": 1283000,
            "net_income_4q": null,
            "revenue": 6037000,
            "revenue_4q": null,
            "common_shares": 876000,
            "book_valuer_per_share": 2.66,
            "book_valuer_per_share_4q_avg": 2.61,
            "equity": 16526000,
            "current_ratio": 117.46,
            "debt_ratio": 44.7,
            "inventory_turnover_ratio": 1.54,
            "account_receivable_turnover_ratio": 2.64,
            "reinvestment_rate": 15.81,
            "research_to_sale_ratio": null,
            "price_fair": 34.63,
            "eps_avg_yearly": 0.99,
            "eps_latest_yearly": 1.12,
            "eps_growth_yearly": 26.94
        },
        "20054": {
            "year_quarter": 20054,
            "year": 2005,
            "quarter": 4,
            "eps": 0.18,
            "eps_growth_year": -28.12,
            "eps_4q": 1.03,
            "eps_4q_growth_year": -4.24,
            "roe": 5.26,
            "roe_4q": 29.740000000000002,
            "gross_profit": 3555000,
            "gross_margin": 64.04,
            "gross_margin_4q_avg": 64.52,
            "net_income": 864000,
            "net_income_4q": null,
            "revenue": 5551000,
            "revenue_4q": null,
            "common_shares": 877000,
            "book_valuer_per_share": 2.65,
            "book_valuer_per_share_4q_avg": 2.64,
            "equity": 16355000,
            "current_ratio": 103.75,
            "debt_ratio": 44.42,
            "inventory_turnover_ratio": 1.42,
            "account_receivable_turnover_ratio": 2.47,
            "reinvestment_rate": 16.17,
            "research_to_sale_ratio": null,
            "price_fair": 25.6,
            "eps_avg_yearly": 0.97,
            "eps_latest_yearly": 0.72,
            "eps_growth_yearly": 16.33
        },
        "20061": {
            "year_quarter": 20061,
            "year": 2006,
            "quarter": 1,
            "eps": 0.23,
            "eps_growth_year": 12.44,
            "eps_4q": 1.06,
            "eps_4q_growth_year": 0.28,
            "roe": 6.75,
            "roe_4q": 30.310000000000002,
            "gross_profit": 3500000,
            "gross_margin": 66.97,
            "gross_margin_4q_avg": 65,
            "net_income": 1106000,
            "net_income_4q": null,
            "revenue": 5226000,
            "revenue_4q": null,
            "common_shares": 877000,
            "book_valuer_per_share": 2.61,
            "book_valuer_per_share_4q_avg": 2.64,
            "equity": 16406000,
            "current_ratio": 99.95,
            "debt_ratio": 44.97,
            "inventory_turnover_ratio": 1.18,
            "account_receivable_turnover_ratio": 2.31,
            "reinvestment_rate": 14.29,
            "research_to_sale_ratio": null,
            "price_fair": 34.74,
            "eps_avg_yearly": 0.99,
            "eps_latest_yearly": 0.92,
            "eps_growth_yearly": 29.52
        },
        "20062": {
            "year_quarter": 20062,
            "year": 2006,
            "quarter": 2,
            "eps": 0.39,
            "eps_growth_year": 8.78,
            "eps_4q": 1.09,
            "eps_4q_growth_year": 1.39,
            "roe": 10.95,
            "roe_4q": 30.77,
            "gross_profit": 4366000,
            "gross_margin": 67.42,
            "gross_margin_4q_avg": 65.35,
            "net_income": 1836000,
            "net_income_4q": null,
            "revenue": 6476000,
            "revenue_4q": null,
            "common_shares": 877000,
            "book_valuer_per_share": 2.76,
            "book_valuer_per_share_4q_avg": 2.67,
            "equity": 17122000,
            "current_ratio": 102.46,
            "debt_ratio": 43.58,
            "inventory_turnover_ratio": 1.33,
            "account_receivable_turnover_ratio": 2.68,
            "reinvestment_rate": 15.35,
            "research_to_sale_ratio": null,
            "price_fair": 35.96,
            "eps_avg_yearly": 1.03,
            "eps_latest_yearly": 1.56,
            "eps_growth_yearly": 30.25
        },
        "20063": {
            "year_quarter": 20063,
            "year": 2006,
            "quarter": 3,
            "eps": 0.31,
            "eps_growth_year": 10.17,
            "eps_4q": 1.12,
            "eps_4q_growth_year": 1.36,
            "roe": 8.31,
            "roe_4q": 31.269999999999996,
            "gross_profit": 4189000,
            "gross_margin": 64.91,
            "gross_margin_4q_avg": 65.84,
            "net_income": 1460000,
            "net_income_4q": null,
            "revenue": 6454000,
            "revenue_4q": null,
            "common_shares": 877000,
            "book_valuer_per_share": 2.75,
            "book_valuer_per_share_4q_avg": 2.69,
            "equity": 18000000,
            "current_ratio": 101.36,
            "debt_ratio": 42.5,
            "inventory_turnover_ratio": 1.41,
            "account_receivable_turnover_ratio": 2.54,
            "reinvestment_rate": 16.6,
            "research_to_sale_ratio": null,
            "price_fair": 36.75,
            "eps_avg_yearly": 1.05,
            "eps_latest_yearly": 1.24,
            "eps_growth_yearly": 28.12
        },
        "20064": {
            "year_quarter": 20064,
            "year": 2006,
            "quarter": 4,
            "eps": 0.14,
            "eps_growth_year": -20.39,
            "eps_4q": 1.08,
            "eps_4q_growth_year": 4.75,
            "roe": 3.88,
            "roe_4q": 29.89,
            "gross_profit": 3869000,
            "gross_margin": 65.22,
            "gross_margin_4q_avg": 66.13,
            "net_income": 678000,
            "net_income_4q": null,
            "revenue": 5932000,
            "revenue_4q": null,
            "common_shares": 878000,
            "book_valuer_per_share": 2.54,
            "book_valuer_per_share_4q_avg": 2.67,
            "equity": 16920000,
            "current_ratio": 94.95,
            "debt_ratio": 43.53,
            "inventory_turnover_ratio": 1.28,
            "account_receivable_turnover_ratio": 2.34,
            "reinvestment_rate": 13.64,
            "research_to_sale_ratio": null,
            "price_fair": 28.86,
            "eps_avg_yearly": 1.04,
            "eps_latest_yearly": 0.56,
            "eps_growth_yearly": 17.82
        },
        "20071": {
            "year_quarter": 20071,
            "year": 2007,
            "quarter": 1,
            "eps": 0.27,
            "eps_growth_year": 16.32,
            "eps_4q": 1.12,
            "eps_4q_growth_year": 5.8,
            "roe": 7.4,
            "roe_4q": 30.540000000000003,
            "gross_profit": 3958000,
            "gross_margin": 64.85,
            "gross_margin_4q_avg": 65.6,
            "net_income": 1262000,
            "net_income_4q": null,
            "revenue": 6103000,
            "revenue_4q": null,
            "common_shares": 878000,
            "book_valuer_per_share": 2.43,
            "book_valuer_per_share_4q_avg": 2.62,
            "equity": 17211000,
            "current_ratio": 93.2,
            "debt_ratio": 48.03,
            "inventory_turnover_ratio": 1.21,
            "account_receivable_turnover_ratio": 2.27,
            "reinvestment_rate": 11.08,
            "research_to_sale_ratio": null,
            "price_fair": 37.01,
            "eps_avg_yearly": 1.06,
            "eps_latest_yearly": 1.08,
            "eps_growth_yearly": 41.03
        },
        "20072": {
            "year_quarter": 20072,
            "year": 2007,
            "quarter": 2,
            "eps": 0.4,
            "eps_growth_year": 1.94,
            "eps_4q": 1.13,
            "eps_4q_growth_year": 3.44,
            "roe": 10.23,
            "roe_4q": 29.82,
            "gross_profit": 4997000,
            "gross_margin": 64.62,
            "gross_margin_4q_avg": 64.9,
            "net_income": 1851000,
            "net_income_4q": null,
            "revenue": 7733000,
            "revenue_4q": null,
            "common_shares": 880000,
            "book_valuer_per_share": 1.72,
            "book_valuer_per_share_4q_avg": 2.36,
            "equity": 18972000,
            "current_ratio": 78.12,
            "debt_ratio": 52.56,
            "inventory_turnover_ratio": 1.37,
            "account_receivable_turnover_ratio": 2.54,
            "reinvestment_rate": 14.73,
            "research_to_sale_ratio": null,
            "price_fair": 37.98,
            "eps_avg_yearly": 1.09,
            "eps_latest_yearly": 1.6,
            "eps_growth_yearly": 39.91
        },
        "20073": {
            "year_quarter": 20073,
            "year": 2007,
            "quarter": 3,
            "eps": 0.35,
            "eps_growth_year": 13.87,
            "eps_4q": 1.17,
            "eps_4q_growth_year": 4.64,
            "roe": 8.56,
            "roe_4q": 30.069999999999997,
            "gross_profit": 4806000,
            "gross_margin": 62.5,
            "gross_margin_4q_avg": 64.3,
            "net_income": 1654000,
            "net_income_4q": null,
            "revenue": 7690000,
            "revenue_4q": null,
            "common_shares": 880000,
            "book_valuer_per_share": 1.7,
            "book_valuer_per_share_4q_avg": 2.1,
            "equity": 19669000,
            "current_ratio": 77.7,
            "debt_ratio": 52.8,
            "inventory_turnover_ratio": 1.4,
            "account_receivable_turnover_ratio": 2.39,
            "reinvestment_rate": 16.95,
            "research_to_sale_ratio": null,
            "price_fair": 38.76,
            "eps_avg_yearly": 1.11,
            "eps_latest_yearly": 1.4,
            "eps_growth_yearly": 39.37
        },
        "20074": {
            "year_quarter": 20074,
            "year": 2007,
            "quarter": 4,
            "eps": 0.26,
            "eps_growth_year": 78.6,
            "eps_4q": 1.28,
            "eps_4q_growth_year": 18.77,
            "roe": 5.86,
            "roe_4q": 32.050000000000004,
            "gross_profit": 4690000,
            "gross_margin": 63.97,
            "gross_margin_4q_avg": 63.99,
            "net_income": 1214000,
            "net_income_4q": null,
            "revenue": 7331000,
            "revenue_4q": null,
            "common_shares": 880000,
            "book_valuer_per_share": 2.05,
            "book_valuer_per_share_4q_avg": 1.98,
            "equity": 21744000,
            "current_ratio": 91.53,
            "debt_ratio": 49.75,
            "inventory_turnover_ratio": 1.24,
            "account_receivable_turnover_ratio": 2.28,
            "reinvestment_rate": 19.98,
            "research_to_sale_ratio": null,
            "price_fair": 38.94,
            "eps_avg_yearly": 1.11,
            "eps_latest_yearly": 1.04,
            "eps_growth_yearly": 34.87
        },
        "20081": {
            "year_quarter": 20081,
            "year": 2008,
            "quarter": 1,
            "eps": 0.32,
            "eps_growth_year": 17.34,
            "eps_4q": 1.33,
            "eps_4q_growth_year": 18.93,
            "roe": 6.75,
            "roe_4q": 31.400000000000002,
            "gross_profit": 4755000,
            "gross_margin": 64.44,
            "gross_margin_4q_avg": 63.88,
            "net_income": 1511000,
            "net_income_4q": null,
            "revenue": 7379000,
            "revenue_4q": null,
            "common_shares": 880000,
            "book_valuer_per_share": 2.24,
            "book_valuer_per_share_4q_avg": 1.93,
            "equity": 23032000,
            "current_ratio": 95.51,
            "debt_ratio": 51,
            "inventory_turnover_ratio": 1.12,
            "account_receivable_turnover_ratio": 2.16,
            "reinvestment_rate": 22.36,
            "research_to_sale_ratio": null,
            "price_fair": 39.73,
            "eps_avg_yearly": 1.14,
            "eps_latest_yearly": 1.28,
            "eps_growth_yearly": 41.68
        },
        "20082": {
            "year_quarter": 20082,
            "year": 2008,
            "quarter": 2,
            "eps": 0.3,
            "eps_growth_year": -23.73,
            "eps_4q": 1.24,
            "eps_4q_growth_year": 9.74,
            "roe": 6.24,
            "roe_4q": 27.410000000000004,
            "gross_profit": 5884000,
            "gross_margin": 65.05,
            "gross_margin_4q_avg": 63.99,
            "net_income": 1443000,
            "net_income_4q": null,
            "revenue": 9046000,
            "revenue_4q": null,
            "common_shares": 880000,
            "book_valuer_per_share": 2.22,
            "book_valuer_per_share_4q_avg": 2.05,
            "equity": 23182000,
            "current_ratio": 96.81,
            "debt_ratio": 51.43,
            "inventory_turnover_ratio": 1.27,
            "account_receivable_turnover_ratio": 2.39,
            "reinvestment_rate": 19.08,
            "research_to_sale_ratio": null,
            "price_fair": 39.38,
            "eps_avg_yearly": 1.13,
            "eps_latest_yearly": 1.2,
            "eps_growth_yearly": 28.16
        },
        "20083": {
            "year_quarter": 20083,
            "year": 2008,
            "quarter": 3,
            "eps": 0.41,
            "eps_growth_year": 14.37,
            "eps_4q": 1.29,
            "eps_4q_growth_year": 10.05,
            "roe": 8.16,
            "roe_4q": 27.009999999999998,
            "gross_profit": 5373000,
            "gross_margin": 64.02,
            "gross_margin_4q_avg": 64.37,
            "net_income": 1915000,
            "net_income_4q": null,
            "revenue": 8393000,
            "revenue_4q": null,
            "common_shares": 880000,
            "book_valuer_per_share": 2.37,
            "book_valuer_per_share_4q_avg": 2.22,
            "equity": 23745000,
            "current_ratio": 101.4,
            "debt_ratio": 50.72,
            "inventory_turnover_ratio": 1.24,
            "account_receivable_turnover_ratio": 2.17,
            "reinvestment_rate": 16.34,
            "research_to_sale_ratio": null,
            "price_fair": 40.78,
            "eps_avg_yearly": 1.17,
            "eps_latest_yearly": 1.64,
            "eps_growth_yearly": 43.94
        },
        "20084": {
            "year_quarter": 20084,
            "year": 2008,
            "quarter": 4,
            "eps": 0.21,
            "eps_growth_year": -17.12,
            "eps_4q": 1.24,
            "eps_4q_growth_year": -3.16,
            "roe": 4.55,
            "roe_4q": 25.700000000000003,
            "gross_profit": 4558000,
            "gross_margin": 63.96,
            "gross_margin_4q_avg": 64.37,
            "net_income": 1005000,
            "net_income_4q": null,
            "revenue": 7126000,
            "revenue_4q": null,
            "common_shares": 880000,
            "book_valuer_per_share": 1.72,
            "book_valuer_per_share_4q_avg": 2.14,
            "equity": 20472000,
            "current_ratio": 93.75,
            "debt_ratio": 49.48,
            "inventory_turnover_ratio": 1.14,
            "account_receivable_turnover_ratio": 2.11,
            "reinvestment_rate": 7.31,
            "research_to_sale_ratio": null,
            "price_fair": 40.43,
            "eps_avg_yearly": 1.16,
            "eps_latest_yearly": 0.84,
            "eps_growth_yearly": 31.75
        },
        "20091": {
            "year_quarter": 20091,
            "year": 2009,
            "quarter": 1,
            "eps": 0.29,
            "eps_growth_year": -8.89,
            "eps_4q": 1.21,
            "eps_4q_growth_year": -8.73,
            "roe": 6.6,
            "roe_4q": 25.549999999999997,
            "gross_profit": 4579000,
            "gross_margin": 63.87,
            "gross_margin_4q_avg": 64.23,
            "net_income": 1359000,
            "net_income_4q": null,
            "revenue": 7169000,
            "revenue_4q": null,
            "common_shares": 880000,
            "book_valuer_per_share": 1.79,
            "book_valuer_per_share_4q_avg": 2.03,
            "equity": 20712000,
            "current_ratio": 111.73,
            "debt_ratio": 51.95,
            "inventory_turnover_ratio": 1.15,
            "account_receivable_turnover_ratio": 2.3,
            "reinvestment_rate": 7.38,
            "research_to_sale_ratio": null,
            "price_fair": 41.13,
            "eps_avg_yearly": 1.18,
            "eps_latest_yearly": 1.16,
            "eps_growth_yearly": 45.27
        },
        "20092": {
            "year_quarter": 20092,
            "year": 2009,
            "quarter": 2,
            "eps": 0.44,
            "eps_growth_year": 44.48,
            "eps_4q": 1.35,
            "eps_4q_growth_year": 9.17,
            "roe": 9.36,
            "roe_4q": 28.669999999999998,
            "gross_profit": 5354000,
            "gross_margin": 64.76,
            "gross_margin_4q_avg": 64.15,
            "net_income": 2049000,
            "net_income_4q": null,
            "revenue": 8267000,
            "revenue_4q": null,
            "common_shares": 880000,
            "book_valuer_per_share": 2.26,
            "book_valuer_per_share_4q_avg": 2.04,
            "equity": 23076000,
            "current_ratio": 120.68,
            "debt_ratio": 49.89,
            "inventory_turnover_ratio": 1.22,
            "account_receivable_turnover_ratio": 2.4,
            "reinvestment_rate": 10.89,
            "research_to_sale_ratio": null,
            "price_fair": 41.83,
            "eps_avg_yearly": 1.2,
            "eps_latest_yearly": 1.76,
            "eps_growth_yearly": 40.34
        },
        "20093": {
            "year_quarter": 20093,
            "year": 2009,
            "quarter": 3,
            "eps": 0.41,
            "eps_growth_year": 0.19,
            "eps_4q": 1.35,
            "eps_4q_growth_year": 4.9,
            "roe": 8.16,
            "roe_4q": 28.669999999999998,
            "gross_profit": 5110000,
            "gross_margin": 63.53,
            "gross_margin_4q_avg": 64.03,
            "net_income": 1920000,
            "net_income_4q": null,
            "revenue": 8044000,
            "revenue_4q": null,
            "common_shares": 880000,
            "book_valuer_per_share": 2.45,
            "book_valuer_per_share_4q_avg": 2.06,
            "equity": 23955000,
            "current_ratio": 126.71,
            "debt_ratio": 49.15,
            "inventory_turnover_ratio": 1.22,
            "account_receivable_turnover_ratio": 2.23,
            "reinvestment_rate": 12.16,
            "research_to_sale_ratio": null,
            "price_fair": 42.96,
            "eps_avg_yearly": 1.23,
            "eps_latest_yearly": 1.64,
            "eps_growth_yearly": 44.2
        },
        "20094": {
            "year_quarter": 20094,
            "year": 2009,
            "quarter": 4,
            "eps": 0.33,
            "eps_growth_year": 53.68,
            "eps_4q": 1.47,
            "eps_4q_growth_year": 17.9,
            "roe": 6.4,
            "roe_4q": 30.520000000000003,
            "gross_profit": 4859000,
            "gross_margin": 64.7,
            "gross_margin_4q_avg": 64.22,
            "net_income": 1578000,
            "net_income_4q": null,
            "revenue": 7510000,
            "revenue_4q": null,
            "common_shares": 880000,
            "book_valuer_per_share": 2.72,
            "book_valuer_per_share_4q_avg": 2.31,
            "equity": 25346000,
            "current_ratio": 127.91,
            "debt_ratio": 47.92,
            "inventory_turnover_ratio": 1.13,
            "account_receivable_turnover_ratio": 2.08,
            "reinvestment_rate": 14.23,
            "research_to_sale_ratio": null,
            "price_fair": 44.28,
            "eps_avg_yearly": 1.27,
            "eps_latest_yearly": 1.32,
            "eps_growth_yearly": 48.25
        },
        "20101": {
            "year_quarter": 20101,
            "year": 2010,
            "quarter": 1,
            "eps": 0.36,
            "eps_growth_year": 23.96,
            "eps_4q": 1.53,
            "eps_4q_growth_year": 26.39,
            "roe": 6.44,
            "roe_4q": 30.36,
            "gross_profit": 4984000,
            "gross_margin": 66.23,
            "gross_margin_4q_avg": 64.81,
            "net_income": 1626000,
            "net_income_4q": null,
            "revenue": 7525000,
            "revenue_4q": null,
            "common_shares": 880000,
            "book_valuer_per_share": 2.78,
            "book_valuer_per_share_4q_avg": 2.55,
            "equity": 25157000,
            "current_ratio": 126.69,
            "debt_ratio": 46.93,
            "inventory_turnover_ratio": 1.09,
            "account_receivable_turnover_ratio": 2.02,
            "reinvestment_rate": 9.77,
            "research_to_sale_ratio": null,
            "price_fair": 45.41,
            "eps_avg_yearly": 1.3,
            "eps_latest_yearly": 1.44,
            "eps_growth_yearly": 43.57
        },
        "20102": {
            "year_quarter": 20102,
            "year": 2010,
            "quarter": 2,
            "eps": 1.15,
            "eps_growth_year": 161.96,
            "eps_4q": 2.24,
            "eps_4q_growth_year": 66.38,
            "roe": 21.06,
            "roe_4q": 42.06,
            "gross_profit": 5719000,
            "gross_margin": 65.93,
            "gross_margin_4q_avg": 65.1,
            "net_income": 5337000,
            "net_income_4q": null,
            "revenue": 8674000,
            "revenue_4q": null,
            "common_shares": 880000,
            "book_valuer_per_share": 2.91,
            "book_valuer_per_share_4q_avg": 2.72,
            "equity": 25518000,
            "current_ratio": 133.3,
            "debt_ratio": 47.32,
            "inventory_turnover_ratio": 1.26,
            "account_receivable_turnover_ratio": 2.25,
            "reinvestment_rate": 5.51,
            "research_to_sale_ratio": null,
            "price_fair": 52.06,
            "eps_avg_yearly": 1.49,
            "eps_latest_yearly": 4.6,
            "eps_growth_yearly": 81.04
        },
        "20103": {
            "year_quarter": 20103,
            "year": 2010,
            "quarter": 3,
            "eps": 1.07,
            "eps_growth_year": 164.22,
            "eps_4q": 2.91,
            "eps_4q_growth_year": 115.74,
            "roe": 18.66,
            "roe_4q": 52.559999999999995,
            "gross_profit": 5508000,
            "gross_margin": 65.37,
            "gross_margin_4q_avg": 65.56,
            "net_income": 4985000,
            "net_income_4q": null,
            "revenue": 8426000,
            "revenue_4q": null,
            "common_shares": 880000,
            "book_valuer_per_share": 3.38,
            "book_valuer_per_share_4q_avg": 2.95,
            "equity": 27906000,
            "current_ratio": 133.78,
            "debt_ratio": 48.41,
            "inventory_turnover_ratio": 1.26,
            "account_receivable_turnover_ratio": 2.18,
            "reinvestment_rate": 9.31,
            "research_to_sale_ratio": null,
            "price_fair": 58.71,
            "eps_avg_yearly": 1.68,
            "eps_latest_yearly": 4.28,
            "eps_growth_yearly": 84.43
        },
        "20104": {
            "year_quarter": 20104,
            "year": 2010,
            "quarter": 4,
            "eps": 1.19,
            "eps_growth_year": 262.7,
            "eps_4q": 3.78,
            "eps_4q_growth_year": 157.86,
            "roe": 19.56,
            "roe_4q": 65.72,
            "gross_profit": 6215000,
            "gross_margin": 59.22,
            "gross_margin_4q_avg": 64.19,
            "net_income": 5762000,
            "net_income_4q": null,
            "revenue": 10494000,
            "revenue_4q": null,
            "common_shares": 880000,
            "book_valuer_per_share": 0.89,
            "book_valuer_per_share_4q_avg": 2.49,
            "equity": 31003000,
            "current_ratio": 116.59,
            "debt_ratio": 57.48,
            "inventory_turnover_ratio": 1.74,
            "account_receivable_turnover_ratio": 2.58,
            "reinvestment_rate": 23.1,
            "research_to_sale_ratio": null,
            "price_fair": 67.9,
            "eps_avg_yearly": 1.94,
            "eps_latest_yearly": 4.76,
            "eps_growth_yearly": 100.95
        },
        "20111": {
            "year_quarter": 20111,
            "year": 2011,
            "quarter": 1,
            "eps": 0.51,
            "eps_growth_year": 42.37,
            "eps_4q": 3.93,
            "eps_4q_growth_year": 156.11,
            "roe": 6.06,
            "roe_4q": 65.34,
            "gross_profit": 6588000,
            "gross_margin": 62.64,
            "gross_margin_4q_avg": 63.29,
            "net_income": 1916000,
            "net_income_4q": null,
            "revenue": 10517000,
            "revenue_4q": null,
            "common_shares": 880000,
            "book_valuer_per_share": 1.08,
            "book_valuer_per_share_4q_avg": 2.07,
            "equity": 32279000,
            "current_ratio": 107.38,
            "debt_ratio": 57.56,
            "inventory_turnover_ratio": 1.38,
            "account_receivable_turnover_ratio": 2.35,
            "reinvestment_rate": 21.46,
            "research_to_sale_ratio": null,
            "price_fair": 70,
            "eps_avg_yearly": 2,
            "eps_latest_yearly": 2.04,
            "eps_growth_yearly": 63.45
        },
        "20112": {
            "year_quarter": 20112,
            "year": 2011,
            "quarter": 2,
            "eps": 0.62,
            "eps_growth_year": -46.01,
            "eps_4q": 3.4,
            "eps_4q_growth_year": 51.55,
            "roe": 8.33,
            "roe_4q": 52.61,
            "gross_profit": 7748000,
            "gross_margin": 60.83,
            "gross_margin_4q_avg": 62.02,
            "net_income": 2807000,
            "net_income_4q": null,
            "revenue": 12737000,
            "revenue_4q": null,
            "common_shares": 880000,
            "book_valuer_per_share": 1.67,
            "book_valuer_per_share_4q_avg": 1.76,
            "equity": 35142000,
            "current_ratio": 109.69,
            "debt_ratio": 56.12,
            "inventory_turnover_ratio": 1.59,
            "account_receivable_turnover_ratio": 2.51,
            "reinvestment_rate": 21.62,
            "research_to_sale_ratio": null,
            "price_fair": 71.93,
            "eps_avg_yearly": 2.06,
            "eps_latest_yearly": 2.48,
            "eps_growth_yearly": 56.8
        },
        "20113": {
            "year_quarter": 20113,
            "year": 2011,
            "quarter": 3,
            "eps": 0.49,
            "eps_growth_year": -54.33,
            "eps_4q": 2.82,
            "eps_4q_growth_year": -3.23,
            "roe": 6.57,
            "roe_4q": 40.519999999999996,
            "gross_profit": 7373000,
            "gross_margin": 60.2,
            "gross_margin_4q_avg": 60.72,
            "net_income": 2246000,
            "net_income_4q": null,
            "revenue": 12248000,
            "revenue_4q": null,
            "common_shares": 880000,
            "book_valuer_per_share": 1.26,
            "book_valuer_per_share_4q_avg": 1.23,
            "equity": 33209000,
            "current_ratio": 110.2,
            "debt_ratio": 59.38,
            "inventory_turnover_ratio": 1.52,
            "account_receivable_turnover_ratio": 2.28,
            "reinvestment_rate": 16.93,
            "research_to_sale_ratio": null,
            "price_fair": 73.15,
            "eps_avg_yearly": 2.09,
            "eps_latest_yearly": 1.96,
            "eps_growth_yearly": 54.68
        },
        "20114": {
            "year_quarter": 20114,
            "year": 2011,
            "quarter": 4,
            "eps": 0.19,
            "eps_growth_year": -83.8,
            "eps_4q": 1.82,
            "eps_4q_growth_year": -51.9,
            "roe": 2.85,
            "roe_4q": 23.81,
            "gross_profit": 6618000,
            "gross_margin": 59.95,
            "gross_margin_4q_avg": 60.91,
            "net_income": 924000,
            "net_income_4q": null,
            "revenue": 11040000,
            "revenue_4q": null,
            "common_shares": 1760000,
            "book_valuer_per_share": 0.88,
            "book_valuer_per_share_4q_avg": 1.22,
            "equity": 31635000,
            "current_ratio": 105,
            "debt_ratio": 60.44,
            "inventory_turnover_ratio": 1.41,
            "account_receivable_turnover_ratio": 2.2,
            "reinvestment_rate": 16.86,
            "research_to_sale_ratio": null,
            "price_fair": 72.54,
            "eps_avg_yearly": 2.07,
            "eps_latest_yearly": 0.76,
            "eps_growth_yearly": 45.81
        },
        "20121": {
            "year_quarter": 20121,
            "year": 2012,
            "quarter": 1,
            "eps": 0.46,
            "eps_growth_year": -10.92,
            "eps_4q": 1.76,
            "eps_4q_growth_year": -55.2,
            "roe": 6.41,
            "roe_4q": 24.16,
            "gross_profit": 6789000,
            "gross_margin": 60.96,
            "gross_margin_4q_avg": 60.49,
            "net_income": 2067000,
            "net_income_4q": null,
            "revenue": 11137000,
            "revenue_4q": null,
            "common_shares": 880000,
            "book_valuer_per_share": 1.09,
            "book_valuer_per_share_4q_avg": 1.23,
            "equity": 32818000,
            "current_ratio": 112.79,
            "debt_ratio": 60.88,
            "inventory_turnover_ratio": 1.33,
            "account_receivable_turnover_ratio": 2.29,
            "reinvestment_rate": 20.74,
            "research_to_sale_ratio": null,
            "price_fair": 73.76,
            "eps_avg_yearly": 2.11,
            "eps_latest_yearly": 1.84,
            "eps_growth_yearly": 75.56
        },
        "20122": {
            "year_quarter": 20122,
            "year": 2012,
            "quarter": 2,
            "eps": 0.76,
            "eps_growth_year": 22.97,
            "eps_4q": 1.9,
            "eps_4q_growth_year": -44.05,
            "roe": 8.6,
            "roe_4q": 24.43,
            "gross_profit": 7861000,
            "gross_margin": 60.08,
            "gross_margin_4q_avg": 60.3,
            "net_income": 2800000,
            "net_income_4q": null,
            "revenue": 13085000,
            "revenue_4q": null,
            "common_shares": 880000,
            "book_valuer_per_share": 1,
            "book_valuer_per_share_4q_avg": 1.06,
            "equity": 32269000,
            "current_ratio": 110.74,
            "debt_ratio": 62.1,
            "inventory_turnover_ratio": 1.49,
            "account_receivable_turnover_ratio": 2.56,
            "reinvestment_rate": 20.87,
            "research_to_sale_ratio": null,
            "price_fair": 77.79,
            "eps_avg_yearly": 2.22,
            "eps_latest_yearly": 3.04,
            "eps_growth_yearly": 93.43
        },
        "20123": {
            "year_quarter": 20123,
            "year": 2012,
            "quarter": 3,
            "eps": 0.51,
            "eps_growth_year": 3.02,
            "eps_4q": 1.92,
            "eps_4q_growth_year": -31.94,
            "roe": 7.11,
            "roe_4q": 24.970000000000002,
            "gross_profit": 7487000,
            "gross_margin": 60.67,
            "gross_margin_4q_avg": 60.42,
            "net_income": 2329000,
            "net_income_4q": null,
            "revenue": 12340000,
            "revenue_4q": null,
            "common_shares": 1760000,
            "book_valuer_per_share": 1.21,
            "book_valuer_per_share_4q_avg": 1.05,
            "equity": 33210000,
            "current_ratio": 110.01,
            "debt_ratio": 61.68,
            "inventory_turnover_ratio": 1.38,
            "account_receivable_turnover_ratio": 2.35,
            "reinvestment_rate": 27.91,
            "research_to_sale_ratio": null,
            "price_fair": 78.66,
            "eps_avg_yearly": 2.25,
            "eps_latest_yearly": 2.04,
            "eps_growth_yearly": 76.04
        },
        "20124": {
            "year_quarter": 20124,
            "year": 2012,
            "quarter": 4,
            "eps": 0.41,
            "eps_growth_year": 111.68,
            "eps_4q": 2.13,
            "eps_4q_growth_year": 17.47,
            "roe": 5.73,
            "roe_4q": 27.849999999999998,
            "gross_profit": 6827000,
            "gross_margin": 59.6,
            "gross_margin_4q_avg": 60.33,
            "net_income": 1890000,
            "net_income_4q": null,
            "revenue": 11455000,
            "revenue_4q": null,
            "common_shares": 1760000,
            "book_valuer_per_share": 1.22,
            "book_valuer_per_share_4q_avg": 1.13,
            "equity": 32790000,
            "current_ratio": 109.01,
            "debt_ratio": 61.95,
            "inventory_turnover_ratio": 1.38,
            "account_receivable_turnover_ratio": 2.33,
            "reinvestment_rate": 25.66,
            "research_to_sale_ratio": null,
            "price_fair": 80.41,
            "eps_avg_yearly": 2.3,
            "eps_latest_yearly": 1.64,
            "eps_growth_yearly": 83.33
        },
        "20131": {
            "year_quarter": 20131,
            "year": 2013,
            "quarter": 1,
            "eps": 0.41,
            "eps_growth_year": -11.19,
            "eps_4q": 2.08,
            "eps_4q_growth_year": 18.3,
            "roe": 5.42,
            "roe_4q": 26.86,
            "gross_profit": 6711000,
            "gross_margin": 60.82,
            "gross_margin_4q_avg": 60.29,
            "net_income": 1769000,
            "net_income_4q": null,
            "revenue": 11035000,
            "revenue_4q": null,
            "common_shares": 1760000,
            "book_valuer_per_share": 1.14,
            "book_valuer_per_share_4q_avg": 1.14,
            "equity": 32480000,
            "current_ratio": 101.34,
            "debt_ratio": 63.28,
            "inventory_turnover_ratio": 1.26,
            "account_receivable_turnover_ratio": 2.26,
            "reinvestment_rate": 24.66,
            "research_to_sale_ratio": null,
            "price_fair": 81.46,
            "eps_avg_yearly": 2.33,
            "eps_latest_yearly": 1.64,
            "eps_growth_yearly": 73.81
        },
        "20132": {
            "year_quarter": 20132,
            "year": 2013,
            "quarter": 2,
            "eps": 0.65,
            "eps_growth_year": -14.39,
            "eps_4q": 1.97,
            "eps_4q_growth_year": 3.68,
            "roe": 8.33,
            "roe_4q": 26.59,
            "gross_profit": 7760000,
            "gross_margin": 60.87,
            "gross_margin_4q_avg": 60.49,
            "net_income": 2694000,
            "net_income_4q": null,
            "revenue": 12749000,
            "revenue_4q": null,
            "common_shares": 1760000,
            "book_valuer_per_share": 1.02,
            "book_valuer_per_share_4q_avg": 1.15,
            "equity": 32223000,
            "current_ratio": 100.32,
            "debt_ratio": 64,
            "inventory_turnover_ratio": 1.38,
            "account_receivable_turnover_ratio": 2.42,
            "reinvestment_rate": 22.83,
            "research_to_sale_ratio": null,
            "price_fair": 83.3,
            "eps_avg_yearly": 2.38,
            "eps_latest_yearly": 2.6,
            "eps_growth_yearly": 75.51
        },
        "20133": {
            "year_quarter": 20133,
            "year": 2013,
            "quarter": 3,
            "eps": 0.52,
            "eps_growth_year": 2.82,
            "eps_4q": 1.99,
            "eps_4q_growth_year": 3.62,
            "roe": 7.63,
            "roe_4q": 27.110000000000003,
            "gross_profit": 7237000,
            "gross_margin": 60.16,
            "gross_margin_4q_avg": 60.36,
            "net_income": 2455000,
            "net_income_4q": null,
            "revenue": 12030000,
            "revenue_4q": null,
            "common_shares": 1760000,
            "book_valuer_per_share": 1.05,
            "book_valuer_per_share_4q_avg": 1.11,
            "equity": 32132000,
            "current_ratio": 95.56,
            "debt_ratio": 64.07,
            "inventory_turnover_ratio": 1.38,
            "account_receivable_turnover_ratio": 2.26,
            "reinvestment_rate": 22.48,
            "research_to_sale_ratio": null,
            "price_fair": 84.26,
            "eps_avg_yearly": 2.41,
            "eps_latest_yearly": 2.08,
            "eps_growth_yearly": 72.22
        },
        "20134": {
            "year_quarter": 20134,
            "year": 2013,
            "quarter": 4,
            "eps": 0.41,
            "eps_growth_year": 0.94,
            "eps_4q": 1.99,
            "eps_4q_growth_year": -6.69,
            "roe": 5.23,
            "roe_4q": 26.61,
            "gross_profit": 6725000,
            "gross_margin": 60.91,
            "gross_margin_4q_avg": 60.69,
            "net_income": 1708000,
            "net_income_4q": null,
            "revenue": 11040000,
            "revenue_4q": null,
            "common_shares": 1760000,
            "book_valuer_per_share": 1.26,
            "book_valuer_per_share_4q_avg": 1.12,
            "equity": 33173000,
            "current_ratio": 112.56,
            "debt_ratio": 63.16,
            "inventory_turnover_ratio": 1.31,
            "account_receivable_turnover_ratio": 2.21,
            "reinvestment_rate": 24.56,
            "research_to_sale_ratio": null,
            "price_fair": 84.96,
            "eps_avg_yearly": 2.43,
            "eps_latest_yearly": 1.64,
            "eps_growth_yearly": 71.81
        },
        "20141": {
            "year_quarter": 20141,
            "year": 2014,
            "quarter": 1,
            "eps": 0.38,
            "eps_growth_year": -5.4,
            "eps_4q": 1.97,
            "eps_4q_growth_year": -5.45,
            "roe": 4.94,
            "roe_4q": 26.130000000000003,
            "gross_profit": 6493000,
            "gross_margin": 61.39,
            "gross_margin_4q_avg": 60.83,
            "net_income": 1626000,
            "net_income_4q": null,
            "revenue": 10576000,
            "revenue_4q": null,
            "common_shares": 1760000,
            "book_valuer_per_share": 1.15,
            "book_valuer_per_share_4q_avg": 1.12,
            "equity": 32654000,
            "current_ratio": 103.31,
            "debt_ratio": 64.23,
            "inventory_turnover_ratio": 1.23,
            "account_receivable_turnover_ratio": 2.09,
            "reinvestment_rate": 28.3,
            "research_to_sale_ratio": null,
            "price_fair": 85.14,
            "eps_avg_yearly": 2.43,
            "eps_latest_yearly": 1.52,
            "eps_growth_yearly": 67.71
        },
        "20142": {
            "year_quarter": 20142,
            "year": 2014,
            "quarter": 2,
            "eps": 0.64,
            "eps_growth_year": -1.66,
            "eps_4q": 1.96,
            "eps_4q_growth_year": -0.74,
            "roe": 7.81,
            "roe_4q": 25.61,
            "gross_profit": 7755000,
            "gross_margin": 61.67,
            "gross_margin_4q_avg": 61.03,
            "net_income": 2605000,
            "net_income_4q": null,
            "revenue": 12574000,
            "revenue_4q": null,
            "common_shares": 1760000,
            "book_valuer_per_share": 1.51,
            "book_valuer_per_share_4q_avg": 1.24,
            "equity": 34071000,
            "current_ratio": 103.81,
            "debt_ratio": 64.32,
            "inventory_turnover_ratio": 1.4,
            "account_receivable_turnover_ratio": 2.26,
            "reinvestment_rate": 31.26,
            "research_to_sale_ratio": null,
            "price_fair": 80.68,
            "eps_avg_yearly": 2.31,
            "eps_latest_yearly": 2.56,
            "eps_growth_yearly": 29.95
        },
        "20143": {
            "year_quarter": 20143,
            "year": 2014,
            "quarter": 3,
            "eps": 0.53,
            "eps_growth_year": 1.63,
            "eps_4q": 1.97,
            "eps_4q_growth_year": -1.03,
            "roe": 6.29,
            "roe_4q": 24.27,
            "gross_profit": 7346000,
            "gross_margin": 61.34,
            "gross_margin_4q_avg": 61.33,
            "net_income": 2122000,
            "net_income_4q": null,
            "revenue": 11976000,
            "revenue_4q": null,
            "common_shares": 1760000,
            "book_valuer_per_share": 1.48,
            "book_valuer_per_share_4q_avg": 1.35,
            "equity": 33429000,
            "current_ratio": 108.22,
            "debt_ratio": 65.29,
            "inventory_turnover_ratio": 1.36,
            "account_receivable_turnover_ratio": 2.19,
            "reinvestment_rate": 17.78,
            "research_to_sale_ratio": null,
            "price_fair": 75.95,
            "eps_avg_yearly": 2.17,
            "eps_latest_yearly": 2.12,
            "eps_growth_yearly": 27.39
        },
        "20144": {
            "year_quarter": 20144,
            "year": 2014,
            "quarter": 4,
            "eps": 0.31,
            "eps_growth_year": -25.32,
            "eps_4q": 1.86,
            "eps_4q_growth_year": -6.48,
            "roe": 2.42,
            "roe_4q": 21.46,
            "gross_profit": 6515000,
            "gross_margin": 59.92,
            "gross_margin_4q_avg": 61.08,
            "net_income": 771000,
            "net_income_4q": null,
            "revenue": 10872000,
            "revenue_4q": null,
            "common_shares": 1760000,
            "book_valuer_per_share": 0.9,
            "book_valuer_per_share_4q_avg": 1.26,
            "equity": 30320000,
            "current_ratio": 101.89,
            "debt_ratio": 67.05,
            "inventory_turnover_ratio": 1.37,
            "account_receivable_turnover_ratio": 2.28,
            "reinvestment_rate": 17.72,
            "research_to_sale_ratio": null,
            "price_fair": 47.21,
            "eps_avg_yearly": 1.95,
            "eps_latest_yearly": 1.24,
            "eps_growth_yearly": 14.21
        },
        "20151": {
            "year_quarter": 20151,
            "year": 2015,
            "quarter": 1,
            "eps": 0.37,
            "eps_growth_year": -2.44,
            "eps_4q": 1.85,
            "eps_4q_growth_year": -5.91,
            "roe": 5.29,
            "roe_4q": 21.81,
            "gross_profit": 6608000,
            "gross_margin": 61.69,
            "gross_margin_4q_avg": 61.16,
            "net_income": 1566000,
            "net_income_4q": null,
            "revenue": 10711000,
            "revenue_4q": null,
            "common_shares": 1760000,
            "book_valuer_per_share": 0.64,
            "book_valuer_per_share_4q_avg": 1.13,
            "equity": 28837000,
            "current_ratio": 122.95,
            "debt_ratio": 68.32,
            "inventory_turnover_ratio": 1.3,
            "account_receivable_turnover_ratio": 2.4,
            "reinvestment_rate": 14.9,
            "research_to_sale_ratio": null,
            "price_fair": 67.03,
            "eps_avg_yearly": 1.92,
            "eps_latest_yearly": 1.48,
            "eps_growth_yearly": 33.34
        },
        "20152": {
            "year_quarter": 20152,
            "year": 2015,
            "quarter": 2,
            "eps": 0.74,
            "eps_growth_year": 14.53,
            "eps_4q": 1.95,
            "eps_4q_growth_year": -0.63,
            "roe": 10.87,
            "roe_4q": 24.869999999999997,
            "gross_profit": 7408000,
            "gross_margin": 60.94,
            "gross_margin_4q_avg": 60.97,
            "net_income": 3111000,
            "net_income_4q": null,
            "revenue": 12156000,
            "revenue_4q": null,
            "common_shares": 1760000,
            "book_valuer_per_share": 0.54,
            "book_valuer_per_share_4q_avg": 0.89,
            "equity": 28418000,
            "current_ratio": 113.69,
            "debt_ratio": 69.62,
            "inventory_turnover_ratio": 1.47,
            "account_receivable_turnover_ratio": 2.58,
            "reinvestment_rate": 22.14,
            "research_to_sale_ratio": null,
            "price_fair": 68.08,
            "eps_avg_yearly": 1.95,
            "eps_latest_yearly": 2.96,
            "eps_growth_yearly": 52.94
        },
        "20153": {
            "year_quarter": 20153,
            "year": 2015,
            "quarter": 3,
            "eps": 0.37,
            "eps_growth_year": -29.78,
            "eps_4q": 1.79,
            "eps_4q_growth_year": -9.05,
            "roe": 5.34,
            "roe_4q": 23.92,
            "gross_profit": 6850000,
            "gross_margin": 59.95,
            "gross_margin_4q_avg": 60.63,
            "net_income": 1453000,
            "net_income_4q": null,
            "revenue": 11427000,
            "revenue_4q": null,
            "common_shares": 1760000,
            "book_valuer_per_share": 0.38,
            "book_valuer_per_share_4q_avg": 0.62,
            "equity": 26049000,
            "current_ratio": 116.01,
            "debt_ratio": 71.99,
            "inventory_turnover_ratio": 1.49,
            "account_receivable_turnover_ratio": 2.54,
            "reinvestment_rate": 13.21,
            "research_to_sale_ratio": null,
            "price_fair": 67.03,
            "eps_avg_yearly": 1.92,
            "eps_latest_yearly": 1.48,
            "eps_growth_yearly": 45.69
        },
        "20154": {
            "year_quarter": 20154,
            "year": 2015,
            "quarter": 4,
            "eps": 0.38,
            "eps_growth_year": 24.21,
            "eps_4q": 1.86,
            "eps_4q_growth_year": 0.08,
            "roe": 4.79,
            "roe_4q": 26.29,
            "gross_profit": 5946000,
            "gross_margin": 59.46,
            "gross_margin_4q_avg": 60.51,
            "net_income": 1236000,
            "net_income_4q": null,
            "revenue": 10000000,
            "revenue_4q": null,
            "common_shares": 1760000,
            "book_valuer_per_share": 0.33,
            "book_valuer_per_share_4q_avg": 0.47,
            "equity": 25554000,
            "current_ratio": 124.01,
            "debt_ratio": 71.61,
            "inventory_turnover_ratio": 1.4,
            "account_receivable_turnover_ratio": 2.51,
            "reinvestment_rate": 12.82,
            "research_to_sale_ratio": null,
            "price_fair": 68.69,
            "eps_avg_yearly": 1.96,
            "eps_latest_yearly": 1.52,
            "eps_growth_yearly": 61.67
        },
        "20161": {
            "year_quarter": 20161,
            "year": 2016,
            "quarter": 1,
            "eps": 0.46,
            "eps_growth_year": 21.99,
            "eps_4q": 1.95,
            "eps_4q_growth_year": 5.03,
            "roe": 5.92,
            "roe_4q": 26.92,
            "gross_profit": 6213000,
            "gross_margin": 60.43,
            "gross_margin_4q_avg": 60.2,
            "net_income": 1493000,
            "net_income_4q": null,
            "revenue": 10282000,
            "revenue_4q": null,
            "common_shares": 1760000,
            "book_valuer_per_share": 0.2,
            "book_valuer_per_share_4q_avg": 0.36,
            "equity": 24914000,
            "current_ratio": 117.82,
            "debt_ratio": 72.7,
            "inventory_turnover_ratio": 1.37,
            "account_receivable_turnover_ratio": 2.54,
            "reinvestment_rate": 6.29,
            "research_to_sale_ratio": null,
            "price_fair": 68.69,
            "eps_avg_yearly": 1.96,
            "eps_latest_yearly": 1.84,
            "eps_growth_yearly": 31.4
        },
        "20162": {
            "year_quarter": 20162,
            "year": 2016,
            "quarter": 2,
            "eps": 0.61,
            "eps_growth_year": -16.56,
            "eps_4q": 1.82,
            "eps_4q_growth_year": -6.26,
            "roe": 13.42,
            "roe_4q": 29.47,
            "gross_profit": 7068000,
            "gross_margin": 61.25,
            "gross_margin_4q_avg": 60.27,
            "net_income": 3460000,
            "net_income_4q": null,
            "revenue": 11539000,
            "revenue_4q": null,
            "common_shares": 1760000,
            "book_valuer_per_share": 0.68,
            "book_valuer_per_share_4q_avg": 0.4,
            "equity": 26637000,
            "current_ratio": 121.42,
            "debt_ratio": 71.69,
            "inventory_turnover_ratio": 1.48,
            "account_receivable_turnover_ratio": 2.59,
            "reinvestment_rate": 14.26,
            "research_to_sale_ratio": null,
            "price_fair": 64.01,
            "eps_avg_yearly": 1.93,
            "eps_latest_yearly": 2.44,
            "eps_growth_yearly": 23.25
        },
        "20163": {
            "year_quarter": 20163,
            "year": 2016,
            "quarter": 3,
            "eps": 0.45,
            "eps_growth_year": 21.87,
            "eps_4q": 1.91,
            "eps_4q_growth_year": 6.51,
            "roe": 3.98,
            "roe_4q": 28.11,
            "gross_profit": 6502000,
            "gross_margin": 61.15,
            "gross_margin_4q_avg": 60.57,
            "net_income": 1050000,
            "net_income_4q": null,
            "revenue": 10633000,
            "revenue_4q": null,
            "common_shares": 1760000,
            "book_valuer_per_share": 0.89,
            "book_valuer_per_share_4q_avg": 0.53,
            "equity": 26076000,
            "current_ratio": 136.57,
            "debt_ratio": 72.24,
            "inventory_turnover_ratio": 1.44,
            "account_receivable_turnover_ratio": 2.4,
            "reinvestment_rate": 13.73,
            "research_to_sale_ratio": null,
            "price_fair": 66.69,
            "eps_avg_yearly": 1.91,
            "eps_latest_yearly": 1.8,
            "eps_growth_yearly": 24.92
        },
        "20164": {
            "year_quarter": 20164,
            "year": 2016,
            "quarter": 4,
            "eps": 0.3,
            "eps_growth_year": -21.93,
            "eps_4q": 1.82,
            "eps_4q_growth_year": -2.28,
            "roe": 2.23,
            "roe_4q": 25.549999999999997,
            "gross_profit": 5615000,
            "gross_margin": 59.68,
            "gross_margin_4q_avg": 60.63,
            "net_income": 547000,
            "net_income_4q": null,
            "revenue": 9409000,
            "revenue_4q": null,
            "common_shares": 1760000,
            "book_valuer_per_share": 0.45,
            "book_valuer_per_share_4q_avg": 0.56,
            "equity": 23062000,
            "current_ratio": 128.18,
            "debt_ratio": 73.57,
            "inventory_turnover_ratio": 1.4,
            "account_receivable_turnover_ratio": 2.37,
            "reinvestment_rate": 7.6,
            "research_to_sale_ratio": null,
            "price_fair": 59.27,
            "eps_avg_yearly": 1.88,
            "eps_latest_yearly": 1.2,
            "eps_growth_yearly": 21.49
        },
        "20171": {
            "year_quarter": 20171,
            "year": 2017,
            "quarter": 1,
            "eps": 0.46,
            "eps_growth_year": -0.1,
            "eps_4q": 1.82,
            "eps_4q_growth_year": -6.43,
            "roe": 5.15,
            "roe_4q": 24.78,
            "gross_profit": 5605000,
            "gross_margin": 61.47,
            "gross_margin_4q_avg": 60.89,
            "net_income": 1184000,
            "net_income_4q": null,
            "revenue": 9118000,
            "revenue_4q": null,
            "common_shares": 1760000,
            "book_valuer_per_share": 0.96,
            "book_valuer_per_share_4q_avg": 0.75,
            "equity": 22876000,
            "current_ratio": 140.46,
            "debt_ratio": 74.92,
            "inventory_turnover_ratio": 1.26,
            "account_receivable_turnover_ratio": 2.41,
            "reinvestment_rate": 8.06,
            "research_to_sale_ratio": null,
            "price_fair": 66.33,
            "eps_avg_yearly": 1.9,
            "eps_latest_yearly": 1.84,
            "eps_growth_yearly": 34.82
        },
        "20172": {
            "year_quarter": 20172,
            "year": 2017,
            "quarter": 2,
            "eps": 0.39,
            "eps_growth_year": -36.2,
            "eps_4q": 1.6,
            "eps_4q_growth_year": -12.36,
            "roe": 6.11,
            "roe_4q": 17.470000000000002,
            "gross_profit": 6043000,
            "gross_margin": 62.29,
            "gross_margin_4q_avg": 61.15,
            "net_income": 1372000,
            "net_income_4q": null,
            "revenue": 9702000,
            "revenue_4q": null,
            "common_shares": 1760000,
            "book_valuer_per_share": 1.13,
            "book_valuer_per_share_4q_avg": 0.86,
            "equity": 22001000,
            "current_ratio": 135.14,
            "debt_ratio": 75.86,
            "inventory_turnover_ratio": 1.29,
            "account_receivable_turnover_ratio": 2.51,
            "reinvestment_rate": 16.5,
            "research_to_sale_ratio": null,
            "price_fair": 48.28,
            "eps_avg_yearly": 1.83,
            "eps_latest_yearly": 1.56,
            "eps_growth_yearly": 16.38
        },
        "20173": {
            "year_quarter": 20173,
            "year": 2017,
            "quarter": 3,
            "eps": 0.64,
            "eps_growth_year": 41.44,
            "eps_4q": 1.79,
            "eps_4q_growth_year": -6.26,
            "roe": 6.55,
            "roe_4q": 20.040000000000003,
            "gross_profit": 5684000,
            "gross_margin": 62.61,
            "gross_margin_4q_avg": 61.51,
            "net_income": 1444000,
            "net_income_4q": null,
            "revenue": 9078000,
            "revenue_4q": null,
            "common_shares": 1760000,
            "book_valuer_per_share": 1.3,
            "book_valuer_per_share_4q_avg": 0.96,
            "equity": 22119000,
            "current_ratio": 138.98,
            "debt_ratio": 75.56,
            "inventory_turnover_ratio": 1.26,
            "account_receivable_turnover_ratio": 2.36,
            "reinvestment_rate": 17.11,
            "research_to_sale_ratio": null,
            "price_fair": 65.1,
            "eps_avg_yearly": 1.86,
            "eps_latest_yearly": 2.56,
            "eps_growth_yearly": 37.41
        },
        "20174": {
            "year_quarter": 20174,
            "year": 2017,
            "quarter": 4,
            "eps": 0.06,
            "eps_growth_year": -79.53,
            "eps_4q": 1.55,
            "eps_4q_growth_year": -15.01,
            "roe": 4.56,
            "roe_4q": 22.369999999999997,
            "gross_profit": 5159000,
            "gross_margin": 62.05,
            "gross_margin_4q_avg": 62.11,
            "net_income": 893000,
            "net_income_4q": null,
            "revenue": 8314000,
            "revenue_4q": null,
            "common_shares": 1760000,
            "book_valuer_per_share": 0.1,
            "book_valuer_per_share_4q_avg": 0.87,
            "equity": 17072000,
            "current_ratio": 134.39,
            "debt_ratio": 80.58,
            "inventory_turnover_ratio": 1.2,
            "account_receivable_turnover_ratio": 2.27,
            "reinvestment_rate": 8.33,
            "research_to_sale_ratio": null,
            "price_fair": 53.24,
            "eps_avg_yearly": 1.77,
            "eps_latest_yearly": 0.24,
            "eps_growth_yearly": 20.04
        },
        "20181": {
            "year_quarter": 20181,
            "year": 2018,
            "quarter": 1,
            "eps": 0.47,
            "eps_growth_year": 3.15,
            "eps_4q": 1.56,
            "eps_4q_growth_year": -14.2,
            "roe": 8.59,
            "roe_4q": 25.81,
            "gross_profit": 5222000,
            "gross_margin": 62.93,
            "gross_margin_4q_avg": 62.47,
            "net_income": 1576000,
            "net_income_4q": null,
            "revenue": 8298000,
            "revenue_4q": null,
            "common_shares": 1760000,
            "book_valuer_per_share": 0.61,
            "book_valuer_per_share_4q_avg": 0.79,
            "equity": 19610000,
            "current_ratio": 120.84,
            "debt_ratio": 78.98,
            "inventory_turnover_ratio": 1.1,
            "account_receivable_turnover_ratio": 2.19,
            "reinvestment_rate": 4.3,
            "research_to_sale_ratio": null,
            "price_fair": 62.83,
            "eps_avg_yearly": 1.8,
            "eps_latest_yearly": 1.88,
            "eps_growth_yearly": 192.7
        },
        "20182": {
            "year_quarter": 20182,
            "year": 2018,
            "quarter": 2,
            "eps": 0.61,
            "eps_growth_year": 55.49,
            "eps_4q": 1.78,
            "eps_4q_growth_year": 11.3,
            "roe": 12.07,
            "roe_4q": 31.77,
            "gross_profit": 5878000,
            "gross_margin": 62.39,
            "gross_margin_4q_avg": 62.5,
            "net_income": 2289000,
            "net_income_4q": null,
            "revenue": 9421000,
            "revenue_4q": null,
            "common_shares": 1760000,
            "book_valuer_per_share": 0.34,
            "book_valuer_per_share_4q_avg": 0.59,
            "equity": 18323000,
            "current_ratio": 114.73,
            "debt_ratio": 79.55,
            "inventory_turnover_ratio": 1.22,
            "account_receivable_turnover_ratio": 2.22,
            "reinvestment_rate": 0.97,
            "research_to_sale_ratio": null,
            "price_fair": 62.56,
            "eps_avg_yearly": 1.79,
            "eps_latest_yearly": 2.44,
            "eps_growth_yearly": 183.04
        },
        "20183": {
            "year_quarter": 20183,
            "year": 2018,
            "quarter": 3,
            "eps": 0.54,
            "eps_growth_year": -15.06,
            "eps_4q": 1.68,
            "eps_4q_growth_year": -5.76,
            "roe": 9.25,
            "roe_4q": 34.47,
            "gross_profit": 5429000,
            "gross_margin": 61.87,
            "gross_margin_4q_avg": 62.31,
            "net_income": 1693000,
            "net_income_4q": null,
            "revenue": 8775000,
            "revenue_4q": null,
            "common_shares": 1760000,
            "book_valuer_per_share": 0.33,
            "book_valuer_per_share_4q_avg": 0.35,
            "equity": 18264000,
            "current_ratio": 106.31,
            "debt_ratio": 78.98,
            "inventory_turnover_ratio": 1.21,
            "account_receivable_turnover_ratio": 2.12,
            "reinvestment_rate": 4.35,
            "research_to_sale_ratio": null,
            "price_fair": 62.65,
            "eps_avg_yearly": 1.79,
            "eps_latest_yearly": 2.16,
            "eps_growth_yearly": 184.47
        },
        "20184": {
            "year_quarter": 20184,
            "year": 2018,
            "quarter": 4,
            "eps": 0.41,
            "eps_growth_year": 573.75,
            "eps_4q": 2.04,
            "eps_4q_growth_year": 31.46,
            "roe": 5.25,
            "roe_4q": 35.16,
            "gross_profit": 4704000,
            "gross_margin": 60.26,
            "gross_margin_4q_avg": 61.86,
            "net_income": 926000,
            "net_income_4q": null,
            "revenue": 7806000,
            "revenue_4q": null,
            "common_shares": 1760000,
            "book_valuer_per_share": -1.08,
            "book_valuer_per_share_4q_avg": 0.05,
            "equity": 16981000,
            "current_ratio": 86.62,
            "debt_ratio": 79.59,
            "inventory_turnover_ratio": 1.09,
            "account_receivable_turnover_ratio": 2.11,
            "reinvestment_rate": 6.44,
            "research_to_sale_ratio": null,
            "price_fair": 63.53,
            "eps_avg_yearly": 1.82,
            "eps_latest_yearly": 1.64,
            "eps_growth_yearly": 188.83
        },
        "20191": {
            "year_quarter": 20191,
            "year": 2019,
            "quarter": 1,
            "eps": 0.49,
            "eps_growth_year": 3.63,
            "eps_4q": 2.05,
            "eps_4q_growth_year": 31.34,
            "roe": 9.81,
            "roe_4q": 36.38,
            "gross_profit": 5329000,
            "gross_margin": 61.3,
            "gross_margin_4q_avg": 61.46,
            "net_income": 1703000,
            "net_income_4q": null,
            "revenue": 8694000,
            "revenue_4q": null,
            "common_shares": 1760000,
            "book_valuer_per_share": -1.17,
            "book_valuer_per_share_4q_avg": -0.4,
            "equity": 17735000,
            "current_ratio": 102.14,
            "debt_ratio": 79.93,
            "inventory_turnover_ratio": 1.08,
            "account_receivable_turnover_ratio": 2.31,
            "reinvestment_rate": 0.66,
            "research_to_sale_ratio": null,
            "price_fair": 64.58,
            "eps_avg_yearly": 1.85,
            "eps_latest_yearly": 1.96,
            "eps_growth_yearly": 188.87
        },
        "20192": {
            "year_quarter": 20192,
            "year": 2019,
            "quarter": 2,
            "eps": 0.63,
            "eps_growth_year": 3.88,
            "eps_4q": 2.08,
            "eps_4q_growth_year": 16.64,
            "roe": 14.63,
            "roe_4q": 38.94,
            "gross_profit": 6076000,
            "gross_margin": 60.78,
            "gross_margin_4q_avg": 61.05,
            "net_income": 2628000,
            "net_income_4q": null,
            "revenue": 9997000,
            "revenue_4q": null,
            "common_shares": 1760000,
            "book_valuer_per_share": -2.04,
            "book_valuer_per_share_4q_avg": -0.99,
            "equity": 18181000,
            "current_ratio": 82.91,
            "debt_ratio": 79.8,
            "inventory_turnover_ratio": 1.18,
            "account_receivable_turnover_ratio": 2.29,
            "reinvestment_rate": 17.32,
            "research_to_sale_ratio": null,
            "price_fair": 63.61,
            "eps_avg_yearly": 1.82,
            "eps_latest_yearly": 2.52,
            "eps_growth_yearly": 171.01
        },
        "20193": {
            "year_quarter": 20193,
            "year": 2019,
            "quarter": 3,
            "eps": 0.57,
            "eps_growth_year": 5.66,
            "eps_4q": 2.11,
            "eps_4q_growth_year": 25.13,
            "roe": 14.03,
            "roe_4q": 43.72,
            "gross_profit": 5740000,
            "gross_margin": 60.38,
            "gross_margin_4q_avg": 60.68,
            "net_income": 2589000,
            "net_income_4q": null,
            "revenue": 9507000,
            "revenue_4q": null,
            "common_shares": 1760000,
            "book_valuer_per_share": -1.78,
            "book_valuer_per_share_4q_avg": -1.52,
            "equity": 18713000,
            "current_ratio": 92.1,
            "debt_ratio": 78.6,
            "inventory_turnover_ratio": 1.12,
            "account_receivable_turnover_ratio": 2.06,
            "reinvestment_rate": 10.43,
            "research_to_sale_ratio": null,
            "price_fair": 65.36,
            "eps_avg_yearly": 1.87,
            "eps_latest_yearly": 2.28,
            "eps_growth_yearly": 181.13
        },
        "20194": {
            "year_quarter": 20194,
            "year": 2019,
            "quarter": 4,
            "eps": 0.48,
            "eps_growth_year": 16.11,
            "eps_4q": 2.17,
            "eps_4q_growth_year": 6.78,
            "roe": 10.96,
            "roe_4q": 49.43000000000001,
            "gross_profit": 5502000,
            "gross_margin": 60.67,
            "gross_margin_4q_avg": 60.78,
            "net_income": 2065000,
            "net_income_4q": null,
            "revenue": 9068000,
            "revenue_4q": null,
            "common_shares": 1760000,
            "book_valuer_per_share": -1.82,
            "book_valuer_per_share_4q_avg": -1.7,
            "equity": 18981000,
            "current_ratio": 75.67,
            "debt_ratio": 78.03,
            "inventory_turnover_ratio": 1.07,
            "account_receivable_turnover_ratio": 2.18,
            "reinvestment_rate": 20.98,
            "research_to_sale_ratio": null,
            "price_fair": 66.24,
            "eps_avg_yearly": 1.89,
            "eps_latest_yearly": 1.92,
            "eps_growth_yearly": 176.51
        },
        "20201": {
            "year_quarter": 20201,
            "year": 2020,
            "quarter": 1,
            "eps": 0.49,
            "eps_growth_year": -0.07,
            "eps_4q": 2.17,
            "eps_4q_growth_year": 5.87,
            "roe": 15.05,
            "roe_4q": 54.67,
            "gross_profit": 5230000,
            "gross_margin": 60.81,
            "gross_margin_4q_avg": 60.66,
            "net_income": 2795000,
            "net_income_4q": null,
            "revenue": 8601000,
            "revenue_4q": null,
            "common_shares": 1760000,
            "book_valuer_per_share": -2.25,
            "book_valuer_per_share_4q_avg": -1.97,
            "equity": 18158000,
            "current_ratio": 87.15,
            "debt_ratio": 80.69,
            "inventory_turnover_ratio": 0.97,
            "account_receivable_turnover_ratio": 2.05,
            "reinvestment_rate": -1.75,
            "research_to_sale_ratio": null,
            "price_fair": 66.5,
            "eps_avg_yearly": 1.9,
            "eps_latest_yearly": 1.96,
            "eps_growth_yearly": 171.77
        },
        "20202": {
            "year_quarter": 20202,
            "year": 2020,
            "quarter": 2,
            "eps": 0.45,
            "eps_growth_year": -28.73,
            "eps_4q": 1.99,
            "eps_4q_growth_year": -4.08,
            "roe": 9.87,
            "roe_4q": 49.910000000000004,
            "gross_profit": 4137000,
            "gross_margin": 57.86,
            "gross_margin_4q_avg": 59.93,
            "net_income": 1759000,
            "net_income_4q": null,
            "revenue": 7150000,
            "revenue_4q": null,
            "common_shares": 1760000,
            "book_valuer_per_share": -2.32,
            "book_valuer_per_share_4q_avg": -2.04,
            "equity": 17484000,
            "current_ratio": 109.4,
            "debt_ratio": 81.54,
            "inventory_turnover_ratio": 0.85,
            "account_receivable_turnover_ratio": 1.73,
            "reinvestment_rate": 1.62,
            "research_to_sale_ratio": null,
            "price_fair": 65.1,
            "eps_avg_yearly": 1.86,
            "eps_latest_yearly": 1.8,
            "eps_growth_yearly": 161.57
        },
        "20203": {
            "year_quarter": 20203,
            "year": 2020,
            "quarter": 3,
            "eps": 0.48,
            "eps_growth_year": -16.68,
            "eps_4q": 1.9,
            "eps_4q_growth_year": -10.02,
            "roe": 9.64,
            "roe_4q": 45.52,
            "gross_profit": 5181000,
            "gross_margin": 59.88,
            "gross_margin_4q_avg": 59.81,
            "net_income": 1740000,
            "net_income_4q": null,
            "revenue": 8652000,
            "revenue_4q": null,
            "common_shares": 1760000,
            "book_valuer_per_share": -2.17,
            "book_valuer_per_share_4q_avg": -2.14,
            "equity": 18607000,
            "current_ratio": 113.09,
            "debt_ratio": 80.85,
            "inventory_turnover_ratio": 1.03,
            "account_receivable_turnover_ratio": 2.25,
            "reinvestment_rate": 8.67,
            "research_to_sale_ratio": null,
            "price_fair": 65.36,
            "eps_avg_yearly": 1.87,
            "eps_latest_yearly": 1.92,
            "eps_growth_yearly": 169.8
        },
        "20204": {
            "year_quarter": 20204,
            "year": 2020,
            "quarter": 4,
            "eps": 0.39,
            "eps_growth_year": -19.47,
            "eps_4q": 1.8,
            "eps_4q_growth_year": -17.07,
            "roe": 7.78,
            "roe_4q": 42.34,
            "gross_profit": 5033000,
            "gross_margin": 58.45,
            "gross_margin_4q_avg": 59.25,
            "net_income": 1474000,
            "net_income_4q": null,
            "revenue": 8611000,
            "revenue_4q": null,
            "common_shares": 1760000,
            "book_valuer_per_share": -2.15,
            "book_valuer_per_share_4q_avg": -2.22,
            "equity": 19299000,
            "current_ratio": 131.77,
            "debt_ratio": 77.89,
            "inventory_turnover_ratio": 1.1,
            "account_receivable_turnover_ratio": 2.47,
            "reinvestment_rate": 16.54,
            "research_to_sale_ratio": null,
            "price_fair": 66.15,
            "eps_avg_yearly": 1.89,
            "eps_latest_yearly": 1.56,
            "eps_growth_yearly": 173.44
        },
        "20211": {
            "year_quarter": 20211,
            "year": 2021,
            "quarter": 1,
            "eps": 0.56,
            "eps_growth_year": 15.49,
            "eps_4q": 1.88,
            "eps_4q_growth_year": -13.58,
            "roe": 11.37,
            "roe_4q": 38.66,
            "gross_profit": 5515000,
            "gross_margin": 61.14,
            "gross_margin_4q_avg": 59.33,
            "net_income": 2255000,
            "net_income_4q": null,
            "revenue": 9020000,
            "revenue_4q": null,
            "common_shares": 1760000,
            "book_valuer_per_share": -1.96,
            "book_valuer_per_share_4q_avg": -2.15,
            "equity": 20355000,
            "current_ratio": 133.03,
            "debt_ratio": 77.38,
            "inventory_turnover_ratio": 1.06,
            "account_receivable_turnover_ratio": 2.61,
            "reinvestment_rate": -0.78,
            "research_to_sale_ratio": null,
            "price_fair": 67.03,
            "eps_avg_yearly": 1.92,
            "eps_latest_yearly": 2.24,
            "eps_growth_yearly": 171.01
        },
        "20212": {
            "year_quarter": 20212,
            "year": 2021,
            "quarter": 2,
            "eps": 0.65,
            "eps_growth_year": 43.83,
            "eps_4q": 2.08,
            "eps_4q_growth_year": 4.22,
            "roe": 12.32,
            "roe_4q": 41.11,
            "gross_profit": 6342000,
            "gross_margin": 62.61,
            "gross_margin_4q_avg": 60.52,
            "net_income": 2624000,
            "net_income_4q": null,
            "revenue": 10129000,
            "revenue_4q": null,
            "common_shares": 1760000,
            "book_valuer_per_share": -1.54,
            "book_valuer_per_share_4q_avg": -1.96,
            "equity": 22249000,
            "current_ratio": 146.94,
            "debt_ratio": 75.33,
            "inventory_turnover_ratio": 1.14,
            "account_receivable_turnover_ratio": 2.6,
            "reinvestment_rate": -3.61,
            "research_to_sale_ratio": null,
            "price_fair": 69.3,
            "eps_avg_yearly": 1.98,
            "eps_latest_yearly": 2.6,
            "eps_growth_yearly": 178.83
        },
        "20213": {
            "year_quarter": 20213,
            "year": 2021,
            "quarter": 3,
            "eps": 0.57,
            "eps_growth_year": 19.15,
            "eps_4q": 2.17,
            "eps_4q_growth_year": 14.31,
            "roe": 11.14,
            "roe_4q": 42.61,
            "gross_profit": 6065000,
            "gross_margin": 60.4,
            "gross_margin_4q_avg": 60.65,
            "net_income": 2475000,
            "net_income_4q": null,
            "revenue": 10042000,
            "revenue_4q": null,
            "common_shares": 1760000,
            "book_valuer_per_share": -1.44,
            "book_valuer_per_share_4q_avg": -1.77,
            "equity": 22179000,
            "current_ratio": 151.59,
            "debt_ratio": 75.52,
            "inventory_turnover_ratio": 1.23,
            "account_receivable_turnover_ratio": 2.53,
            "reinvestment_rate": -2.89,
            "research_to_sale_ratio": null,
            "price_fair": 68.69,
            "eps_avg_yearly": 1.96,
            "eps_latest_yearly": 2.28,
            "eps_growth_yearly": 159.73
        },
        "20214": {
            "year_quarter": 20214,
            "year": 2021,
            "quarter": 4,
            "eps": 0.51,
            "eps_growth_year": 32.03,
            "eps_4q": 2.29,
            "eps_4q_growth_year": 27.09,
            "roe": 10.85,
            "roe_4q": 45.68,
            "gross_profit": 5376000,
            "gross_margin": 56.8,
            "gross_margin_4q_avg": 60.24,
            "net_income": 2450000,
            "net_income_4q": null,
            "revenue": 9464000,
            "revenue_4q": null,
            "common_shares": 1760000,
            "book_valuer_per_share": -2.69,
            "book_valuer_per_share_4q_avg": -1.91,
            "equity": 22999000,
            "current_ratio": 113.01,
            "debt_ratio": 75.62,
            "inventory_turnover_ratio": 1.24,
            "account_receivable_turnover_ratio": 2.56,
            "reinvestment_rate": -6.5,
            "research_to_sale_ratio": null,
            "price_fair": 72.63,
            "eps_avg_yearly": 2.08,
            "eps_latest_yearly": 2.04,
            "eps_growth_yearly": 179.75
        },
        "20221": {
            "year_quarter": 20221,
            "year": 2022,
            "quarter": 1,
            "eps": 0.64,
            "eps_growth_year": 13.87,
            "eps_4q": 2.37,
            "eps_4q_growth_year": 26.14,
            "roe": 11.68,
            "roe_4q": 45.99,
            "gross_profit": 6400000,
            "gross_margin": 61,
            "gross_margin_4q_avg": 60.2,
            "net_income": 2793000,
            "net_income_4q": null,
            "revenue": 10491000,
            "revenue_4q": null,
            "common_shares": 1760000,
            "book_valuer_per_share": -2.28,
            "book_valuer_per_share_4q_avg": -1.99,
            "equity": 24845000,
            "current_ratio": 117.93,
            "debt_ratio": 73.59,
            "inventory_turnover_ratio": 1.14,
            "account_receivable_turnover_ratio": 2.57,
            "reinvestment_rate": -1.56,
            "research_to_sale_ratio": null,
            "price_fair": 53.55,
            "eps_avg_yearly": 2.12,
            "eps_latest_yearly": 2.56,
            "eps_growth_yearly": 15.29
        },
        "20222": {
            "year_quarter": 20222,
            "year": 2022,
            "quarter": 2,
            "eps": 0.64,
            "eps_growth_year": -1.6,
            "eps_4q": 2.36,
            "eps_4q_growth_year": 13.63,
            "roe": 7.94,
            "roe_4q": 41.61,
            "gross_profit": 6495000,
            "gross_margin": 57.35,
            "gross_margin_4q_avg": 58.89,
            "net_income": 1900000,
            "net_income_4q": null,
            "revenue": 11325000,
            "revenue_4q": null,
            "common_shares": 1760000,
            "book_valuer_per_share": -2.52,
            "book_valuer_per_share_4q_avg": -2.23,
            "equity": 23005000,
            "current_ratio": 112.71,
            "debt_ratio": 75.31,
            "inventory_turnover_ratio": 1.31,
            "account_receivable_turnover_ratio": 2.48,
            "reinvestment_rate": -4.46,
            "research_to_sale_ratio": null,
            "price_fair": 37.92,
            "eps_avg_yearly": 2.13,
            "eps_latest_yearly": 2.56,
            "eps_growth_yearly": 7.84
        },
        "20223": {
            "year_quarter": 20223,
            "year": 2022,
            "quarter": 3,
            "eps": 0.67,
            "eps_growth_year": 18.5,
            "eps_4q": 2.46,
            "eps_4q_growth_year": 13.7,
            "roe": 12.32,
            "roe_4q": 42.79,
            "gross_profit": 6497000,
            "gross_margin": 58.73,
            "gross_margin_4q_avg": 58.47,
            "net_income": 2822000,
            "net_income_4q": null,
            "revenue": 11063000,
            "revenue_4q": null,
            "common_shares": 1760000,
            "book_valuer_per_share": -2.35,
            "book_valuer_per_share_4q_avg": -2.46,
            "equity": 22805000,
            "current_ratio": 112.59,
            "debt_ratio": 75.34,
            "inventory_turnover_ratio": 1.25,
            "account_receivable_turnover_ratio": 2.61,
            "reinvestment_rate": -6.62,
            "research_to_sale_ratio": null,
            "price_fair": 47.22,
            "eps_avg_yearly": 2.16,
            "eps_latest_yearly": 2.68,
            "eps_growth_yearly": 11.88
        },
        "20224": {
            "year_quarter": 20224,
            "year": 2022,
            "quarter": 4,
            "eps": 0.46,
            "eps_growth_year": -9.36,
            "eps_4q": 2.42,
            "eps_4q_growth_year": 5.47,
            "roe": 8.77,
            "roe_4q": 40.71,
            "gross_profit": 5612000,
            "gross_margin": 55.43,
            "gross_margin_4q_avg": 58.13,
            "net_income": 2056000,
            "net_income_4q": null,
            "revenue": 10125000,
            "revenue_4q": null,
            "common_shares": 1760000,
            "book_valuer_per_share": -2.2,
            "book_valuer_per_share_4q_avg": -2.34,
            "equity": 24105000,
            "current_ratio": 114.54,
            "debt_ratio": 74.01,
            "inventory_turnover_ratio": 1.14,
            "account_receivable_turnover_ratio": 2.71,
            "reinvestment_rate": -4.69,
            "research_to_sale_ratio": null,
            "price_fair": 43.55,
            "eps_avg_yearly": 2.17,
            "eps_latest_yearly": 1.84,
            "eps_growth_yearly": 10.07
        },
        "20231": {
            "year_quarter": 20231,
            "year": 2023,
            "quarter": 1,
            "eps": 0.66,
            "eps_growth_year": 2.39,
            "eps_4q": 2.43,
            "eps_4q_growth_year": 2.64,
            "roe": 12.62,
            "roe_4q": 41.65,
            "gross_profit": 6663000,
            "gross_margin": 60.68,
            "gross_margin_4q_avg": 58.05,
            "net_income": 3113000,
            "net_income_4q": null,
            "revenue": 10980000,
            "revenue_4q": null,
            "common_shares": 1760000,
            "book_valuer_per_share": -1.93,
            "book_valuer_per_share_4q_avg": -2.25,
            "equity": 25217000,
            "current_ratio": 115.08,
            "debt_ratio": 74.11,
            "inventory_turnover_ratio": 0.96,
            "account_receivable_turnover_ratio": 2.72,
            "reinvestment_rate": -7.88,
            "research_to_sale_ratio": null,
            "price_fair": 57.65,
            "eps_avg_yearly": 2.21,
            "eps_latest_yearly": 2.64,
            "eps_growth_yearly": 16.06
        },
        "20232": {
            "year_quarter": 20232,
            "year": 2023,
            "quarter": 2,
            "eps": 0.86,
            "eps_growth_year": 34.22,
            "eps_4q": 2.65,
            "eps_4q_growth_year": 12.35,
            "roe": 9.84,
            "roe_4q": 43.55,
            "gross_profit": 7060000,
            "gross_margin": 58.97,
            "gross_margin_4q_avg": 58.45,
            "net_income": 2521000,
            "net_income_4q": null,
            "revenue": 11972000,
            "revenue_4q": null,
            "common_shares": 1760000,
            "book_valuer_per_share": -1.73,
            "book_valuer_per_share_4q_avg": -2.05,
            "equity": 26013000,
            "current_ratio": 114.41,
            "debt_ratio": 73.58,
            "inventory_turnover_ratio": 1.05,
            "account_receivable_turnover_ratio": 2.79,
            "reinvestment_rate": -5.25,
            "research_to_sale_ratio": null,
            "price_fair": 60.14,
            "eps_avg_yearly": 2.27,
            "eps_latest_yearly": 3.44,
            "eps_growth_yearly": 16.49
        },
        "20233": {
            "year_quarter": 20233,
            "year": 2023,
            "quarter": 3,
            "eps": 0.78,
            "eps_growth_year": 16.01,
            "eps_4q": 2.76,
            "eps_4q_growth_year": 11.93,
            "roe": 11.78,
            "roe_4q": 43.00999999999999,
            "gross_profit": 7296000,
            "gross_margin": 61.04,
            "gross_margin_4q_avg": 59.03,
            "net_income": 3083000,
            "net_income_4q": null,
            "revenue": 11953000,
            "revenue_4q": null,
            "common_shares": 1760000,
            "book_valuer_per_share": -1.52,
            "book_valuer_per_share_4q_avg": -1.85,
            "equity": 26325000,
            "current_ratio": 114.17,
            "debt_ratio": 73.02,
            "inventory_turnover_ratio": 1.05,
            "account_receivable_turnover_ratio": 3.2,
            "reinvestment_rate": -10.18,
            "research_to_sale_ratio": null,
            "price_fair": 61.66,
            "eps_avg_yearly": 2.32,
            "eps_latest_yearly": 3.12,
            "eps_growth_yearly": 16.55
        },
        "20234": {
            "year_quarter": 20234,
            "year": 2023,
            "quarter": 4,
            "eps": 0.49,
            "eps_growth_year": 7.02,
            "eps_4q": 2.79,
            "eps_4q_growth_year": 15.48,
            "roe": 7.6,
            "roe_4q": 41.839999999999996,
            "gross_profit": 6215000,
            "gross_margin": 57.29,
            "gross_margin_4q_avg": 59.5,
            "net_income": 1986000,
            "net_income_4q": null,
            "revenue": 10849000,
            "revenue_4q": null,
            "common_shares": 1760000,
            "book_valuer_per_share": -1.69,
            "book_valuer_per_share_4q_avg": -1.72,
            "equity": 25941000,
            "current_ratio": 113.41,
            "debt_ratio": 73.45,
            "inventory_turnover_ratio": 1.07,
            "account_receivable_turnover_ratio": 3.14,
            "reinvestment_rate": -1.69,
            "research_to_sale_ratio": null,
            "price_fair": 49.29,
            "eps_avg_yearly": 2.33,
            "eps_latest_yearly": 1.96,
            "eps_growth_yearly": 11.2
        }
    },
    "months": {
        "2001-01": {
            "month": "2001-01",
            "price": "28.92",
            "revenue": 0
        },
        "2001-02": {
            "month": "2001-02",
            "price": "28.64",
            "revenue": 0
        },
        "2001-03": {
            "month": "2001-03",
            "price": "24.11",
            "revenue": 0
        },
        "2001-04": {
            "month": "2001-04",
            "price": "22.94",
            "revenue": 0
        },
        "2001-05": {
            "month": "2001-05",
            "price": "23.66",
            "revenue": 0
        },
        "2001-06": {
            "month": "2001-06",
            "price": "22.59",
            "revenue": 0
        },
        "2001-07": {
            "month": "2001-07",
            "price": "22.71",
            "revenue": 0
        },
        "2001-08": {
            "month": "2001-08",
            "price": "23.46",
            "revenue": 0
        },
        "2001-09": {
            "month": "2001-09",
            "price": "24.34",
            "revenue": 0
        },
        "2001-10": {
            "month": "2001-10",
            "price": "23.39",
            "revenue": 0
        },
        "2001-11": {
            "month": "2001-11",
            "price": "24.44",
            "revenue": 0
        },
        "2001-12": {
            "month": "2001-12",
            "price": "23.47",
            "revenue": 0
        },
        "2002-01": {
            "month": "2002-01",
            "price": "22.51",
            "revenue": 0
        },
        "2002-02": {
            "month": "2002-02",
            "price": "23.20",
            "revenue": 0
        },
        "2002-03": {
            "month": "2002-03",
            "price": "24.60",
            "revenue": 0
        },
        "2002-04": {
            "month": "2002-04",
            "price": "26.84",
            "revenue": 0
        },
        "2002-05": {
            "month": "2002-05",
            "price": "28.15",
            "revenue": 0
        },
        "2002-06": {
            "month": "2002-06",
            "price": "27.51",
            "revenue": 0
        },
        "2002-07": {
            "month": "2002-07",
            "price": "25.54",
            "revenue": 0
        },
        "2002-08": {
            "month": "2002-08",
            "price": "25.53",
            "revenue": 0
        },
        "2002-09": {
            "month": "2002-09",
            "price": "24.57",
            "revenue": 0
        },
        "2002-10": {
            "month": "2002-10",
            "price": "24.48",
            "revenue": 0
        },
        "2002-11": {
            "month": "2002-11",
            "price": "22.75",
            "revenue": 0
        },
        "2002-12": {
            "month": "2002-12",
            "price": "22.46",
            "revenue": 0
        },
        "2003-01": {
            "month": "2003-01",
            "price": "21.91",
            "revenue": 0
        },
        "2003-02": {
            "month": "2003-02",
            "price": "20.06",
            "revenue": 0
        },
        "2003-03": {
            "month": "2003-03",
            "price": "19.88",
            "revenue": 0
        },
        "2003-04": {
            "month": "2003-04",
            "price": "20.47",
            "revenue": 0
        },
        "2003-05": {
            "month": "2003-05",
            "price": "21.79",
            "revenue": 0
        },
        "2003-06": {
            "month": "2003-06",
            "price": "23.40",
            "revenue": 0
        },
        "2003-07": {
            "month": "2003-07",
            "price": "22.40",
            "revenue": 0
        },
        "2003-08": {
            "month": "2003-08",
            "price": "22.17",
            "revenue": 0
        },
        "2003-09": {
            "month": "2003-09",
            "price": "21.81",
            "revenue": 0
        },
        "2003-10": {
            "month": "2003-10",
            "price": "22.47",
            "revenue": 0
        },
        "2003-11": {
            "month": "2003-11",
            "price": "23.35",
            "revenue": 0
        },
        "2003-12": {
            "month": "2003-12",
            "price": "24.53",
            "revenue": 0
        },
        "2004-01": {
            "month": "2004-01",
            "price": "24.93",
            "revenue": 0
        },
        "2004-02": {
            "month": "2004-02",
            "price": "25.36",
            "revenue": 0
        },
        "2004-03": {
            "month": "2004-03",
            "price": "24.53",
            "revenue": 0
        },
        "2004-04": {
            "month": "2004-04",
            "price": "25.57",
            "revenue": 0
        },
        "2004-05": {
            "month": "2004-05",
            "price": "25.12",
            "revenue": 0
        },
        "2004-06": {
            "month": "2004-06",
            "price": "25.67",
            "revenue": 0
        },
        "2004-07": {
            "month": "2004-07",
            "price": "24.29",
            "revenue": 0
        },
        "2004-08": {
            "month": "2004-08",
            "price": "22.09",
            "revenue": 0
        },
        "2004-09": {
            "month": "2004-09",
            "price": "20.94",
            "revenue": 0
        },
        "2004-10": {
            "month": "2004-10",
            "price": "19.91",
            "revenue": 0
        },
        "2004-11": {
            "month": "2004-11",
            "price": "20.23",
            "revenue": 0
        },
        "2004-12": {
            "month": "2004-12",
            "price": "20.51",
            "revenue": 0
        },
        "2005-01": {
            "month": "2005-01",
            "price": "20.60",
            "revenue": 0
        },
        "2005-02": {
            "month": "2005-02",
            "price": "21.30",
            "revenue": 0
        },
        "2005-03": {
            "month": "2005-03",
            "price": "21.15",
            "revenue": 0
        },
        "2005-04": {
            "month": "2005-04",
            "price": "21.06",
            "revenue": 0
        },
        "2005-05": {
            "month": "2005-05",
            "price": "22.24",
            "revenue": 0
        },
        "2005-06": {
            "month": "2005-06",
            "price": "21.77",
            "revenue": 0
        },
        "2005-07": {
            "month": "2005-07",
            "price": "21.57",
            "revenue": 0
        },
        "2005-08": {
            "month": "2005-08",
            "price": "21.95",
            "revenue": 0
        },
        "2005-09": {
            "month": "2005-09",
            "price": "21.68",
            "revenue": 0
        },
        "2005-10": {
            "month": "2005-10",
            "price": "21.13",
            "revenue": 0
        },
        "2005-11": {
            "month": "2005-11",
            "price": "21.23",
            "revenue": 0
        },
        "2005-12": {
            "month": "2005-12",
            "price": "20.74",
            "revenue": 0
        },
        "2006-01": {
            "month": "2006-01",
            "price": "20.60",
            "revenue": 0
        },
        "2006-02": {
            "month": "2006-02",
            "price": "20.75",
            "revenue": 0
        },
        "2006-03": {
            "month": "2006-03",
            "price": "21.19",
            "revenue": 0
        },
        "2006-04": {
            "month": "2006-04",
            "price": "20.80",
            "revenue": 0
        },
        "2006-05": {
            "month": "2006-05",
            "price": "21.69",
            "revenue": 0
        },
        "2006-06": {
            "month": "2006-06",
            "price": "21.56",
            "revenue": 0
        },
        "2006-07": {
            "month": "2006-07",
            "price": "21.84",
            "revenue": 0
        },
        "2006-08": {
            "month": "2006-08",
            "price": "22.13",
            "revenue": 0
        },
        "2006-09": {
            "month": "2006-09",
            "price": "22.29",
            "revenue": 0
        },
        "2006-10": {
            "month": "2006-10",
            "price": "22.65",
            "revenue": 0
        },
        "2006-11": {
            "month": "2006-11",
            "price": "23.38",
            "revenue": 0
        },
        "2006-12": {
            "month": "2006-12",
            "price": "24.23",
            "revenue": 0
        },
        "2007-01": {
            "month": "2007-01",
            "price": "24.14",
            "revenue": 0
        },
        "2007-02": {
            "month": "2007-02",
            "price": "23.85",
            "revenue": 0
        },
        "2007-03": {
            "month": "2007-03",
            "price": "23.70",
            "revenue": 0
        },
        "2007-04": {
            "month": "2007-04",
            "price": "25.35",
            "revenue": 0
        },
        "2007-05": {
            "month": "2007-05",
            "price": "26.25",
            "revenue": 0
        },
        "2007-06": {
            "month": "2007-06",
            "price": "25.94",
            "revenue": 0
        },
        "2007-07": {
            "month": "2007-07",
            "price": "26.46",
            "revenue": 0
        },
        "2007-08": {
            "month": "2007-08",
            "price": "27.06",
            "revenue": 0
        },
        "2007-09": {
            "month": "2007-09",
            "price": "27.97",
            "revenue": 0
        },
        "2007-10": {
            "month": "2007-10",
            "price": "29.52",
            "revenue": 0
        },
        "2007-11": {
            "month": "2007-11",
            "price": "30.81",
            "revenue": 0
        },
        "2007-12": {
            "month": "2007-12",
            "price": "31.43",
            "revenue": 0
        },
        "2008-01": {
            "month": "2008-01",
            "price": "30.72",
            "revenue": 0
        },
        "2008-02": {
            "month": "2008-02",
            "price": "29.39",
            "revenue": 0
        },
        "2008-03": {
            "month": "2008-03",
            "price": "29.87",
            "revenue": 0
        },
        "2008-04": {
            "month": "2008-04",
            "price": "30.15",
            "revenue": 0
        },
        "2008-05": {
            "month": "2008-05",
            "price": "28.73",
            "revenue": 0
        },
        "2008-06": {
            "month": "2008-06",
            "price": "27.45",
            "revenue": 0
        },
        "2008-07": {
            "month": "2008-07",
            "price": "25.59",
            "revenue": 0
        },
        "2008-08": {
            "month": "2008-08",
            "price": "27.12",
            "revenue": 0
        },
        "2008-09": {
            "month": "2008-09",
            "price": "26.32",
            "revenue": 0
        },
        "2008-10": {
            "month": "2008-10",
            "price": "23.03",
            "revenue": 0
        },
        "2008-11": {
            "month": "2008-11",
            "price": "22.36",
            "revenue": 0
        },
        "2008-12": {
            "month": "2008-12",
            "price": "22.47",
            "revenue": 0
        },
        "2009-01": {
            "month": "2009-01",
            "price": "21.91",
            "revenue": 0
        },
        "2009-02": {
            "month": "2009-02",
            "price": "21.25",
            "revenue": 0
        },
        "2009-03": {
            "month": "2009-03",
            "price": "20.79",
            "revenue": 0
        },
        "2009-04": {
            "month": "2009-04",
            "price": "22.03",
            "revenue": 0
        },
        "2009-05": {
            "month": "2009-05",
            "price": "22.54",
            "revenue": 0
        },
        "2009-06": {
            "month": "2009-06",
            "price": "24.30",
            "revenue": 0
        },
        "2009-07": {
            "month": "2009-07",
            "price": "24.73",
            "revenue": 0
        },
        "2009-08": {
            "month": "2009-08",
            "price": "24.54",
            "revenue": 0
        },
        "2009-09": {
            "month": "2009-09",
            "price": "25.93",
            "revenue": 0
        },
        "2009-10": {
            "month": "2009-10",
            "price": "27.08",
            "revenue": 0
        },
        "2009-11": {
            "month": "2009-11",
            "price": "28.06",
            "revenue": 0
        },
        "2009-12": {
            "month": "2009-12",
            "price": "28.89",
            "revenue": 0
        },
        "2010-01": {
            "month": "2010-01",
            "price": "27.81",
            "revenue": 0
        },
        "2010-02": {
            "month": "2010-02",
            "price": "27.17",
            "revenue": 0
        },
        "2010-03": {
            "month": "2010-03",
            "price": "27.13",
            "revenue": 0
        },
        "2010-04": {
            "month": "2010-04",
            "price": "27.14",
            "revenue": 0
        },
        "2010-05": {
            "month": "2010-05",
            "price": "26.29",
            "revenue": 0
        },
        "2010-06": {
            "month": "2010-06",
            "price": "25.84",
            "revenue": 0
        },
        "2010-07": {
            "month": "2010-07",
            "price": "26.51",
            "revenue": 0
        },
        "2010-08": {
            "month": "2010-08",
            "price": "28.00",
            "revenue": 0
        },
        "2010-09": {
            "month": "2010-09",
            "price": "29.01",
            "revenue": 0
        },
        "2010-10": {
            "month": "2010-10",
            "price": "30.14",
            "revenue": 0
        },
        "2010-11": {
            "month": "2010-11",
            "price": "31.50",
            "revenue": 0
        },
        "2010-12": {
            "month": "2010-12",
            "price": "32.49",
            "revenue": 0
        },
        "2011-01": {
            "month": "2011-01",
            "price": "31.58",
            "revenue": 0
        },
        "2011-02": {
            "month": "2011-02",
            "price": "31.72",
            "revenue": 0
        },
        "2011-03": {
            "month": "2011-03",
            "price": "32.27",
            "revenue": 0
        },
        "2011-04": {
            "month": "2011-04",
            "price": "33.73",
            "revenue": 0
        },
        "2011-05": {
            "month": "2011-05",
            "price": "33.75",
            "revenue": 0
        },
        "2011-06": {
            "month": "2011-06",
            "price": "32.87",
            "revenue": 0
        },
        "2011-07": {
            "month": "2011-07",
            "price": "34.25",
            "revenue": 0
        },
        "2011-08": {
            "month": "2011-08",
            "price": "33.87",
            "revenue": 0
        },
        "2011-09": {
            "month": "2011-09",
            "price": "34.76",
            "revenue": 0
        },
        "2011-10": {
            "month": "2011-10",
            "price": "33.53",
            "revenue": 0
        },
        "2011-11": {
            "month": "2011-11",
            "price": "33.51",
            "revenue": 0
        },
        "2011-12": {
            "month": "2011-12",
            "price": "33.93",
            "revenue": 0
        },
        "2012-01": {
            "month": "2012-01",
            "price": "34.12",
            "revenue": 0
        },
        "2012-02": {
            "month": "2012-02",
            "price": "34.30",
            "revenue": 0
        },
        "2012-03": {
            "month": "2012-03",
            "price": "35.33",
            "revenue": 0
        },
        "2012-04": {
            "month": "2012-04",
            "price": "36.90",
            "revenue": 0
        },
        "2012-05": {
            "month": "2012-05",
            "price": "38.02",
            "revenue": 0
        },
        "2012-06": {
            "month": "2012-06",
            "price": "37.58",
            "revenue": 0
        },
        "2012-07": {
            "month": "2012-07",
            "price": "39.04",
            "revenue": 0
        },
        "2012-08": {
            "month": "2012-08",
            "price": "39.09",
            "revenue": 0
        },
        "2012-09": {
            "month": "2012-09",
            "price": "38.01",
            "revenue": 0
        },
        "2012-10": {
            "month": "2012-10",
            "price": "37.83",
            "revenue": 0
        },
        "2012-11": {
            "month": "2012-11",
            "price": "37.01",
            "revenue": 0
        },
        "2012-12": {
            "month": "2012-12",
            "price": "37.13",
            "revenue": 0
        },
        "2013-01": {
            "month": "2013-01",
            "price": "37.26",
            "revenue": 0
        },
        "2013-02": {
            "month": "2013-02",
            "price": "37.96",
            "revenue": 0
        },
        "2013-03": {
            "month": "2013-03",
            "price": "39.39",
            "revenue": 0
        },
        "2013-04": {
            "month": "2013-04",
            "price": "41.51",
            "revenue": 0
        },
        "2013-05": {
            "month": "2013-05",
            "price": "42.16",
            "revenue": 0
        },
        "2013-06": {
            "month": "2013-06",
            "price": "40.45",
            "revenue": 0
        },
        "2013-07": {
            "month": "2013-07",
            "price": "40.67",
            "revenue": 0
        },
        "2013-08": {
            "month": "2013-08",
            "price": "39.21",
            "revenue": 0
        },
        "2013-09": {
            "month": "2013-09",
            "price": "38.63",
            "revenue": 0
        },
        "2013-10": {
            "month": "2013-10",
            "price": "38.31",
            "revenue": 0
        },
        "2013-11": {
            "month": "2013-11",
            "price": "40.05",
            "revenue": 0
        },
        "2013-12": {
            "month": "2013-12",
            "price": "40.10",
            "revenue": 0
        },
        "2014-01": {
            "month": "2014-01",
            "price": "39.47",
            "revenue": 0
        },
        "2014-02": {
            "month": "2014-02",
            "price": "37.90",
            "revenue": 0
        },
        "2014-03": {
            "month": "2014-03",
            "price": "38.46",
            "revenue": 0
        },
        "2014-04": {
            "month": "2014-04",
            "price": "39.69",
            "revenue": 0
        },
        "2014-05": {
            "month": "2014-05",
            "price": "40.76",
            "revenue": 0
        },
        "2014-06": {
            "month": "2014-06",
            "price": "41.28",
            "revenue": 0
        },
        "2014-07": {
            "month": "2014-07",
            "price": "41.56",
            "revenue": 0
        },
        "2014-08": {
            "month": "2014-08",
            "price": "40.53",
            "revenue": 0
        },
        "2014-09": {
            "month": "2014-09",
            "price": "41.92",
            "revenue": 0
        },
        "2014-10": {
            "month": "2014-10",
            "price": "42.49",
            "revenue": 0
        },
        "2014-11": {
            "month": "2014-11",
            "price": "43.21",
            "revenue": 0
        },
        "2014-12": {
            "month": "2014-12",
            "price": "42.50",
            "revenue": 0
        },
        "2015-01": {
            "month": "2015-01",
            "price": "42.66",
            "revenue": 0
        },
        "2015-02": {
            "month": "2015-02",
            "price": "41.98",
            "revenue": 0
        },
        "2015-03": {
            "month": "2015-03",
            "price": "40.92",
            "revenue": 0
        },
        "2015-04": {
            "month": "2015-04",
            "price": "40.77",
            "revenue": 0
        },
        "2015-05": {
            "month": "2015-05",
            "price": "41.06",
            "revenue": 0
        },
        "2015-06": {
            "month": "2015-06",
            "price": "40.22",
            "revenue": 0
        },
        "2015-07": {
            "month": "2015-07",
            "price": "40.57",
            "revenue": 0
        },
        "2015-08": {
            "month": "2015-08",
            "price": "40.60",
            "revenue": 0
        },
        "2015-09": {
            "month": "2015-09",
            "price": "38.95",
            "revenue": 0
        },
        "2015-10": {
            "month": "2015-10",
            "price": "41.93",
            "revenue": 0
        },
        "2015-11": {
            "month": "2015-11",
            "price": "42.29",
            "revenue": 0
        },
        "2015-12": {
            "month": "2015-12",
            "price": "43.08",
            "revenue": 0
        },
        "2016-01": {
            "month": "2016-01",
            "price": "41.99",
            "revenue": 0
        },
        "2016-02": {
            "month": "2016-02",
            "price": "43.17",
            "revenue": 0
        },
        "2016-03": {
            "month": "2016-03",
            "price": "45.16",
            "revenue": 0
        },
        "2016-04": {
            "month": "2016-04",
            "price": "45.71",
            "revenue": 0
        },
        "2016-05": {
            "month": "2016-05",
            "price": "44.89",
            "revenue": 0
        },
        "2016-06": {
            "month": "2016-06",
            "price": "44.97",
            "revenue": 0
        },
        "2016-07": {
            "month": "2016-07",
            "price": "45.18",
            "revenue": 0
        },
        "2016-08": {
            "month": "2016-08",
            "price": "43.68",
            "revenue": 0
        },
        "2016-09": {
            "month": "2016-09",
            "price": "42.68",
            "revenue": 0
        },
        "2016-10": {
            "month": "2016-10",
            "price": "41.98",
            "revenue": 0
        },
        "2016-11": {
            "month": "2016-11",
            "price": "41.52",
            "revenue": 0
        },
        "2016-12": {
            "month": "2016-12",
            "price": "41.35",
            "revenue": 0
        },
        "2017-01": {
            "month": "2017-01",
            "price": "41.44",
            "revenue": 0
        },
        "2017-02": {
            "month": "2017-02",
            "price": "41.35",
            "revenue": 0
        },
        "2017-03": {
            "month": "2017-03",
            "price": "42.24",
            "revenue": 0
        },
        "2017-04": {
            "month": "2017-04",
            "price": "42.93",
            "revenue": 0
        },
        "2017-05": {
            "month": "2017-05",
            "price": "44.09",
            "revenue": 0
        },
        "2017-06": {
            "month": "2017-06",
            "price": "45.36",
            "revenue": 0
        },
        "2017-07": {
            "month": "2017-07",
            "price": "44.93",
            "revenue": 0
        },
        "2017-08": {
            "month": "2017-08",
            "price": "45.65",
            "revenue": 0
        },
        "2017-09": {
            "month": "2017-09",
            "price": "45.86",
            "revenue": 0
        },
        "2017-10": {
            "month": "2017-10",
            "price": "45.97",
            "revenue": 0
        },
        "2017-11": {
            "month": "2017-11",
            "price": "46.06",
            "revenue": 0
        },
        "2017-12": {
            "month": "2017-12",
            "price": "45.87",
            "revenue": 0
        },
        "2018-01": {
            "month": "2018-01",
            "price": "46.80",
            "revenue": 0
        },
        "2018-02": {
            "month": "2018-02",
            "price": "44.33",
            "revenue": 0
        },
        "2018-03": {
            "month": "2018-03",
            "price": "43.57",
            "revenue": 0
        },
        "2018-04": {
            "month": "2018-04",
            "price": "43.80",
            "revenue": 0
        },
        "2018-05": {
            "month": "2018-05",
            "price": "42.24",
            "revenue": 0
        },
        "2018-06": {
            "month": "2018-06",
            "price": "43.57",
            "revenue": 0
        },
        "2018-07": {
            "month": "2018-07",
            "price": "45.13",
            "revenue": 0
        },
        "2018-08": {
            "month": "2018-08",
            "price": "45.99",
            "revenue": 0
        },
        "2018-09": {
            "month": "2018-09",
            "price": "45.95",
            "revenue": 0
        },
        "2018-10": {
            "month": "2018-10",
            "price": "46.08",
            "revenue": 0
        },
        "2018-11": {
            "month": "2018-11",
            "price": "49.35",
            "revenue": 0
        },
        "2018-12": {
            "month": "2018-12",
            "price": "48.38",
            "revenue": 0
        },
        "2019-01": {
            "month": "2019-01",
            "price": "47.36",
            "revenue": 0
        },
        "2019-02": {
            "month": "2019-02",
            "price": "47.17",
            "revenue": 0
        },
        "2019-03": {
            "month": "2019-03",
            "price": "45.82",
            "revenue": 0
        },
        "2019-04": {
            "month": "2019-04",
            "price": "47.22",
            "revenue": 0
        },
        "2019-05": {
            "month": "2019-05",
            "price": "48.77",
            "revenue": 0
        },
        "2019-06": {
            "month": "2019-06",
            "price": "51.15",
            "revenue": 0
        },
        "2019-07": {
            "month": "2019-07",
            "price": "52.46",
            "revenue": 0
        },
        "2019-08": {
            "month": "2019-08",
            "price": "53.72",
            "revenue": 0
        },
        "2019-09": {
            "month": "2019-09",
            "price": "54.55",
            "revenue": 0
        },
        "2019-10": {
            "month": "2019-10",
            "price": "53.90",
            "revenue": 0
        },
        "2019-11": {
            "month": "2019-11",
            "price": "52.89",
            "revenue": 0
        },
        "2019-12": {
            "month": "2019-12",
            "price": "54.45",
            "revenue": 0
        },
        "2020-01": {
            "month": "2020-01",
            "price": "56.45",
            "revenue": 0
        },
        "2020-02": {
            "month": "2020-02",
            "price": "58.65",
            "revenue": 0
        },
        "2020-03": {
            "month": "2020-03",
            "price": "47.67",
            "revenue": 0
        },
        "2020-04": {
            "month": "2020-04",
            "price": "46.34",
            "revenue": 0
        },
        "2020-05": {
            "month": "2020-05",
            "price": "45.25",
            "revenue": 0
        },
        "2020-06": {
            "month": "2020-06",
            "price": "46.53",
            "revenue": 0
        },
        "2020-07": {
            "month": "2020-07",
            "price": "46.50",
            "revenue": 0
        },
        "2020-08": {
            "month": "2020-08",
            "price": "47.94",
            "revenue": 0
        },
        "2020-09": {
            "month": "2020-09",
            "price": "49.92",
            "revenue": 0
        },
        "2020-10": {
            "month": "2020-10",
            "price": "49.72",
            "revenue": 0
        },
        "2020-11": {
            "month": "2020-11",
            "price": "52.08",
            "revenue": 0
        },
        "2020-12": {
            "month": "2020-12",
            "price": "53.34",
            "revenue": 0
        },
        "2021-01": {
            "month": "2021-01",
            "price": "49.65",
            "revenue": 0
        },
        "2021-02": {
            "month": "2021-02",
            "price": "49.86",
            "revenue": 0
        },
        "2021-03": {
            "month": "2021-03",
            "price": "51.28",
            "revenue": 0
        },
        "2021-04": {
            "month": "2021-04",
            "price": "53.59",
            "revenue": 0
        },
        "2021-05": {
            "month": "2021-05",
            "price": "54.60",
            "revenue": 0
        },
        "2021-06": {
            "month": "2021-06",
            "price": "55.01",
            "revenue": 0
        },
        "2021-07": {
            "month": "2021-07",
            "price": "55.73",
            "revenue": 0
        },
        "2021-08": {
            "month": "2021-08",
            "price": "56.56",
            "revenue": 0
        },
        "2021-09": {
            "month": "2021-09",
            "price": "54.91",
            "revenue": 0
        },
        "2021-10": {
            "month": "2021-10",
            "price": "54.32",
            "revenue": 0
        },
        "2021-11": {
            "month": "2021-11",
            "price": "55.80",
            "revenue": 0
        },
        "2021-12": {
            "month": "2021-12",
            "price": "56.88",
            "revenue": 0
        },
        "2022-01": {
            "month": "2022-01",
            "price": "60.44",
            "revenue": 0
        },
        "2022-02": {
            "month": "2022-02",
            "price": "61.43",
            "revenue": 0
        },
        "2022-03": {
            "month": "2022-03",
            "price": "60.62",
            "revenue": 0
        },
        "2022-04": {
            "month": "2022-04",
            "price": "64.53",
            "revenue": 0
        },
        "2022-05": {
            "month": "2022-05",
            "price": "63.87",
            "revenue": 0
        },
        "2022-06": {
            "month": "2022-06",
            "price": "61.83",
            "revenue": 0
        },
        "2022-07": {
            "month": "2022-07",
            "price": "62.75",
            "revenue": 0
        },
        "2022-08": {
            "month": "2022-08",
            "price": "63.81",
            "revenue": 0
        },
        "2022-09": {
            "month": "2022-09",
            "price": "59.76",
            "revenue": 0
        },
        "2022-10": {
            "month": "2022-10",
            "price": "56.63",
            "revenue": 0
        },
        "2022-11": {
            "month": "2022-11",
            "price": "60.90",
            "revenue": 0
        },
        "2022-12": {
            "month": "2022-12",
            "price": "63.58",
            "revenue": 0
        },
        "2023-01": {
            "month": "2023-01",
            "price": "61.36",
            "revenue": 0
        },
        "2023-02": {
            "month": "2023-02",
            "price": "59.94",
            "revenue": 0
        },
        "2023-03": {
            "month": "2023-03",
            "price": "60.35",
            "revenue": 0
        },
        "2023-04": {
            "month": "2023-04",
            "price": "63.28",
            "revenue": 0
        },
        "2023-05": {
            "month": "2023-05",
            "price": "62.65",
            "revenue": 0
        },
        "2023-06": {
            "month": "2023-06",
            "price": "60.79",
            "revenue": 0
        },
        "2023-07": {
            "month": "2023-07",
            "price": "61.22",
            "revenue": 0
        },
        "2023-08": {
            "month": "2023-08",
            "price": "60.75",
            "revenue": 0
        },
        "2023-09": {
            "month": "2023-09",
            "price": "57.85",
            "revenue": 0
        },
        "2023-10": {
            "month": "2023-10",
            "price": "54.42",
            "revenue": 0
        },
        "2023-11": {
            "month": "2023-11",
            "price": "57.46",
            "revenue": 0
        },
        "2023-12": {
            "month": "2023-12",
            "price": "58.73",
            "revenue": 0
        },
        "2024-01": {
            "month": "2024-01",
            "price": "59.79",
            "revenue": 0
        },
        "2024-02": {
            "month": "2024-02",
            "price": "60.19",
            "revenue": 0
        },
        "2024-03": {
            "month": "2024-03",
            "price": "60.24",
            "revenue": 0
        }
    }
}
