{
    "summary": {
        "stock_name": "Eli Lilly and Co",
        "stock_id": "LLY",
        "category": "Medical",
        "main_business": "禮來公司於1901年在印第安納州註冊成立，其前身是1876年由伊利·禮來上校在印第安納州印第安納波利斯創立的藥品生產企業。公司發現，開發，製造和銷售重要醫藥產品。公司的宗旨是將“關愛”與“發現”結合起來，為世界各地的人們創造更美好的生活。",
        "website_url": "https://www.lilly.com/",
        "ceo": "David A. Ricks",
        "pe_ratio": 76,
        "report_year_from": 1993,
        "report_year_to": 2023,
        "age": 31,
        "eps_negative_percentage": 0,
        "eps_growth_avg": {
            "last_all": 5.73,
            "last_2y": -2.87,
            "last_4y": 6.45,
            "last_8y": 12.19,
            "last_12y": 5.21,
            "last_16y": 6.97,
            "last_20y": 6.44,
            "at_2006_last_3y": 4.17,
            "at_2007_last_3y": 8.67,
            "at_2008_last_3y": 11.82,
            "at_2009_last_3y": 15.31,
            "at_2010_last_3y": 12.71,
            "at_2011_last_3y": 6.42,
            "at_2012_last_3y": 1.94,
            "at_2013_last_3y": -0.03,
            "at_2014_last_3y": -10.51,
            "at_2015_last_3y": -5.8,
            "at_2016_last_3y": -4.14,
            "at_2017_last_3y": 2.13,
            "at_2018_last_3y": 19.37,
            "at_2019_last_3y": 17.35,
            "at_2020_last_3y": 28.11,
            "at_2021_last_3y": 18.54,
            "at_2022_last_3y": 11.9,
            "at_2023_last_3y": 6.47,
            "at_2024_last_3y": 6.47,
            "at_2006_last_all": 1.5,
            "at_2007_last_all": 4.71,
            "at_2008_last_all": 4.43,
            "at_2009_last_all": 6.77,
            "at_2010_last_all": 6.48,
            "at_2011_last_all": 5.39,
            "at_2012_last_all": 3.53,
            "at_2013_last_all": 4.51,
            "at_2014_last_all": 1.25,
            "at_2015_last_all": 2.2,
            "at_2016_last_all": 1.48,
            "at_2017_last_all": 3.91,
            "at_2018_last_all": 5.52,
            "at_2019_last_all": 5.56,
            "at_2020_last_all": 7.09,
            "at_2021_last_all": 6.84,
            "at_2022_last_all": 6.73,
            "at_2023_last_all": 5.73,
            "at_2024_last_all": 5.73
        },
        "latest_eps": 10.08,
        "latest_price": 769.64,
        "latest_roe": 0,
        "latest_gross_margin": 80.42,
        "latest_equity": 11220400,
        "latest_revenue": 9498600,
        "latest_gross_profit": 7638500,
        "latest_net_income": -57400,
        "latest_debt_ratio": 80.63,
        "latest_current_ratio": 104.59,
        "latest_account_receivable_turnover_ratio": 0.97,
        "latest_inventory_turnover_ratio": 0.38,
        "latest_reinvestment_rate": 18.56,
        "latest_research_to_sale_ratio": 25.36
    },
    "eps_dividends": {
        "1995": {
            "cash": 0.32,
            "stock": 0,
            "eps": 0
        },
        "1996": {
            "cash": 0.68,
            "stock": 0,
            "eps": 0
        },
        "1997": {
            "cash": 0.54,
            "stock": 0,
            "eps": 0
        },
        "1998": {
            "cash": 0.8,
            "stock": 0,
            "eps": 0
        },
        "1999": {
            "cash": 0.92,
            "stock": 0,
            "eps": 0
        },
        "2000": {
            "cash": 1.04,
            "stock": 0,
            "eps": 0
        },
        "2001": {
            "cash": 1.12,
            "stock": 0,
            "eps": 2.84
        },
        "2002": {
            "cash": 1.24,
            "stock": 0,
            "eps": 2.58
        },
        "2003": {
            "cash": 1.36,
            "stock": 0,
            "eps": 2.65
        },
        "2004": {
            "cash": 1.44,
            "stock": 0,
            "eps": 2.39
        },
        "2005": {
            "cash": 1.52,
            "stock": 0,
            "eps": 2.61
        },
        "2006": {
            "cash": 1.6,
            "stock": 0,
            "eps": 2.99
        },
        "2007": {
            "cash": 1.72,
            "stock": 0,
            "eps": 3.61
        },
        "2008": {
            "cash": 1.88,
            "stock": 0,
            "eps": 3.71
        },
        "2009": {
            "cash": 1.96,
            "stock": 0,
            "eps": 4.57
        },
        "2010": {
            "cash": 1.96,
            "stock": 0,
            "eps": 4.76
        },
        "2011": {
            "cash": 1.96,
            "stock": 0,
            "eps": 4.55
        },
        "2012": {
            "cash": 1.96,
            "stock": 0,
            "eps": 3.86
        },
        "2013": {
            "cash": 1.96,
            "stock": 0,
            "eps": 4.45
        },
        "2014": {
            "cash": 1.96,
            "stock": 0,
            "eps": 2.77
        },
        "2015": {
            "cash": 2,
            "stock": 0,
            "eps": 3.17
        },
        "2016": {
            "cash": 2.04,
            "stock": 0,
            "eps": 2.9
        },
        "2017": {
            "cash": 2.08,
            "stock": 0,
            "eps": 4.07
        },
        "2018": {
            "cash": 1.6800000000000002,
            "stock": 0,
            "eps": 5.34
        },
        "2019": {
            "cash": 2.6,
            "stock": 0,
            "eps": 5.68
        },
        "2020": {
            "cash": 2.96,
            "stock": 0,
            "eps": 7.64
        },
        "2021": {
            "cash": 3.4,
            "stock": 0,
            "eps": 7.8
        },
        "2022": {
            "cash": 3.92,
            "stock": 0,
            "eps": 8.16
        },
        "2023": {
            "cash": 4.52,
            "stock": 0,
            "eps": 6.91
        },
        "2024": {
            "cash": 1.13,
            "stock": 0,
            "eps": 0
        }
    },
    "dividends": {
        "1995-06-12": {
            "cash": 0.16,
            "stock": 0
        },
        "1995-09-11": {
            "cash": 0.16,
            "stock": 0
        },
        "1996-03-11": {
            "cash": 0.17,
            "stock": 0
        },
        "1996-06-10": {
            "cash": 0.17,
            "stock": 0
        },
        "1996-09-10": {
            "cash": 0.17,
            "stock": 0
        },
        "1996-12-10": {
            "cash": 0.17,
            "stock": 0
        },
        "1997-03-10": {
            "cash": 0.18,
            "stock": 0
        },
        "1997-06-10": {
            "cash": 0.18,
            "stock": 0
        },
        "1997-09-10": {
            "cash": 0.18,
            "stock": 0
        },
        "1998-03-10": {
            "cash": 0.2,
            "stock": 0
        },
        "1998-06-10": {
            "cash": 0.2,
            "stock": 0
        },
        "1998-09-10": {
            "cash": 0.2,
            "stock": 0
        },
        "1998-12-10": {
            "cash": 0.2,
            "stock": 0
        },
        "1999-03-10": {
            "cash": 0.23,
            "stock": 0
        },
        "1999-06-10": {
            "cash": 0.23,
            "stock": 0
        },
        "1999-09-10": {
            "cash": 0.23,
            "stock": 0
        },
        "1999-12-10": {
            "cash": 0.23,
            "stock": 0
        },
        "2000-03-10": {
            "cash": 0.26,
            "stock": 0
        },
        "2000-06-09": {
            "cash": 0.26,
            "stock": 0
        },
        "2000-09-11": {
            "cash": 0.26,
            "stock": 0
        },
        "2000-12-11": {
            "cash": 0.26,
            "stock": 0
        },
        "2001-03-09": {
            "cash": 0.28,
            "stock": 0
        },
        "2001-06-11": {
            "cash": 0.28,
            "stock": 0
        },
        "2001-09-10": {
            "cash": 0.28,
            "stock": 0
        },
        "2001-12-10": {
            "cash": 0.28,
            "stock": 0
        },
        "2002-03-08": {
            "cash": 0.31,
            "stock": 0
        },
        "2002-06-10": {
            "cash": 0.31,
            "stock": 0
        },
        "2002-09-10": {
            "cash": 0.31,
            "stock": 0
        },
        "2002-12-10": {
            "cash": 0.31,
            "stock": 0
        },
        "2003-03-10": {
            "cash": 0.34,
            "stock": 0
        },
        "2003-06-10": {
            "cash": 0.34,
            "stock": 0
        },
        "2003-09-10": {
            "cash": 0.34,
            "stock": 0
        },
        "2003-12-10": {
            "cash": 0.34,
            "stock": 0
        },
        "2004-03-10": {
            "cash": 0.36,
            "stock": 0
        },
        "2004-06-10": {
            "cash": 0.36,
            "stock": 0
        },
        "2004-09-10": {
            "cash": 0.36,
            "stock": 0
        },
        "2004-12-10": {
            "cash": 0.36,
            "stock": 0
        },
        "2005-03-10": {
            "cash": 0.38,
            "stock": 0
        },
        "2005-06-10": {
            "cash": 0.38,
            "stock": 0
        },
        "2005-09-09": {
            "cash": 0.38,
            "stock": 0
        },
        "2005-12-09": {
            "cash": 0.38,
            "stock": 0
        },
        "2006-03-10": {
            "cash": 0.4,
            "stock": 0
        },
        "2006-06-09": {
            "cash": 0.4,
            "stock": 0
        },
        "2006-09-08": {
            "cash": 0.4,
            "stock": 0
        },
        "2006-12-08": {
            "cash": 0.4,
            "stock": 0
        },
        "2007-03-09": {
            "cash": 0.43,
            "stock": 0
        },
        "2007-06-08": {
            "cash": 0.43,
            "stock": 0
        },
        "2007-09-10": {
            "cash": 0.43,
            "stock": 0
        },
        "2007-12-10": {
            "cash": 0.43,
            "stock": 0
        },
        "2008-03-10": {
            "cash": 0.47,
            "stock": 0
        },
        "2008-06-10": {
            "cash": 0.47,
            "stock": 0
        },
        "2008-09-10": {
            "cash": 0.47,
            "stock": 0
        },
        "2008-12-10": {
            "cash": 0.47,
            "stock": 0
        },
        "2009-03-10": {
            "cash": 0.49,
            "stock": 0
        },
        "2009-06-10": {
            "cash": 0.49,
            "stock": 0
        },
        "2009-09-10": {
            "cash": 0.49,
            "stock": 0
        },
        "2009-12-10": {
            "cash": 0.49,
            "stock": 0
        },
        "2010-03-10": {
            "cash": 0.49,
            "stock": 0
        },
        "2010-06-10": {
            "cash": 0.49,
            "stock": 0
        },
        "2010-09-10": {
            "cash": 0.49,
            "stock": 0
        },
        "2010-12-10": {
            "cash": 0.49,
            "stock": 0
        },
        "2011-03-10": {
            "cash": 0.49,
            "stock": 0
        },
        "2011-06-10": {
            "cash": 0.49,
            "stock": 0
        },
        "2011-09-09": {
            "cash": 0.49,
            "stock": 0
        },
        "2011-12-09": {
            "cash": 0.49,
            "stock": 0
        },
        "2012-03-09": {
            "cash": 0.49,
            "stock": 0
        },
        "2012-06-08": {
            "cash": 0.49,
            "stock": 0
        },
        "2012-09-10": {
            "cash": 0.49,
            "stock": 0
        },
        "2012-12-10": {
            "cash": 0.49,
            "stock": 0
        },
        "2013-03-08": {
            "cash": 0.49,
            "stock": 0
        },
        "2013-06-10": {
            "cash": 0.49,
            "stock": 0
        },
        "2013-09-10": {
            "cash": 0.49,
            "stock": 0
        },
        "2013-12-10": {
            "cash": 0.49,
            "stock": 0
        },
        "2014-03-10": {
            "cash": 0.49,
            "stock": 0
        },
        "2014-06-10": {
            "cash": 0.49,
            "stock": 0
        },
        "2014-09-10": {
            "cash": 0.49,
            "stock": 0
        },
        "2014-12-10": {
            "cash": 0.49,
            "stock": 0
        },
        "2015-03-10": {
            "cash": 0.5,
            "stock": 0
        },
        "2015-06-10": {
            "cash": 0.5,
            "stock": 0
        },
        "2015-09-10": {
            "cash": 0.5,
            "stock": 0
        },
        "2015-12-10": {
            "cash": 0.5,
            "stock": 0
        },
        "2016-03-10": {
            "cash": 0.51,
            "stock": 0
        },
        "2016-06-10": {
            "cash": 0.51,
            "stock": 0
        },
        "2016-09-09": {
            "cash": 0.51,
            "stock": 0
        },
        "2016-12-09": {
            "cash": 0.51,
            "stock": 0
        },
        "2017-03-10": {
            "cash": 0.52,
            "stock": 0
        },
        "2017-06-09": {
            "cash": 0.52,
            "stock": 0
        },
        "2017-09-08": {
            "cash": 0.52,
            "stock": 0
        },
        "2017-12-08": {
            "cash": 0.52,
            "stock": 0
        },
        "2018-03-09": {
            "cash": 0.56,
            "stock": 0
        },
        "2018-09-10": {
            "cash": 0.56,
            "stock": 0
        },
        "2018-12-10": {
            "cash": 0.56,
            "stock": 0
        },
        "2019-03-08": {
            "cash": 0.65,
            "stock": 0
        },
        "2019-06-10": {
            "cash": 0.65,
            "stock": 0
        },
        "2019-09-10": {
            "cash": 0.65,
            "stock": 0
        },
        "2019-12-10": {
            "cash": 0.65,
            "stock": 0
        },
        "2020-03-10": {
            "cash": 0.74,
            "stock": 0
        },
        "2020-06-10": {
            "cash": 0.74,
            "stock": 0
        },
        "2020-09-10": {
            "cash": 0.74,
            "stock": 0
        },
        "2020-12-10": {
            "cash": 0.74,
            "stock": 0
        },
        "2021-03-10": {
            "cash": 0.85,
            "stock": 0
        },
        "2021-06-10": {
            "cash": 0.85,
            "stock": 0
        },
        "2021-09-10": {
            "cash": 0.85,
            "stock": 0
        },
        "2021-12-10": {
            "cash": 0.85,
            "stock": 0
        },
        "2022-03-10": {
            "cash": 0.98,
            "stock": 0
        },
        "2022-06-10": {
            "cash": 0.98,
            "stock": 0
        },
        "2022-09-09": {
            "cash": 0.98,
            "stock": 0
        },
        "2022-12-09": {
            "cash": 0.98,
            "stock": 0
        },
        "2023-03-10": {
            "cash": 1.13,
            "stock": 0
        },
        "2023-06-09": {
            "cash": 1.13,
            "stock": 0
        },
        "2023-09-08": {
            "cash": 1.13,
            "stock": 0
        },
        "2023-12-08": {
            "cash": 1.13,
            "stock": 0
        },
        "2024-03-08": {
            "cash": 1.13,
            "stock": 0
        }
    },
    "prices": {
        "200101": "82.39",
        "200102": "77.81",
        "200103": "76.63",
        "200104": "79.08",
        "200105": "85.43",
        "200106": "81.51",
        "200107": "76.46",
        "200108": "79.64",
        "200109": "77.56",
        "200110": "78.59",
        "200111": "80.12",
        "200112": "80.91",
        "200201": "75.84",
        "200202": "75.44",
        "200203": "78.48",
        "200204": "73.55",
        "200205": "65.00",
        "200206": "60.25",
        "200207": "51.66",
        "200208": "57.09",
        "200209": "56.81",
        "200210": "59.35",
        "200211": "62.32",
        "200212": "64.86",
        "200301": "64.80",
        "200302": "58.37",
        "200303": "56.42",
        "200304": "60.70",
        "200305": "61.79",
        "200306": "65.06",
        "200307": "67.28",
        "200308": "63.33",
        "200309": "60.72",
        "200310": "63.56",
        "200311": "68.52",
        "200312": "71.03",
        "200401": "69.25",
        "200402": "72.53",
        "200403": "69.58",
        "200404": "71.48",
        "200405": "73.59",
        "200406": "73.20",
        "200407": "65.99",
        "200408": "63.09",
        "200409": "64.63",
        "200410": "56.85",
        "200411": "55.84",
        "200412": "55.93",
        "200501": "56.05",
        "200502": "55.19",
        "200503": "54.00",
        "200504": "56.26",
        "200505": "59.32",
        "200506": "57.47",
        "200507": "55.95",
        "200508": "53.76",
        "200509": "54.80",
        "200510": "51.81",
        "200511": "50.57",
        "200512": "55.26",
        "200601": "57.44",
        "200602": "55.90",
        "200603": "57.00",
        "200604": "53.57",
        "200605": "51.59",
        "200606": "53.21",
        "200607": "55.76",
        "200608": "55.50",
        "200609": "55.71",
        "200610": "57.33",
        "200611": "54.77",
        "200612": "53.22",
        "200701": "52.64",
        "200702": "54.36",
        "200703": "52.73",
        "200704": "57.67",
        "200705": "59.25",
        "200706": "57.13",
        "200707": "56.32",
        "200708": "56.05",
        "200709": "57.08",
        "200710": "56.84",
        "200711": "51.73",
        "200712": "53.73",
        "200801": "53.80",
        "200802": "50.89",
        "200803": "49.91",
        "200804": "50.93",
        "200805": "48.55",
        "200806": "47.57",
        "200807": "47.57",
        "200808": "47.79",
        "200809": "45.95",
        "200810": "34.98",
        "200811": "32.95",
        "200812": "36.28",
        "200901": "38.31",
        "200902": "35.20",
        "200903": "30.95",
        "200904": "32.98",
        "200905": "34.68",
        "200906": "34.17",
        "200907": "34.02",
        "200908": "33.70",
        "200909": "32.85",
        "200910": "33.79",
        "200911": "35.62",
        "200912": "36.19",
        "201001": "35.83",
        "201002": "34.50",
        "201003": "35.62",
        "201004": "36.06",
        "201005": "33.97",
        "201006": "33.72",
        "201007": "34.97",
        "201008": "35.41",
        "201009": "35.60",
        "201010": "36.47",
        "201011": "34.80",
        "201012": "34.82",
        "201101": "34.87",
        "201102": "34.93",
        "201103": "34.56",
        "201104": "35.98",
        "201105": "38.43",
        "201106": "37.34",
        "201107": "38.04",
        "201108": "35.99",
        "201109": "36.93",
        "201110": "37.79",
        "201111": "37.18",
        "201112": "40.09",
        "201201": "39.98",
        "201202": "39.19",
        "201203": "39.82",
        "201204": "40.11",
        "201205": "41.08",
        "201206": "41.59",
        "201207": "43.44",
        "201208": "43.39",
        "201209": "46.85",
        "201210": "50.75",
        "201211": "47.74",
        "201212": "49.15",
        "201301": "52.70",
        "201302": "54.00",
        "201303": "55.33",
        "201304": "56.87",
        "201305": "54.85",
        "201306": "51.23",
        "201307": "51.48",
        "201308": "53.01",
        "201309": "52.59",
        "201310": "49.46",
        "201311": "50.60",
        "201312": "50.25",
        "201401": "53.22",
        "201402": "55.66",
        "201403": "58.53",
        "201404": "59.27",
        "201405": "59.28",
        "201406": "60.44",
        "201407": "62.97",
        "201408": "61.70",
        "201409": "65.28",
        "201410": "64.58",
        "201411": "67.29",
        "201412": "70.73",
        "201501": "70.80",
        "201502": "70.73",
        "201503": "71.96",
        "201504": "72.28",
        "201505": "73.64",
        "201506": "82.26",
        "201507": "86.49",
        "201508": "83.20",
        "201509": "83.48",
        "201510": "81.55",
        "201511": "81.89",
        "201512": "85.42",
        "201601": "81.48",
        "201602": "73.91",
        "201603": "72.25",
        "201604": "75.60",
        "201605": "75.62",
        "201606": "74.66",
        "201607": "80.60",
        "201608": "80.19",
        "201609": "79.35",
        "201610": "79.12",
        "201611": "73.78",
        "201612": "70.52",
        "201701": "75.93",
        "201702": "79.54",
        "201703": "84.17",
        "201704": "83.56",
        "201705": "79.73",
        "201706": "81.73",
        "201707": "83.22",
        "201708": "80.33",
        "201709": "82.76",
        "201710": "85.81",
        "201711": "83.56",
        "201712": "85.89",
        "201801": "85.61",
        "201802": "77.88",
        "201803": "77.78",
        "201804": "79.43",
        "201805": "81.28",
        "201806": "85.74",
        "201807": "90.58",
        "201808": "103.51",
        "201809": "106.08",
        "201810": "110.54",
        "201811": "112.26",
        "201812": "112.50",
        "201901": "116.17",
        "201902": "121.59",
        "201903": "127.04",
        "201904": "122.35",
        "201905": "116.30",
        "201906": "114.55",
        "201907": "109.88",
        "201908": "111.67",
        "201909": "112.57",
        "201910": "109.05",
        "201911": "114.22",
        "201912": "125.04",
        "202001": "138.13",
        "202002": "140.53",
        "202003": "134.01",
        "202004": "150.99",
        "202005": "154.41",
        "202006": "155.06",
        "202007": "163.12",
        "202008": "151.20",
        "202009": "149.59",
        "202010": "143.87",
        "202011": "142.68",
        "202012": "160.77",
        "202101": "190.27",
        "202102": "202.81",
        "202103": "194.07",
        "202104": "185.09",
        "202105": "195.82",
        "202106": "220.54",
        "202107": "237.68",
        "202108": "264.08",
        "202109": "237.85",
        "202110": "239.02",
        "202111": "260.23",
        "202112": "260.90",
        "202201": "250.67",
        "202202": "242.90",
        "202203": "275.12",
        "202204": "296.19",
        "202205": "297.80",
        "202206": "306.33",
        "202207": "327.71",
        "202208": "312.15",
        "202209": "311.61",
        "202210": "337.37",
        "202211": "360.66",
        "202212": "365.65",
        "202301": "352.68",
        "202302": "333.60",
        "202303": "326.87",
        "202304": "373.12",
        "202305": "429.37",
        "202306": "450.74",
        "202307": "453.80",
        "202308": "523.54",
        "202309": "567.31",
        "202310": "576.76",
        "202311": "592.89",
        "202312": "581.68"
    },
    "quarters": {
        "20011": {
            "year_quarter": 20011,
            "year": 2001,
            "quarter": 1,
            "eps": 0.74,
            "eps_growth_year": -4.09,
            "eps_4q": 2.75,
            "eps_4q_growth_year": 2.44,
            "roe": 12.77,
            "roe_4q": 12.77,
            "gross_profit": 2283400,
            "gross_margin": 81.38,
            "gross_margin_4q_avg": 81.38,
            "net_income": 806800,
            "net_income_4q": null,
            "revenue": 2805700,
            "revenue_4q": null,
            "common_shares": 703100,
            "book_valuer_per_share": 6.08,
            "book_valuer_per_share_4q_avg": 6.08,
            "equity": 6593600,
            "current_ratio": 153.68,
            "debt_ratio": 55.3,
            "inventory_turnover_ratio": 0.59,
            "account_receivable_turnover_ratio": 1.5,
            "reinvestment_rate": 11.72,
            "research_to_sale_ratio": 18.37,
            "price_fair": 0,
            "eps_avg_yearly": 0,
            "eps_latest_yearly": 0,
            "eps_growth_yearly": 0
        },
        "20012": {
            "year_quarter": 20012,
            "year": 2001,
            "quarter": 2,
            "eps": 0.76,
            "eps_growth_year": 24.82,
            "eps_4q": 2.9,
            "eps_4q_growth_year": 4.64,
            "roe": 12.39,
            "roe_4q": 25.16,
            "gross_profit": 2511300,
            "gross_margin": 82.79,
            "gross_margin_4q_avg": 82.09,
            "net_income": 827700,
            "net_income_4q": null,
            "revenue": 3033500,
            "revenue_4q": null,
            "common_shares": 703300,
            "book_valuer_per_share": 6.24,
            "book_valuer_per_share_4q_avg": 6.16,
            "equity": 6763400,
            "current_ratio": 138.6,
            "debt_ratio": 56.74,
            "inventory_turnover_ratio": 0.57,
            "account_receivable_turnover_ratio": 1.71,
            "reinvestment_rate": 19.14,
            "research_to_sale_ratio": 18.58,
            "price_fair": 0,
            "eps_avg_yearly": 0,
            "eps_latest_yearly": 0,
            "eps_growth_yearly": 0
        },
        "20013": {
            "year_quarter": 20013,
            "year": 2001,
            "quarter": 3,
            "eps": 0.71,
            "eps_growth_year": 0.44,
            "eps_4q": 2.91,
            "eps_4q_growth_year": 3.13,
            "roe": 8.3,
            "roe_4q": 33.46,
            "gross_profit": 2325400,
            "gross_margin": 80.9,
            "gross_margin_4q_avg": 81.69,
            "net_income": 586700,
            "net_income_4q": null,
            "revenue": 2874400,
            "revenue_4q": null,
            "common_shares": 703200,
            "book_valuer_per_share": 6.79,
            "book_valuer_per_share_4q_avg": 6.37,
            "equity": 7367100,
            "current_ratio": 145.86,
            "debt_ratio": 55.07,
            "inventory_turnover_ratio": 0.55,
            "account_receivable_turnover_ratio": 1.66,
            "reinvestment_rate": 24.98,
            "research_to_sale_ratio": 19.69,
            "price_fair": 0,
            "eps_avg_yearly": 0,
            "eps_latest_yearly": 0,
            "eps_growth_yearly": 0
        },
        "20014": {
            "year_quarter": 20014,
            "year": 2001,
            "quarter": 4,
            "eps": 0.63,
            "eps_growth_year": -9.59,
            "eps_4q": 2.84,
            "eps_4q_growth_year": 1.99,
            "roe": 8.13,
            "roe_4q": 41.59,
            "gross_profit": 2262200,
            "gross_margin": 79.97,
            "gross_margin_4q_avg": 81.26,
            "net_income": 588200,
            "net_income_4q": null,
            "revenue": 2828900,
            "revenue_4q": null,
            "common_shares": 702700,
            "book_valuer_per_share": 6.56,
            "book_valuer_per_share_4q_avg": 6.42,
            "equity": 7104000,
            "current_ratio": 133.36,
            "debt_ratio": 56.77,
            "inventory_turnover_ratio": 0.54,
            "account_receivable_turnover_ratio": 1.67,
            "reinvestment_rate": 26.37,
            "research_to_sale_ratio": 20.85,
            "price_fair": 0,
            "eps_avg_yearly": 0,
            "eps_latest_yearly": 0,
            "eps_growth_yearly": 0
        },
        "20021": {
            "year_quarter": 20021,
            "year": 2002,
            "quarter": 1,
            "eps": 0.58,
            "eps_growth_year": -21.73,
            "eps_4q": 2.68,
            "eps_4q_growth_year": -2.67,
            "roe": 8.5,
            "roe_4q": 37.32000000000001,
            "gross_profit": 2031000,
            "gross_margin": 79.3,
            "gross_margin_4q_avg": 80.74,
            "net_income": 629200,
            "net_income_4q": null,
            "revenue": 2561100,
            "revenue_4q": null,
            "common_shares": 703200,
            "book_valuer_per_share": 7.1,
            "book_valuer_per_share_4q_avg": 6.67,
            "equity": 7700400,
            "current_ratio": 153.61,
            "debt_ratio": 54.86,
            "inventory_turnover_ratio": 0.49,
            "account_receivable_turnover_ratio": 1.49,
            "reinvestment_rate": 27.53,
            "research_to_sale_ratio": 19.63,
            "price_fair": 6.96,
            "eps_avg_yearly": 2.32,
            "eps_latest_yearly": 2.32,
            "eps_growth_yearly": -31.75
        },
        "20022": {
            "year_quarter": 20022,
            "year": 2002,
            "quarter": 2,
            "eps": 0.61,
            "eps_growth_year": -20.07,
            "eps_4q": 2.53,
            "eps_4q_growth_year": -12.97,
            "roe": 8.53,
            "roe_4q": 33.46000000000001,
            "gross_profit": 2250300,
            "gross_margin": 81.09,
            "gross_margin_4q_avg": 80.32,
            "net_income": 658500,
            "net_income_4q": null,
            "revenue": 2775200,
            "revenue_4q": null,
            "common_shares": 702800,
            "book_valuer_per_share": 7.15,
            "book_valuer_per_share_4q_avg": 6.9,
            "equity": 7746900,
            "current_ratio": 159.62,
            "debt_ratio": 55.84,
            "inventory_turnover_ratio": 0.43,
            "account_receivable_turnover_ratio": 1.51,
            "reinvestment_rate": 27.22,
            "research_to_sale_ratio": 19.66,
            "price_fair": 7.14,
            "eps_avg_yearly": 2.38,
            "eps_latest_yearly": 2.44,
            "eps_growth_yearly": -5.53
        },
        "20023": {
            "year_quarter": 20023,
            "year": 2002,
            "quarter": 3,
            "eps": 0.71,
            "eps_growth_year": -0.76,
            "eps_4q": 2.52,
            "eps_4q_growth_year": -13.24,
            "roe": 8.54,
            "roe_4q": 33.7,
            "gross_profit": 2231900,
            "gross_margin": 80.12,
            "gross_margin_4q_avg": 80.12,
            "net_income": 683900,
            "net_income_4q": null,
            "revenue": 2785600,
            "revenue_4q": null,
            "common_shares": 702900,
            "book_valuer_per_share": 7.63,
            "book_valuer_per_share_4q_avg": 7.11,
            "equity": 8261500,
            "current_ratio": 165.68,
            "debt_ratio": 56.33,
            "inventory_turnover_ratio": 0.4,
            "account_receivable_turnover_ratio": 1.48,
            "reinvestment_rate": 34,
            "research_to_sale_ratio": 18.91,
            "price_fair": 71.37,
            "eps_avg_yearly": 2.53,
            "eps_latest_yearly": 2.84,
            "eps_growth_yearly": 18.17
        },
        "20024": {
            "year_quarter": 20024,
            "year": 2002,
            "quarter": 4,
            "eps": 0.68,
            "eps_growth_year": 7.63,
            "eps_4q": 2.57,
            "eps_4q_growth_year": -9.51,
            "roe": 8.91,
            "roe_4q": 34.48,
            "gross_profit": 2387800,
            "gross_margin": 80.79,
            "gross_margin_4q_avg": 80.33,
            "net_income": 736300,
            "net_income_4q": null,
            "revenue": 2955600,
            "revenue_4q": null,
            "common_shares": 702100,
            "book_valuer_per_share": 7.64,
            "book_valuer_per_share_4q_avg": 7.38,
            "equity": 8273600,
            "current_ratio": 154.12,
            "debt_ratio": 56.55,
            "inventory_turnover_ratio": 0.4,
            "account_receivable_turnover_ratio": 1.51,
            "reinvestment_rate": 39.85,
            "research_to_sale_ratio": 19.43,
            "price_fair": 50.06,
            "eps_avg_yearly": 2.58,
            "eps_latest_yearly": 2.72,
            "eps_growth_yearly": 9.4
        },
        "20031": {
            "year_quarter": 20031,
            "year": 2003,
            "quarter": 1,
            "eps": 0.64,
            "eps_growth_year": 11.55,
            "eps_4q": 2.64,
            "eps_4q_growth_year": -1.59,
            "roe": 4.79,
            "roe_4q": 30.769999999999996,
            "gross_profit": 2268100,
            "gross_margin": 78.5,
            "gross_margin_4q_avg": 80.13,
            "net_income": 407000,
            "net_income_4q": null,
            "revenue": 2889400,
            "revenue_4q": null,
            "common_shares": 702400,
            "book_valuer_per_share": 8.05,
            "book_valuer_per_share_4q_avg": 7.62,
            "equity": 8727600,
            "current_ratio": 178.29,
            "debt_ratio": 55.57,
            "inventory_turnover_ratio": 0.4,
            "account_receivable_turnover_ratio": 1.38,
            "reinvestment_rate": 41.61,
            "research_to_sale_ratio": 18.33,
            "price_fair": 33.02,
            "eps_avg_yearly": 2.58,
            "eps_latest_yearly": 2.56,
            "eps_growth_yearly": 2.82
        },
        "20032": {
            "year_quarter": 20032,
            "year": 2003,
            "quarter": 2,
            "eps": 0.64,
            "eps_growth_year": 5.5,
            "eps_4q": 2.67,
            "eps_4q_growth_year": 5.65,
            "roe": 7.95,
            "roe_4q": 30.189999999999998,
            "gross_profit": 2445200,
            "gross_margin": 79.18,
            "gross_margin_4q_avg": 79.65,
            "net_income": 692200,
            "net_income_4q": null,
            "revenue": 3088200,
            "revenue_4q": null,
            "common_shares": 701400,
            "book_valuer_per_share": 8.02,
            "book_valuer_per_share_4q_avg": 7.84,
            "equity": 8685500,
            "current_ratio": 156.27,
            "debt_ratio": 56.68,
            "inventory_turnover_ratio": 0.39,
            "account_receivable_turnover_ratio": 1.46,
            "reinvestment_rate": 47.5,
            "research_to_sale_ratio": 17.57,
            "price_fair": 31.77,
            "eps_avg_yearly": 2.57,
            "eps_latest_yearly": 2.56,
            "eps_growth_yearly": 2.35
        },
        "20033": {
            "year_quarter": 20033,
            "year": 2003,
            "quarter": 3,
            "eps": 0.66,
            "eps_growth_year": -6.63,
            "eps_4q": 2.62,
            "eps_4q_growth_year": 4.02,
            "roe": 7.86,
            "roe_4q": 29.51,
            "gross_profit": 2460100,
            "gross_margin": 78.36,
            "gross_margin_4q_avg": 79.21,
            "net_income": 714400,
            "net_income_4q": null,
            "revenue": 3139400,
            "revenue_4q": null,
            "common_shares": 701800,
            "book_valuer_per_share": 8.76,
            "book_valuer_per_share_4q_avg": 8.12,
            "equity": 9485200,
            "current_ratio": 183.11,
            "debt_ratio": 54.4,
            "inventory_turnover_ratio": 0.4,
            "account_receivable_turnover_ratio": 1.52,
            "reinvestment_rate": 45.7,
            "research_to_sale_ratio": 18.1,
            "price_fair": 35.64,
            "eps_avg_yearly": 2.58,
            "eps_latest_yearly": 2.64,
            "eps_growth_yearly": 3.8
        },
        "20034": {
            "year_quarter": 20034,
            "year": 2003,
            "quarter": 4,
            "eps": 0.71,
            "eps_growth_year": 4.54,
            "eps_4q": 2.65,
            "eps_4q_growth_year": 3.27,
            "roe": 7.76,
            "roe_4q": 28.36,
            "gross_profit": 2734000,
            "gross_margin": 78.89,
            "gross_margin_4q_avg": 78.73,
            "net_income": 747200,
            "net_income_4q": null,
            "revenue": 3465500,
            "revenue_4q": null,
            "common_shares": 702300,
            "book_valuer_per_share": 9.01,
            "book_valuer_per_share_4q_avg": 8.46,
            "equity": 9764800,
            "current_ratio": 157.69,
            "debt_ratio": 54.98,
            "inventory_turnover_ratio": 0.4,
            "account_receivable_turnover_ratio": 1.58,
            "reinvestment_rate": 50.97,
            "research_to_sale_ratio": 20.49,
            "price_fair": 44.75,
            "eps_avg_yearly": 2.62,
            "eps_latest_yearly": 2.84,
            "eps_growth_yearly": 7.11
        },
        "20041": {
            "year_quarter": 20041,
            "year": 2004,
            "quarter": 1,
            "eps": 0.7,
            "eps_growth_year": 8.8,
            "eps_4q": 2.71,
            "eps_4q_growth_year": 2.81,
            "roe": 3.94,
            "roe_4q": 27.509999999999998,
            "gross_profit": 2625200,
            "gross_margin": 77.74,
            "gross_margin_4q_avg": 78.54,
            "net_income": 400400,
            "net_income_4q": null,
            "revenue": 3376900,
            "revenue_4q": null,
            "common_shares": 706400,
            "book_valuer_per_share": 9.69,
            "book_valuer_per_share_4q_avg": 8.87,
            "equity": 10558500,
            "current_ratio": 158.51,
            "debt_ratio": 52.87,
            "inventory_turnover_ratio": 0.38,
            "account_receivable_turnover_ratio": 1.42,
            "reinvestment_rate": 55.22,
            "research_to_sale_ratio": 19.15,
            "price_fair": 41.37,
            "eps_avg_yearly": 2.64,
            "eps_latest_yearly": 2.8,
            "eps_growth_yearly": 5.7
        },
        "20042": {
            "year_quarter": 20042,
            "year": 2004,
            "quarter": 2,
            "eps": 0.68,
            "eps_growth_year": 6.41,
            "eps_4q": 2.75,
            "eps_4q_growth_year": 3.06,
            "roe": 6.24,
            "roe_4q": 25.799999999999997,
            "gross_profit": 2759900,
            "gross_margin": 77.61,
            "gross_margin_4q_avg": 78.15,
            "net_income": 656900,
            "net_income_4q": null,
            "revenue": 3556300,
            "revenue_4q": null,
            "common_shares": 707200,
            "book_valuer_per_share": 9.63,
            "book_valuer_per_share_4q_avg": 9.27,
            "equity": 10499200,
            "current_ratio": 130.7,
            "debt_ratio": 53.89,
            "inventory_turnover_ratio": 0.39,
            "account_receivable_turnover_ratio": 1.47,
            "reinvestment_rate": 54.66,
            "research_to_sale_ratio": 19.24,
            "price_fair": 36.97,
            "eps_avg_yearly": 2.64,
            "eps_latest_yearly": 2.72,
            "eps_growth_yearly": 3.98
        },
        "20043": {
            "year_quarter": 20043,
            "year": 2004,
            "quarter": 3,
            "eps": 0.69,
            "eps_growth_year": 4.99,
            "eps_4q": 2.79,
            "eps_4q_growth_year": 6.16,
            "roe": 6.93,
            "roe_4q": 24.869999999999997,
            "gross_profit": 2470300,
            "gross_margin": 75.3,
            "gross_margin_4q_avg": 77.39,
            "net_income": 755200,
            "net_income_4q": null,
            "revenue": 3280400,
            "revenue_4q": null,
            "common_shares": 707600,
            "book_valuer_per_share": 10.36,
            "book_valuer_per_share_4q_avg": 9.67,
            "equity": 11310000,
            "current_ratio": 146.53,
            "debt_ratio": 53.24,
            "inventory_turnover_ratio": 0.39,
            "account_receivable_turnover_ratio": 1.37,
            "reinvestment_rate": 61.7,
            "research_to_sale_ratio": 19.96,
            "price_fair": 37.58,
            "eps_avg_yearly": 2.65,
            "eps_latest_yearly": 2.76,
            "eps_growth_yearly": 4.16
        },
        "20044": {
            "year_quarter": 20044,
            "year": 2004,
            "quarter": 4,
            "eps": 0.32,
            "eps_growth_year": -54.81,
            "eps_4q": 2.4,
            "eps_4q_growth_year": -9.74,
            "roe": -0.02,
            "roe_4q": 17.09,
            "gross_profit": 2778600,
            "gross_margin": 76.25,
            "gross_margin_4q_avg": 76.73,
            "net_income": -2400,
            "net_income_4q": null,
            "revenue": 3644300,
            "revenue_4q": null,
            "common_shares": 708000,
            "book_valuer_per_share": 10,
            "book_valuer_per_share_4q_avg": 9.92,
            "equity": 10919900,
            "current_ratio": 169.03,
            "debt_ratio": 56.09,
            "inventory_turnover_ratio": 0.39,
            "account_receivable_turnover_ratio": 1.49,
            "reinvestment_rate": 26.9,
            "research_to_sale_ratio": 19.36,
            "price_fair": 7.62,
            "eps_avg_yearly": 2.54,
            "eps_latest_yearly": 1.28,
            "eps_growth_yearly": -14.07
        },
        "20051": {
            "year_quarter": 20051,
            "year": 2005,
            "quarter": 1,
            "eps": 0.68,
            "eps_growth_year": -3.62,
            "eps_4q": 2.37,
            "eps_4q_growth_year": -12.56,
            "roe": 6.54,
            "roe_4q": 19.689999999999998,
            "gross_profit": 2638400,
            "gross_margin": 75.44,
            "gross_margin_4q_avg": 76.15,
            "net_income": 736600,
            "net_income_4q": null,
            "revenue": 3497400,
            "revenue_4q": null,
            "common_shares": 708600,
            "book_valuer_per_share": 10.61,
            "book_valuer_per_share_4q_avg": 10.15,
            "equity": 11597800,
            "current_ratio": 209.18,
            "debt_ratio": 50.09,
            "inventory_turnover_ratio": 0.38,
            "account_receivable_turnover_ratio": 1.36,
            "reinvestment_rate": 16.39,
            "research_to_sale_ratio": 20.08,
            "price_fair": 80.78,
            "eps_avg_yearly": 2.55,
            "eps_latest_yearly": 2.72,
            "eps_growth_yearly": 21.63
        },
        "20052": {
            "year_quarter": 20052,
            "year": 2005,
            "quarter": 2,
            "eps": 0.41,
            "eps_growth_year": -39.78,
            "eps_4q": 2.1,
            "eps_4q_growth_year": -23.7,
            "roe": -2.3,
            "roe_4q": 11.15,
            "gross_profit": 2796400,
            "gross_margin": 76.24,
            "gross_margin_4q_avg": 75.81,
            "net_income": -252000,
            "net_income_4q": null,
            "revenue": 3667700,
            "revenue_4q": null,
            "common_shares": 709200,
            "book_valuer_per_share": 9.39,
            "book_valuer_per_share_4q_avg": 10.09,
            "equity": 10268600,
            "current_ratio": 169.5,
            "debt_ratio": 56.15,
            "inventory_turnover_ratio": 0.42,
            "account_receivable_turnover_ratio": 1.46,
            "reinvestment_rate": 12.35,
            "research_to_sale_ratio": 20.79,
            "price_fair": 46.64,
            "eps_avg_yearly": 2.49,
            "eps_latest_yearly": 1.64,
            "eps_growth_yearly": 8.74
        },
        "20053": {
            "year_quarter": 20053,
            "year": 2005,
            "quarter": 3,
            "eps": 0.73,
            "eps_growth_year": 4.98,
            "eps_4q": 2.13,
            "eps_4q_growth_year": -23.36,
            "roe": 7.34,
            "roe_4q": 11.56,
            "gross_profit": 2755400,
            "gross_margin": 76.52,
            "gross_margin_4q_avg": 76.11,
            "net_income": 794400,
            "net_income_4q": null,
            "revenue": 3601100,
            "revenue_4q": null,
            "common_shares": 710200,
            "book_valuer_per_share": 10.45,
            "book_valuer_per_share_4q_avg": 10.11,
            "equity": 11383300,
            "current_ratio": 234.64,
            "debt_ratio": 54.11,
            "inventory_turnover_ratio": 0.43,
            "account_receivable_turnover_ratio": 1.48,
            "reinvestment_rate": 12.43,
            "research_to_sale_ratio": 20.85,
            "price_fair": 88.11,
            "eps_avg_yearly": 2.52,
            "eps_latest_yearly": 2.92,
            "eps_growth_yearly": 28.97
        },
        "20054": {
            "year_quarter": 20054,
            "year": 2005,
            "quarter": 4,
            "eps": 0.79,
            "eps_growth_year": 145.5,
            "eps_4q": 2.6,
            "eps_4q_growth_year": 8.57,
            "roe": 6.52,
            "roe_4q": 18.099999999999998,
            "gross_profit": 2980900,
            "gross_margin": 76.85,
            "gross_margin_4q_avg": 76.26,
            "net_income": 722600,
            "net_income_4q": null,
            "revenue": 3879100,
            "revenue_4q": null,
            "common_shares": 706900,
            "book_valuer_per_share": 9.9,
            "book_valuer_per_share_4q_avg": 10.09,
            "equity": 10791900,
            "current_ratio": 188.86,
            "debt_ratio": 56.1,
            "inventory_turnover_ratio": 0.47,
            "account_receivable_turnover_ratio": 1.5,
            "reinvestment_rate": 21.41,
            "research_to_sale_ratio": 20.88,
            "price_fair": 89.51,
            "eps_avg_yearly": 2.56,
            "eps_latest_yearly": 3.16,
            "eps_growth_yearly": 29.22
        },
        "20061": {
            "year_quarter": 20061,
            "year": 2006,
            "quarter": 1,
            "eps": 0.77,
            "eps_growth_year": 13.56,
            "eps_4q": 2.69,
            "eps_4q_growth_year": 13.6,
            "roe": 7.43,
            "roe_4q": 18.99,
            "gross_profit": 2908200,
            "gross_margin": 78.29,
            "gross_margin_4q_avg": 76.98,
            "net_income": 834800,
            "net_income_4q": null,
            "revenue": 3714700,
            "revenue_4q": null,
            "common_shares": 706900,
            "book_valuer_per_share": 10.73,
            "book_valuer_per_share_4q_avg": 10.12,
            "equity": 11694200,
            "current_ratio": 228.9,
            "debt_ratio": 51.57,
            "inventory_turnover_ratio": 0.42,
            "account_receivable_turnover_ratio": 1.41,
            "reinvestment_rate": 21.94,
            "research_to_sale_ratio": 19.94,
            "price_fair": 91.18,
            "eps_avg_yearly": 2.61,
            "eps_latest_yearly": 3.08,
            "eps_growth_yearly": 30.57
        },
        "20062": {
            "year_quarter": 20062,
            "year": 2006,
            "quarter": 2,
            "eps": 0.76,
            "eps_growth_year": 84.81,
            "eps_4q": 3.04,
            "eps_4q_growth_year": 44.79,
            "roe": 6.96,
            "roe_4q": 28.25,
            "gross_profit": 3006300,
            "gross_margin": 77.74,
            "gross_margin_4q_avg": 77.35,
            "net_income": 822000,
            "net_income_4q": null,
            "revenue": 3866900,
            "revenue_4q": null,
            "common_shares": 707000,
            "book_valuer_per_share": 10.94,
            "book_valuer_per_share_4q_avg": 10.51,
            "equity": 11928500,
            "current_ratio": 227.94,
            "debt_ratio": 51.18,
            "inventory_turnover_ratio": 0.42,
            "account_receivable_turnover_ratio": 1.54,
            "reinvestment_rate": 14.32,
            "research_to_sale_ratio": 20.04,
            "price_fair": 92.49,
            "eps_avg_yearly": 2.64,
            "eps_latest_yearly": 3.04,
            "eps_growth_yearly": 28.95
        },
        "20063": {
            "year_quarter": 20063,
            "year": 2006,
            "quarter": 3,
            "eps": 0.8,
            "eps_growth_year": 10.47,
            "eps_4q": 3.12,
            "eps_4q_growth_year": 46.02,
            "roe": 6.99,
            "roe_4q": 27.9,
            "gross_profit": 3003700,
            "gross_margin": 77.73,
            "gross_margin_4q_avg": 77.65,
            "net_income": 873600,
            "net_income_4q": null,
            "revenue": 3864100,
            "revenue_4q": null,
            "common_shares": 707600,
            "book_valuer_per_share": 11.96,
            "book_valuer_per_share_4q_avg": 10.88,
            "equity": 13054700,
            "current_ratio": 251.65,
            "debt_ratio": 45.41,
            "inventory_turnover_ratio": 0.4,
            "account_receivable_turnover_ratio": 1.55,
            "reinvestment_rate": 11.06,
            "research_to_sale_ratio": 19.56,
            "price_fair": 93.28,
            "eps_avg_yearly": 2.67,
            "eps_latest_yearly": 3.2,
            "eps_growth_yearly": 26.17
        },
        "20064": {
            "year_quarter": 20064,
            "year": 2006,
            "quarter": 4,
            "eps": 0.66,
            "eps_growth_year": -16.79,
            "eps_4q": 2.99,
            "eps_4q_growth_year": 14.73,
            "roe": 1.11,
            "roe_4q": 22.49,
            "gross_profit": 3226300,
            "gross_margin": 76,
            "gross_margin_4q_avg": 77.44,
            "net_income": 132300,
            "net_income_4q": null,
            "revenue": 4245300,
            "revenue_4q": null,
            "common_shares": 707900,
            "book_valuer_per_share": 9.45,
            "book_valuer_per_share_4q_avg": 10.77,
            "equity": 10820200,
            "current_ratio": 185.64,
            "debt_ratio": 50.91,
            "inventory_turnover_ratio": 0.46,
            "account_receivable_turnover_ratio": 1.64,
            "reinvestment_rate": 5.72,
            "research_to_sale_ratio": 20.21,
            "price_fair": 87.38,
            "eps_avg_yearly": 2.66,
            "eps_latest_yearly": 2.64,
            "eps_growth_yearly": 22.85
        },
        "20071": {
            "year_quarter": 20071,
            "year": 2007,
            "quarter": 1,
            "eps": 0.85,
            "eps_growth_year": 10.41,
            "eps_4q": 3.06,
            "eps_4q_growth_year": 13.79,
            "roe": 4.55,
            "roe_4q": 19.61,
            "gross_profit": 3303600,
            "gross_margin": 78.17,
            "gross_margin_4q_avg": 77.41,
            "net_income": 508700,
            "net_income_4q": null,
            "revenue": 4226100,
            "revenue_4q": null,
            "common_shares": 709300,
            "book_valuer_per_share": 8.04,
            "book_valuer_per_share_4q_avg": 10.1,
            "equity": 11533900,
            "current_ratio": 222.67,
            "debt_ratio": 51.4,
            "inventory_turnover_ratio": 0.41,
            "account_receivable_turnover_ratio": 1.56,
            "reinvestment_rate": -2.47,
            "research_to_sale_ratio": 19.74,
            "price_fair": 94.94,
            "eps_avg_yearly": 2.71,
            "eps_latest_yearly": 3.4,
            "eps_growth_yearly": 31.52
        },
        "20072": {
            "year_quarter": 20072,
            "year": 2007,
            "quarter": 2,
            "eps": 0.91,
            "eps_growth_year": 20.13,
            "eps_4q": 3.22,
            "eps_4q_growth_year": 5.8,
            "roe": 5.75,
            "roe_4q": 18.4,
            "gross_profit": 3632100,
            "gross_margin": 78.43,
            "gross_margin_4q_avg": 77.58,
            "net_income": 663600,
            "net_income_4q": null,
            "revenue": 4631000,
            "revenue_4q": null,
            "common_shares": 709500,
            "book_valuer_per_share": 7.99,
            "book_valuer_per_share_4q_avg": 9.36,
            "equity": 11560000,
            "current_ratio": 210.36,
            "debt_ratio": 51.94,
            "inventory_turnover_ratio": 0.43,
            "account_receivable_turnover_ratio": 1.68,
            "reinvestment_rate": -4.46,
            "research_to_sale_ratio": 18.45,
            "price_fair": 97.3,
            "eps_avg_yearly": 2.78,
            "eps_latest_yearly": 3.64,
            "eps_growth_yearly": 33.28
        },
        "20073": {
            "year_quarter": 20073,
            "year": 2007,
            "quarter": 3,
            "eps": 0.91,
            "eps_growth_year": 12.95,
            "eps_4q": 3.32,
            "eps_4q_growth_year": 6.56,
            "roe": 7.56,
            "roe_4q": 18.97,
            "gross_profit": 3532200,
            "gross_margin": 77.01,
            "gross_margin_4q_avg": 77.4,
            "net_income": 926300,
            "net_income_4q": null,
            "revenue": 4586800,
            "revenue_4q": null,
            "common_shares": 709500,
            "book_valuer_per_share": 9.25,
            "book_valuer_per_share_4q_avg": 8.68,
            "equity": 12946900,
            "current_ratio": 256.75,
            "debt_ratio": 48.16,
            "inventory_turnover_ratio": 0.44,
            "account_receivable_turnover_ratio": 1.59,
            "reinvestment_rate": -9.68,
            "research_to_sale_ratio": 18.41,
            "price_fair": 99.49,
            "eps_avg_yearly": 2.84,
            "eps_latest_yearly": 3.64,
            "eps_growth_yearly": 32.5
        },
        "20074": {
            "year_quarter": 20074,
            "year": 2007,
            "quarter": 4,
            "eps": 0.94,
            "eps_growth_year": 42.85,
            "eps_4q": 3.6,
            "eps_4q_growth_year": 20.69,
            "roe": 6.46,
            "roe_4q": 24.32,
            "gross_profit": 3916800,
            "gross_margin": 75.47,
            "gross_margin_4q_avg": 77.27,
            "net_income": 854400,
            "net_income_4q": null,
            "revenue": 5189600,
            "revenue_4q": null,
            "common_shares": 709500,
            "book_valuer_per_share": 9.74,
            "book_valuer_per_share_4q_avg": 8.76,
            "equity": 13503900,
            "current_ratio": 226.53,
            "debt_ratio": 49.75,
            "inventory_turnover_ratio": 0.51,
            "account_receivable_turnover_ratio": 1.56,
            "reinvestment_rate": -14.42,
            "research_to_sale_ratio": 18.38,
            "price_fair": 101.5,
            "eps_avg_yearly": 2.9,
            "eps_latest_yearly": 3.76,
            "eps_growth_yearly": 31.43
        },
        "20081": {
            "year_quarter": 20081,
            "year": 2008,
            "quarter": 1,
            "eps": 1.14,
            "eps_growth_year": 34.3,
            "eps_4q": 3.89,
            "eps_4q_growth_year": 27.03,
            "roe": 7.53,
            "roe_4q": 27.3,
            "gross_profit": 3696300,
            "gross_margin": 76.88,
            "gross_margin_4q_avg": 76.95,
            "net_income": 1064300,
            "net_income_4q": null,
            "revenue": 4807600,
            "revenue_4q": null,
            "common_shares": 711200,
            "book_valuer_per_share": 10.88,
            "book_valuer_per_share_4q_avg": 9.47,
            "equity": 14749700,
            "current_ratio": 289.73,
            "debt_ratio": 45.99,
            "inventory_turnover_ratio": 0.43,
            "account_receivable_turnover_ratio": 1.36,
            "reinvestment_rate": -14.4,
            "research_to_sale_ratio": 18.24,
            "price_fair": 105.35,
            "eps_avg_yearly": 3.01,
            "eps_latest_yearly": 4.56,
            "eps_growth_yearly": 37.1
        },
        "20082": {
            "year_quarter": 20082,
            "year": 2008,
            "quarter": 2,
            "eps": 0.97,
            "eps_growth_year": 6.96,
            "eps_4q": 3.96,
            "eps_4q_growth_year": 22.97,
            "roe": 6.5,
            "roe_4q": 28.05,
            "gross_profit": 3949500,
            "gross_margin": 76.68,
            "gross_margin_4q_avg": 76.51,
            "net_income": 958800,
            "net_income_4q": null,
            "revenue": 5150400,
            "revenue_4q": null,
            "common_shares": 711200,
            "book_valuer_per_share": 10.91,
            "book_valuer_per_share_4q_avg": 10.2,
            "equity": 14738000,
            "current_ratio": 241.06,
            "debt_ratio": 46.89,
            "inventory_turnover_ratio": 0.47,
            "account_receivable_turnover_ratio": 1.5,
            "reinvestment_rate": -13.54,
            "research_to_sale_ratio": 18.47,
            "price_fair": 107.89,
            "eps_avg_yearly": 3.08,
            "eps_latest_yearly": 3.88,
            "eps_growth_yearly": 34.09
        },
        "20083": {
            "year_quarter": 20083,
            "year": 2008,
            "quarter": 3,
            "eps": 0.59,
            "eps_growth_year": -35.49,
            "eps_4q": 3.63,
            "eps_4q_growth_year": 9.41,
            "roe": -3.27,
            "roe_4q": 17.22,
            "gross_profit": 4054300,
            "gross_margin": 77.83,
            "gross_margin_4q_avg": 76.72,
            "net_income": -465600,
            "net_income_4q": null,
            "revenue": 5209500,
            "revenue_4q": null,
            "common_shares": 711100,
            "book_valuer_per_share": 10.06,
            "book_valuer_per_share_4q_avg": 10.4,
            "equity": 13741600,
            "current_ratio": 198.87,
            "debt_ratio": 50.4,
            "inventory_turnover_ratio": 0.5,
            "account_receivable_turnover_ratio": 1.55,
            "reinvestment_rate": 14.57,
            "research_to_sale_ratio": 18.29,
            "price_fair": 103.73,
            "eps_avg_yearly": 3.06,
            "eps_latest_yearly": 2.36,
            "eps_growth_yearly": 23.93
        },
        "20084": {
            "year_quarter": 20084,
            "year": 2008,
            "quarter": 4,
            "eps": 1.01,
            "eps_growth_year": 7.91,
            "eps_4q": 3.71,
            "eps_4q_growth_year": 2.94,
            "roe": -35.45,
            "roe_4q": -24.690000000000005,
            "gross_profit": 4295100,
            "gross_margin": 82.53,
            "gross_margin_4q_avg": 78.48,
            "net_income": -3629400,
            "net_income_4q": null,
            "revenue": 5204400,
            "revenue_4q": null,
            "common_shares": 711100,
            "book_valuer_per_share": 2.47,
            "book_valuer_per_share_4q_avg": 8.58,
            "equity": 6735300,
            "current_ratio": 94.99,
            "debt_ratio": 76.94,
            "inventory_turnover_ratio": 0.39,
            "account_receivable_turnover_ratio": 1.59,
            "reinvestment_rate": 37.66,
            "research_to_sale_ratio": 20.35,
            "price_fair": 113.05,
            "eps_avg_yearly": 3.23,
            "eps_latest_yearly": 4.04,
            "eps_growth_yearly": 55.13
        },
        "20091": {
            "year_quarter": 20091,
            "year": 2009,
            "quarter": 1,
            "eps": 1.2,
            "eps_growth_year": 5.08,
            "eps_4q": 3.77,
            "eps_4q_growth_year": -3.26,
            "roe": 18.17,
            "roe_4q": -14.05,
            "gross_profit": 4230600,
            "gross_margin": 83.82,
            "gross_margin_4q_avg": 80.22,
            "net_income": 1313100,
            "net_income_4q": null,
            "revenue": 5047000,
            "revenue_4q": null,
            "common_shares": 718700,
            "book_valuer_per_share": 3.36,
            "book_valuer_per_share_4q_avg": 6.7,
            "equity": 7721000,
            "current_ratio": 139.45,
            "debt_ratio": 70.97,
            "inventory_turnover_ratio": 0.32,
            "account_receivable_turnover_ratio": 1.57,
            "reinvestment_rate": 25.71,
            "research_to_sale_ratio": 18.77,
            "price_fair": 117.6,
            "eps_avg_yearly": 3.36,
            "eps_latest_yearly": 4.8,
            "eps_growth_yearly": 31.71
        },
        "20092": {
            "year_quarter": 20092,
            "year": 2009,
            "quarter": 2,
            "eps": 1.13,
            "eps_growth_year": 16.26,
            "eps_4q": 3.92,
            "eps_4q_growth_year": -0.81,
            "roe": 14.23,
            "roe_4q": -6.319999999999997,
            "gross_profit": 4345400,
            "gross_margin": 82.1,
            "gross_margin_4q_avg": 81.57,
            "net_income": 1158500,
            "net_income_4q": null,
            "revenue": 5292800,
            "revenue_4q": null,
            "common_shares": 718700,
            "book_valuer_per_share": 4.15,
            "book_valuer_per_share_4q_avg": 5.01,
            "equity": 8563100,
            "current_ratio": 156.46,
            "debt_ratio": 68.2,
            "inventory_turnover_ratio": 0.34,
            "account_receivable_turnover_ratio": 1.63,
            "reinvestment_rate": 19.62,
            "research_to_sale_ratio": 19.66,
            "price_fair": 123.9,
            "eps_avg_yearly": 3.54,
            "eps_latest_yearly": 4.52,
            "eps_growth_yearly": 40.17
        },
        "20093": {
            "year_quarter": 20093,
            "year": 2009,
            "quarter": 3,
            "eps": 1.3,
            "eps_growth_year": 121.7,
            "eps_4q": 4.64,
            "eps_4q_growth_year": 27.61,
            "roe": 10.2,
            "roe_4q": 7.149999999999999,
            "gross_profit": 4510100,
            "gross_margin": 81.09,
            "gross_margin_4q_avg": 82.39,
            "net_income": 941800,
            "net_income_4q": null,
            "revenue": 5562000,
            "revenue_4q": null,
            "common_shares": 718700,
            "book_valuer_per_share": 5.37,
            "book_valuer_per_share_4q_avg": 3.84,
            "equity": 9904600,
            "current_ratio": 194.64,
            "debt_ratio": 63.49,
            "inventory_turnover_ratio": 0.34,
            "account_receivable_turnover_ratio": 1.63,
            "reinvestment_rate": 2.57,
            "research_to_sale_ratio": 20.17,
            "price_fair": 126.76,
            "eps_avg_yearly": 3.68,
            "eps_latest_yearly": 5.2,
            "eps_growth_yearly": 24.42
        },
        "20094": {
            "year_quarter": 20094,
            "year": 2009,
            "quarter": 4,
            "eps": 0.94,
            "eps_growth_year": -6.93,
            "eps_4q": 4.57,
            "eps_4q_growth_year": 23.17,
            "roe": 9.42,
            "roe_4q": 52.019999999999996,
            "gross_profit": 4502900,
            "gross_margin": 75.88,
            "gross_margin_4q_avg": 80.72,
            "net_income": 915400,
            "net_income_4q": null,
            "revenue": 5934200,
            "revenue_4q": null,
            "common_shares": 718700,
            "book_valuer_per_share": 5.07,
            "book_valuer_per_share_4q_avg": 4.49,
            "equity": 9523700,
            "current_ratio": 190.11,
            "debt_ratio": 65.32,
            "inventory_turnover_ratio": 0.48,
            "account_receivable_turnover_ratio": 1.62,
            "reinvestment_rate": 1.12,
            "research_to_sale_ratio": 20.5,
            "price_fair": 94.66,
            "eps_avg_yearly": 3.72,
            "eps_latest_yearly": 3.76,
            "eps_growth_yearly": 15.45
        },
        "20101": {
            "year_quarter": 20101,
            "year": 2010,
            "quarter": 1,
            "eps": 1.19,
            "eps_growth_year": -0.24,
            "eps_4q": 4.56,
            "eps_4q_growth_year": 21.2,
            "roe": 12.49,
            "roe_4q": 46.34,
            "gross_profit": 4363000,
            "gross_margin": 79.54,
            "gross_margin_4q_avg": 79.65,
            "net_income": 1248100,
            "net_income_4q": null,
            "revenue": 5485500,
            "revenue_4q": null,
            "common_shares": 721300,
            "book_valuer_per_share": 5.57,
            "book_valuer_per_share_4q_avg": 5.04,
            "equity": 10459600,
            "current_ratio": 216.57,
            "debt_ratio": 61.54,
            "inventory_turnover_ratio": 0.42,
            "account_receivable_turnover_ratio": 1.45,
            "reinvestment_rate": -3.5,
            "research_to_sale_ratio": 18.94,
            "price_fair": 125.18,
            "eps_avg_yearly": 3.83,
            "eps_latest_yearly": 4.76,
            "eps_growth_yearly": 22.73
        },
        "20102": {
            "year_quarter": 20102,
            "year": 2010,
            "quarter": 2,
            "eps": 1.24,
            "eps_growth_year": 9.71,
            "eps_4q": 4.67,
            "eps_4q_growth_year": 19.11,
            "roe": 13.03,
            "roe_4q": 45.14,
            "gross_profit": 4724800,
            "gross_margin": 82.19,
            "gross_margin_4q_avg": 79.68,
            "net_income": 1348900,
            "net_income_4q": null,
            "revenue": 5748700,
            "revenue_4q": null,
            "common_shares": 721300,
            "book_valuer_per_share": 5.38,
            "book_valuer_per_share_4q_avg": 5.35,
            "equity": 10241500,
            "current_ratio": 197.11,
            "debt_ratio": 63.06,
            "inventory_turnover_ratio": 0.44,
            "account_receivable_turnover_ratio": 1.56,
            "reinvestment_rate": -7.5,
            "research_to_sale_ratio": 20.65,
            "price_fair": 134.53,
            "eps_avg_yearly": 3.95,
            "eps_latest_yearly": 4.96,
            "eps_growth_yearly": 24.1
        },
        "20103": {
            "year_quarter": 20103,
            "year": 2010,
            "quarter": 3,
            "eps": 1.22,
            "eps_growth_year": -6.02,
            "eps_4q": 4.6,
            "eps_4q_growth_year": -0.89,
            "roe": 11.5,
            "roe_4q": 46.440000000000005,
            "gross_profit": 4667200,
            "gross_margin": 82.54,
            "gross_margin_4q_avg": 80.04,
            "net_income": 1302900,
            "net_income_4q": null,
            "revenue": 5654800,
            "revenue_4q": null,
            "common_shares": 721300,
            "book_valuer_per_share": 7.03,
            "book_valuer_per_share_4q_avg": 5.76,
            "equity": 12413100,
            "current_ratio": 232.63,
            "debt_ratio": 58.49,
            "inventory_turnover_ratio": 0.41,
            "account_receivable_turnover_ratio": 1.5,
            "reinvestment_rate": 1.38,
            "research_to_sale_ratio": 21.57,
            "price_fair": 131.15,
            "eps_avg_yearly": 4.05,
            "eps_latest_yearly": 4.88,
            "eps_growth_yearly": 22.38
        },
        "20104": {
            "year_quarter": 20104,
            "year": 2010,
            "quarter": 4,
            "eps": 1.11,
            "eps_growth_year": 18.38,
            "eps_4q": 4.77,
            "eps_4q_growth_year": 4.41,
            "roe": 9.42,
            "roe_4q": 46.440000000000005,
            "gross_profit": 4954800,
            "gross_margin": 80.08,
            "gross_margin_4q_avg": 81.09,
            "net_income": 1169600,
            "net_income_4q": null,
            "revenue": 6187000,
            "revenue_4q": null,
            "common_shares": 721300,
            "book_valuer_per_share": 6.59,
            "book_valuer_per_share_4q_avg": 6.14,
            "equity": 12420300,
            "current_ratio": 214.24,
            "debt_ratio": 59.94,
            "inventory_turnover_ratio": 0.47,
            "account_receivable_turnover_ratio": 1.54,
            "reinvestment_rate": 5.5,
            "research_to_sale_ratio": 23.24,
            "price_fair": 143.62,
            "eps_avg_yearly": 4.16,
            "eps_latest_yearly": 4.44,
            "eps_growth_yearly": 24.5
        },
        "20111": {
            "year_quarter": 20111,
            "year": 2011,
            "quarter": 1,
            "eps": 1.36,
            "eps_growth_year": 13.53,
            "eps_4q": 4.93,
            "eps_4q_growth_year": 8.02,
            "roe": 8.01,
            "roe_4q": 41.96,
            "gross_profit": 4659100,
            "gross_margin": 79.79,
            "gross_margin_4q_avg": 81.15,
            "net_income": 1055900,
            "net_income_4q": null,
            "revenue": 5839200,
            "revenue_4q": null,
            "common_shares": 724100,
            "book_valuer_per_share": 7.95,
            "book_valuer_per_share_4q_avg": 6.74,
            "equity": 13938100,
            "current_ratio": 200.66,
            "debt_ratio": 56.02,
            "inventory_turnover_ratio": 0.45,
            "account_receivable_turnover_ratio": 1.4,
            "reinvestment_rate": 9.27,
            "research_to_sale_ratio": 19.25,
            "price_fair": 141.3,
            "eps_avg_yearly": 4.29,
            "eps_latest_yearly": 5.44,
            "eps_growth_yearly": 22.94
        },
        "20112": {
            "year_quarter": 20112,
            "year": 2011,
            "quarter": 2,
            "eps": 1.17,
            "eps_growth_year": -5.93,
            "eps_4q": 4.86,
            "eps_4q_growth_year": 3.91,
            "roe": 8.49,
            "roe_4q": 37.42,
            "gross_profit": 5024800,
            "gross_margin": 80.36,
            "gross_margin_4q_avg": 80.69,
            "net_income": 1197300,
            "net_income_4q": null,
            "revenue": 6252800,
            "revenue_4q": null,
            "common_shares": 724100,
            "book_valuer_per_share": 8.05,
            "book_valuer_per_share_4q_avg": 7.41,
            "equity": 14276800,
            "current_ratio": 173.43,
            "debt_ratio": 56.45,
            "inventory_turnover_ratio": 0.44,
            "account_receivable_turnover_ratio": 1.45,
            "reinvestment_rate": 16.6,
            "research_to_sale_ratio": 20.16,
            "price_fair": 120.55,
            "eps_avg_yearly": 4.36,
            "eps_latest_yearly": 4.68,
            "eps_growth_yearly": 17.68
        },
        "20113": {
            "year_quarter": 20113,
            "year": 2011,
            "quarter": 3,
            "eps": 1.13,
            "eps_growth_year": -7.56,
            "eps_4q": 4.76,
            "eps_4q_growth_year": 3.67,
            "roe": 8.43,
            "roe_4q": 34.35,
            "gross_profit": 4809800,
            "gross_margin": 78.23,
            "gross_margin_4q_avg": 79.62,
            "net_income": 1236300,
            "net_income_4q": null,
            "revenue": 6147900,
            "revenue_4q": null,
            "common_shares": 724100,
            "book_valuer_per_share": 8.5,
            "book_valuer_per_share_4q_avg": 7.77,
            "equity": 15060600,
            "current_ratio": 177.3,
            "debt_ratio": 54.42,
            "inventory_turnover_ratio": 0.5,
            "account_receivable_turnover_ratio": 1.44,
            "reinvestment_rate": 16.11,
            "research_to_sale_ratio": 20.83,
            "price_fair": 118.3,
            "eps_avg_yearly": 4.41,
            "eps_latest_yearly": 4.52,
            "eps_growth_yearly": 16.83
        },
        "20114": {
            "year_quarter": 20114,
            "year": 2011,
            "quarter": 4,
            "eps": 0.89,
            "eps_growth_year": -19.81,
            "eps_4q": 4.54,
            "eps_4q_growth_year": -4.72,
            "roe": 6,
            "roe_4q": 30.93,
            "gross_profit": 4724900,
            "gross_margin": 78.14,
            "gross_margin_4q_avg": 79.13,
            "net_income": 858200,
            "net_income_4q": null,
            "revenue": 6046600,
            "revenue_4q": null,
            "common_shares": 724100,
            "book_valuer_per_share": 7.27,
            "book_valuer_per_share_4q_avg": 7.94,
            "equity": 13541700,
            "current_ratio": 159.54,
            "debt_ratio": 59.77,
            "inventory_turnover_ratio": 0.55,
            "account_receivable_turnover_ratio": 1.45,
            "reinvestment_rate": 21.69,
            "research_to_sale_ratio": 22.41,
            "price_fair": 90.99,
            "eps_avg_yearly": 4.4,
            "eps_latest_yearly": 3.56,
            "eps_growth_yearly": 10.69
        },
        "20121": {
            "year_quarter": 20121,
            "year": 2012,
            "quarter": 1,
            "eps": 0.92,
            "eps_growth_year": -32.02,
            "eps_4q": 4.11,
            "eps_4q_growth_year": -16.64,
            "roe": 7.13,
            "roe_4q": 30.049999999999997,
            "gross_profit": 4404100,
            "gross_margin": 78.62,
            "gross_margin_4q_avg": 78.84,
            "net_income": 1011100,
            "net_income_4q": null,
            "revenue": 5602000,
            "revenue_4q": null,
            "common_shares": 725800,
            "book_valuer_per_share": 8.24,
            "book_valuer_per_share_4q_avg": 8.02,
            "equity": 14834100,
            "current_ratio": 192.3,
            "debt_ratio": 53.99,
            "inventory_turnover_ratio": 0.51,
            "account_receivable_turnover_ratio": 1.37,
            "reinvestment_rate": 21.81,
            "research_to_sale_ratio": 20.56,
            "price_fair": 70.42,
            "eps_avg_yearly": 4.34,
            "eps_latest_yearly": 3.68,
            "eps_growth_yearly": 6.22
        },
        "20122": {
            "year_quarter": 20122,
            "year": 2012,
            "quarter": 2,
            "eps": 0.83,
            "eps_growth_year": -29.3,
            "eps_4q": 3.77,
            "eps_4q_growth_year": -22.42,
            "roe": 6.34,
            "roe_4q": 27.9,
            "gross_profit": 4454000,
            "gross_margin": 79.53,
            "gross_margin_4q_avg": 78.63,
            "net_income": 923600,
            "net_income_4q": null,
            "revenue": 5600700,
            "revenue_4q": null,
            "common_shares": 725800,
            "book_valuer_per_share": 7.9,
            "book_valuer_per_share_4q_avg": 7.98,
            "equity": 14310400,
            "current_ratio": 186.2,
            "debt_ratio": 55.02,
            "inventory_turnover_ratio": 0.48,
            "account_receivable_turnover_ratio": 1.45,
            "reinvestment_rate": 23.47,
            "research_to_sale_ratio": 23.58,
            "price_fair": 75.37,
            "eps_avg_yearly": 4.31,
            "eps_latest_yearly": 3.32,
            "eps_growth_yearly": 7.5
        },
        "20123": {
            "year_quarter": 20123,
            "year": 2012,
            "quarter": 3,
            "eps": 1.22,
            "eps_growth_year": 7.97,
            "eps_4q": 3.86,
            "eps_4q_growth_year": -19.03,
            "roe": 8.73,
            "roe_4q": 28.2,
            "gross_profit": 4239700,
            "gross_margin": 77.89,
            "gross_margin_4q_avg": 78.55,
            "net_income": 1326600,
            "net_income_4q": null,
            "revenue": 5443300,
            "revenue_4q": null,
            "common_shares": 725800,
            "book_valuer_per_share": 9.51,
            "book_valuer_per_share_4q_avg": 8.23,
            "equity": 16064500,
            "current_ratio": 201.69,
            "debt_ratio": 53.19,
            "inventory_turnover_ratio": 0.49,
            "account_receivable_turnover_ratio": 1.44,
            "reinvestment_rate": 20.12,
            "research_to_sale_ratio": 24.67,
            "price_fair": 156.28,
            "eps_avg_yearly": 4.47,
            "eps_latest_yearly": 4.88,
            "eps_growth_yearly": 29.04
        },
        "20124": {
            "year_quarter": 20124,
            "year": 2012,
            "quarter": 4,
            "eps": 0.89,
            "eps_growth_year": -0.05,
            "eps_4q": 3.86,
            "eps_4q_growth_year": -15.11,
            "roe": 5.37,
            "roe_4q": 27.57,
            "gross_profit": 4709100,
            "gross_margin": 79.05,
            "gross_margin_4q_avg": 78.77,
            "net_income": 827300,
            "net_income_4q": null,
            "revenue": 5957400,
            "revenue_4q": null,
            "common_shares": 716600,
            "book_valuer_per_share": 8.75,
            "book_valuer_per_share_4q_avg": 8.6,
            "equity": 14765200,
            "current_ratio": 155.42,
            "debt_ratio": 57.08,
            "inventory_turnover_ratio": 0.48,
            "account_receivable_turnover_ratio": 1.55,
            "reinvestment_rate": 23.88,
            "research_to_sale_ratio": 24.56,
            "price_fair": 64.22,
            "eps_avg_yearly": 4.44,
            "eps_latest_yearly": 3.56,
            "eps_growth_yearly": 4.48
        },
        "20131": {
            "year_quarter": 20131,
            "year": 2013,
            "quarter": 1,
            "eps": 1.43,
            "eps_growth_year": 55.59,
            "eps_4q": 4.37,
            "eps_4q_growth_year": 6.32,
            "roe": 10.42,
            "roe_4q": 30.86,
            "gross_profit": 4443700,
            "gross_margin": 79.32,
            "gross_margin_4q_avg": 78.95,
            "net_income": 1548000,
            "net_income_4q": null,
            "revenue": 5602000,
            "revenue_4q": null,
            "common_shares": 704500,
            "book_valuer_per_share": 9.17,
            "book_valuer_per_share_4q_avg": 8.83,
            "equity": 14948600,
            "current_ratio": 162.32,
            "debt_ratio": 53.72,
            "inventory_turnover_ratio": 0.44,
            "account_receivable_turnover_ratio": 1.42,
            "reinvestment_rate": 18.96,
            "research_to_sale_ratio": 24.06,
            "price_fair": 112.07,
            "eps_avg_yearly": 4.49,
            "eps_latest_yearly": 5.72,
            "eps_growth_yearly": 14.95
        },
        "20132": {
            "year_quarter": 20132,
            "year": 2013,
            "quarter": 2,
            "eps": 1.16,
            "eps_growth_year": 40.42,
            "eps_4q": 4.7,
            "eps_4q_growth_year": 24.82,
            "roe": 7.99,
            "roe_4q": 32.510000000000005,
            "gross_profit": 4764500,
            "gross_margin": 80.35,
            "gross_margin_4q_avg": 79.15,
            "net_income": 1206200,
            "net_income_4q": null,
            "revenue": 5929700,
            "revenue_4q": null,
            "common_shares": 704700,
            "book_valuer_per_share": 9.51,
            "book_valuer_per_share_4q_avg": 9.24,
            "equity": 15227400,
            "current_ratio": 150.32,
            "debt_ratio": 54.17,
            "inventory_turnover_ratio": 0.44,
            "account_receivable_turnover_ratio": 1.44,
            "reinvestment_rate": 26.45,
            "research_to_sale_ratio": 22.44,
            "price_fair": 97.58,
            "eps_avg_yearly": 4.5,
            "eps_latest_yearly": 4.64,
            "eps_growth_yearly": 11.68
        },
        "20133": {
            "year_quarter": 20133,
            "year": 2013,
            "quarter": 3,
            "eps": 1.11,
            "eps_growth_year": -8.93,
            "eps_4q": 4.59,
            "eps_4q_growth_year": 19.09,
            "roe": 7.49,
            "roe_4q": 31.27,
            "gross_profit": 4574500,
            "gross_margin": 79.25,
            "gross_margin_4q_avg": 79.49,
            "net_income": 1203100,
            "net_income_4q": null,
            "revenue": 5772600,
            "revenue_4q": null,
            "common_shares": 704700,
            "book_valuer_per_share": 11.03,
            "book_valuer_per_share_4q_avg": 9.62,
            "equity": 16887100,
            "current_ratio": 163.47,
            "debt_ratio": 50.28,
            "inventory_turnover_ratio": 0.42,
            "account_receivable_turnover_ratio": 1.41,
            "reinvestment_rate": 30.66,
            "research_to_sale_ratio": 23.86,
            "price_fair": 75,
            "eps_avg_yearly": 4.45,
            "eps_latest_yearly": 4.44,
            "eps_growth_yearly": 6.84
        },
        "20134": {
            "year_quarter": 20134,
            "year": 2013,
            "quarter": 4,
            "eps": 0.75,
            "eps_growth_year": -15.57,
            "eps_4q": 4.46,
            "eps_4q_growth_year": 15.5,
            "roe": 4.22,
            "roe_4q": 30.120000000000005,
            "gross_profit": 4422300,
            "gross_margin": 76.13,
            "gross_margin_4q_avg": 78.76,
            "net_income": 727500,
            "net_income_4q": null,
            "revenue": 5808800,
            "revenue_4q": null,
            "common_shares": 698500,
            "book_valuer_per_share": 11.91,
            "book_valuer_per_share_4q_avg": 10.41,
            "equity": 17631400,
            "current_ratio": 146.97,
            "debt_ratio": 49.98,
            "inventory_turnover_ratio": 0.47,
            "account_receivable_turnover_ratio": 1.45,
            "reinvestment_rate": 35.81,
            "research_to_sale_ratio": 25.4,
            "price_fair": 68.98,
            "eps_avg_yearly": 4.41,
            "eps_latest_yearly": 3,
            "eps_growth_yearly": 5.66
        },
        "20141": {
            "year_quarter": 20141,
            "year": 2014,
            "quarter": 1,
            "eps": 0.7,
            "eps_growth_year": -51.14,
            "eps_4q": 3.72,
            "eps_4q_growth_year": -14.81,
            "roe": 4.05,
            "roe_4q": 23.75,
            "gross_profit": 3460400,
            "gross_margin": 73.89,
            "gross_margin_4q_avg": 77.41,
            "net_income": 727900,
            "net_income_4q": null,
            "revenue": 4683100,
            "revenue_4q": null,
            "common_shares": 700100,
            "book_valuer_per_share": 12.64,
            "book_valuer_per_share_4q_avg": 11.27,
            "equity": 18338100,
            "current_ratio": 196.62,
            "debt_ratio": 47.24,
            "inventory_turnover_ratio": 0.41,
            "account_receivable_turnover_ratio": 1.21,
            "reinvestment_rate": 35.8,
            "research_to_sale_ratio": 23.69,
            "price_fair": 12.85,
            "eps_avg_yearly": 4.28,
            "eps_latest_yearly": 2.8,
            "eps_growth_yearly": -2.66
        },
        "20142": {
            "year_quarter": 20142,
            "year": 2014,
            "quarter": 2,
            "eps": 0.68,
            "eps_growth_year": -41.22,
            "eps_4q": 3.24,
            "eps_4q_growth_year": -31.01,
            "roe": 4.04,
            "roe_4q": 19.799999999999997,
            "gross_profit": 3745900,
            "gross_margin": 75.9,
            "gross_margin_4q_avg": 76.29,
            "net_income": 733500,
            "net_income_4q": null,
            "revenue": 4935600,
            "revenue_4q": null,
            "common_shares": 699000,
            "book_valuer_per_share": 11.9,
            "book_valuer_per_share_4q_avg": 11.87,
            "equity": 17983700,
            "current_ratio": 177.38,
            "debt_ratio": 48.64,
            "inventory_turnover_ratio": 0.39,
            "account_receivable_turnover_ratio": 1.32,
            "reinvestment_rate": 32.06,
            "research_to_sale_ratio": 24.22,
            "price_fair": 12.43,
            "eps_avg_yearly": 4.14,
            "eps_latest_yearly": 2.72,
            "eps_growth_yearly": -4.42
        },
        "20143": {
            "year_quarter": 20143,
            "year": 2014,
            "quarter": 3,
            "eps": 0.58,
            "eps_growth_year": -47.72,
            "eps_4q": 2.72,
            "eps_4q_growth_year": -40.9,
            "roe": 2.81,
            "roe_4q": 15.119999999999997,
            "gross_profit": 3608600,
            "gross_margin": 74.01,
            "gross_margin_4q_avg": 74.98,
            "net_income": 500600,
            "net_income_4q": null,
            "revenue": 4875600,
            "revenue_4q": null,
            "common_shares": 696600,
            "book_valuer_per_share": 11.55,
            "book_valuer_per_share_4q_avg": 12,
            "equity": 17669300,
            "current_ratio": 159.88,
            "debt_ratio": 49,
            "inventory_turnover_ratio": 0.42,
            "account_receivable_turnover_ratio": 1.32,
            "reinvestment_rate": 35.25,
            "research_to_sale_ratio": 25.5,
            "price_fair": 11.95,
            "eps_avg_yearly": 3.98,
            "eps_latest_yearly": 2.32,
            "eps_growth_yearly": -7.69
        },
        "20144": {
            "year_quarter": 20144,
            "year": 2014,
            "quarter": 4,
            "eps": 0.81,
            "eps_growth_year": 7.7,
            "eps_4q": 2.77,
            "eps_4q_growth_year": -37.76,
            "roe": 2.59,
            "roe_4q": 13.490000000000002,
            "gross_profit": 3868200,
            "gross_margin": 75.53,
            "gross_margin_4q_avg": 74.83,
            "net_income": 428500,
            "net_income_4q": null,
            "revenue": 5121300,
            "revenue_4q": null,
            "common_shares": 694600,
            "book_valuer_per_share": 9.66,
            "book_valuer_per_share_4q_avg": 11.44,
            "equity": 15373200,
            "current_ratio": 122.45,
            "debt_ratio": 57.66,
            "inventory_turnover_ratio": 0.45,
            "account_receivable_turnover_ratio": 1.38,
            "reinvestment_rate": 17.19,
            "research_to_sale_ratio": 23.15,
            "price_fair": 56.56,
            "eps_avg_yearly": 3.91,
            "eps_latest_yearly": 3.24,
            "eps_growth_yearly": 4.47
        },
        "20151": {
            "year_quarter": 20151,
            "year": 2015,
            "quarter": 1,
            "eps": 0.82,
            "eps_growth_year": 17.48,
            "eps_4q": 2.9,
            "eps_4q_growth_year": -22.21,
            "roe": 3.5,
            "roe_4q": 12.940000000000001,
            "gross_profit": 3452000,
            "gross_margin": 74.32,
            "gross_margin_4q_avg": 74.94,
            "net_income": 529500,
            "net_income_4q": null,
            "revenue": 4644700,
            "revenue_4q": null,
            "common_shares": 694100,
            "book_valuer_per_share": 5.43,
            "book_valuer_per_share_4q_avg": 9.64,
            "equity": 14919800,
            "current_ratio": 140.75,
            "debt_ratio": 58.15,
            "inventory_turnover_ratio": 0.42,
            "account_receivable_turnover_ratio": 1.22,
            "reinvestment_rate": 10.88,
            "research_to_sale_ratio": 22.38,
            "price_fair": 11.32,
            "eps_avg_yearly": 3.77,
            "eps_latest_yearly": 3.28,
            "eps_growth_yearly": -0.85
        },
        "20152": {
            "year_quarter": 20152,
            "year": 2015,
            "quarter": 2,
            "eps": 0.84,
            "eps_growth_year": 22.86,
            "eps_4q": 3.05,
            "eps_4q_growth_year": -5.96,
            "roe": 4.06,
            "roe_4q": 12.959999999999999,
            "gross_profit": 3760300,
            "gross_margin": 75.53,
            "gross_margin_4q_avg": 74.85,
            "net_income": 600800,
            "net_income_4q": null,
            "revenue": 4978700,
            "revenue_4q": null,
            "common_shares": 693300,
            "book_valuer_per_share": 5.22,
            "book_valuer_per_share_4q_avg": 7.97,
            "equity": 14670300,
            "current_ratio": 149.98,
            "debt_ratio": 59.29,
            "inventory_turnover_ratio": 0.39,
            "account_receivable_turnover_ratio": 1.26,
            "reinvestment_rate": 7.57,
            "research_to_sale_ratio": 23.49,
            "price_fair": 48.91,
            "eps_avg_yearly": 3.69,
            "eps_latest_yearly": 3.36,
            "eps_growth_yearly": 3.25
        },
        "20153": {
            "year_quarter": 20153,
            "year": 2015,
            "quarter": 3,
            "eps": 0.78,
            "eps_growth_year": 34.64,
            "eps_4q": 3.25,
            "eps_4q_growth_year": 19.78,
            "roe": 5.35,
            "roe_4q": 15.5,
            "gross_profit": 3722800,
            "gross_margin": 75.06,
            "gross_margin_4q_avg": 75.11,
            "net_income": 799700,
            "net_income_4q": null,
            "revenue": 4959700,
            "revenue_4q": null,
            "common_shares": 693000,
            "book_valuer_per_share": 5.9,
            "book_valuer_per_share_4q_avg": 6.55,
            "equity": 15221400,
            "current_ratio": 151.35,
            "debt_ratio": 58.07,
            "inventory_turnover_ratio": 0.37,
            "account_receivable_turnover_ratio": 1.21,
            "reinvestment_rate": 2.78,
            "research_to_sale_ratio": 23.05,
            "price_fair": 44.4,
            "eps_avg_yearly": 3.6,
            "eps_latest_yearly": 3.12,
            "eps_growth_yearly": 2.32
        },
        "20154": {
            "year_quarter": 20154,
            "year": 2015,
            "quarter": 4,
            "eps": 0.73,
            "eps_growth_year": -10.55,
            "eps_4q": 3.17,
            "eps_4q_growth_year": 14.19,
            "roe": 3.21,
            "roe_4q": 16.119999999999997,
            "gross_profit": 3986400,
            "gross_margin": 74.16,
            "gross_margin_4q_avg": 74.77,
            "net_income": 478400,
            "net_income_4q": null,
            "revenue": 5375600,
            "revenue_4q": null,
            "common_shares": 691300,
            "book_valuer_per_share": 4.97,
            "book_valuer_per_share_4q_avg": 5.38,
            "equity": 14571300,
            "current_ratio": 152.79,
            "debt_ratio": 59.03,
            "inventory_turnover_ratio": 0.4,
            "account_receivable_turnover_ratio": 1.32,
            "reinvestment_rate": -4.24,
            "research_to_sale_ratio": 26.87,
            "price_fair": 57.11,
            "eps_avg_yearly": 3.56,
            "eps_latest_yearly": 2.92,
            "eps_growth_yearly": 6.03
        },
        "20161": {
            "year_quarter": 20161,
            "year": 2016,
            "quarter": 1,
            "eps": 0.51,
            "eps_growth_year": -38.03,
            "eps_4q": 2.85,
            "eps_4q_growth_year": -1.45,
            "roe": 2.98,
            "roe_4q": 15.599999999999998,
            "gross_profit": 3542100,
            "gross_margin": 72.81,
            "gross_margin_4q_avg": 74.39,
            "net_income": 440100,
            "net_income_4q": null,
            "revenue": 4865100,
            "revenue_4q": null,
            "common_shares": 690300,
            "book_valuer_per_share": 5.5,
            "book_valuer_per_share_4q_avg": 5.4,
            "equity": 15009900,
            "current_ratio": 159.58,
            "debt_ratio": 56.73,
            "inventory_turnover_ratio": 0.37,
            "account_receivable_turnover_ratio": 1.18,
            "reinvestment_rate": -2.85,
            "research_to_sale_ratio": 25.1,
            "price_fair": 10.38,
            "eps_avg_yearly": 3.46,
            "eps_latest_yearly": 2.04,
            "eps_growth_yearly": -2.35
        },
        "20162": {
            "year_quarter": 20162,
            "year": 2016,
            "quarter": 2,
            "eps": 0.75,
            "eps_growth_year": -10.58,
            "eps_4q": 2.77,
            "eps_4q_growth_year": -9.38,
            "roe": 5.04,
            "roe_4q": 16.58,
            "gross_profit": 3939800,
            "gross_margin": 72.89,
            "gross_margin_4q_avg": 73.73,
            "net_income": 747700,
            "net_income_4q": null,
            "revenue": 5404800,
            "revenue_4q": null,
            "common_shares": 690300,
            "book_valuer_per_share": 5.25,
            "book_valuer_per_share_4q_avg": 5.41,
            "equity": 14637300,
            "current_ratio": 154.47,
            "debt_ratio": 59.87,
            "inventory_turnover_ratio": 0.39,
            "account_receivable_turnover_ratio": 1.25,
            "reinvestment_rate": -2.71,
            "research_to_sale_ratio": 24.72,
            "price_fair": 75.21,
            "eps_avg_yearly": 3.44,
            "eps_latest_yearly": 3,
            "eps_growth_yearly": 11.86
        },
        "20163": {
            "year_quarter": 20163,
            "year": 2016,
            "quarter": 3,
            "eps": 0.77,
            "eps_growth_year": -1.71,
            "eps_4q": 2.75,
            "eps_4q_growth_year": -15.39,
            "roe": 5.15,
            "roe_4q": 16.380000000000003,
            "gross_profit": 3790800,
            "gross_margin": 73.02,
            "gross_margin_4q_avg": 73.22,
            "net_income": 778000,
            "net_income_4q": null,
            "revenue": 5191700,
            "revenue_4q": null,
            "common_shares": 690400,
            "book_valuer_per_share": 6.28,
            "book_valuer_per_share_4q_avg": 5.5,
            "equity": 15589200,
            "current_ratio": 161.81,
            "debt_ratio": 58.53,
            "inventory_turnover_ratio": 0.37,
            "account_receivable_turnover_ratio": 1.15,
            "reinvestment_rate": -6.47,
            "research_to_sale_ratio": 23.81,
            "price_fair": 33.28,
            "eps_avg_yearly": 3.33,
            "eps_latest_yearly": 3.08,
            "eps_growth_yearly": 0.78
        },
        "20164": {
            "year_quarter": 20164,
            "year": 2016,
            "quarter": 4,
            "eps": 0.87,
            "eps_growth_year": 20.37,
            "eps_4q": 2.9,
            "eps_4q_growth_year": -8.43,
            "roe": 5.22,
            "roe_4q": 18.39,
            "gross_profit": 4294500,
            "gross_margin": 74.55,
            "gross_margin_4q_avg": 73.32,
            "net_income": 771800,
            "net_income_4q": null,
            "revenue": 5760500,
            "revenue_4q": null,
            "common_shares": 688500,
            "book_valuer_per_share": 5.16,
            "book_valuer_per_share_4q_avg": 5.55,
            "equity": 14007700,
            "current_ratio": 137.45,
            "debt_ratio": 63.9,
            "inventory_turnover_ratio": 0.39,
            "account_receivable_turnover_ratio": 1.24,
            "reinvestment_rate": 1.64,
            "research_to_sale_ratio": 25.18,
            "price_fair": 69.08,
            "eps_avg_yearly": 3.32,
            "eps_latest_yearly": 3.48,
            "eps_growth_yearly": 10.79
        },
        "20171": {
            "year_quarter": 20171,
            "year": 2017,
            "quarter": 1,
            "eps": 0.84,
            "eps_growth_year": 64.45,
            "eps_4q": 3.23,
            "eps_4q_growth_year": 13.12,
            "roe": -0.79,
            "roe_4q": 14.620000000000001,
            "gross_profit": 3900600,
            "gross_margin": 74.61,
            "gross_margin_4q_avg": 73.77,
            "net_income": -110800,
            "net_income_4q": null,
            "revenue": 5228300,
            "revenue_4q": null,
            "common_shares": 690000,
            "book_valuer_per_share": 4.66,
            "book_valuer_per_share_4q_avg": 5.34,
            "equity": 14031000,
            "current_ratio": 124.2,
            "debt_ratio": 62.71,
            "inventory_turnover_ratio": 0.35,
            "account_receivable_turnover_ratio": 1.11,
            "reinvestment_rate": -4.5,
            "research_to_sale_ratio": 23.68,
            "price_fair": 9.53,
            "eps_avg_yearly": 3.18,
            "eps_latest_yearly": 3.36,
            "eps_growth_yearly": -5.24
        },
        "20172": {
            "year_quarter": 20172,
            "year": 2017,
            "quarter": 2,
            "eps": 0.99,
            "eps_growth_year": 32.43,
            "eps_4q": 3.47,
            "eps_4q_growth_year": 25.53,
            "roe": 7.17,
            "roe_4q": 16.75,
            "gross_profit": 4252600,
            "gross_margin": 73.01,
            "gross_margin_4q_avg": 73.8,
            "net_income": 1008000,
            "net_income_4q": null,
            "revenue": 5824300,
            "revenue_4q": null,
            "common_shares": 688500,
            "book_valuer_per_share": 4.78,
            "book_valuer_per_share_4q_avg": 5.22,
            "equity": 14100800,
            "current_ratio": 139.42,
            "debt_ratio": 65.56,
            "inventory_turnover_ratio": 0.38,
            "account_receivable_turnover_ratio": 1.22,
            "reinvestment_rate": -6.58,
            "research_to_sale_ratio": 21.84,
            "price_fair": 43.69,
            "eps_avg_yearly": 3.13,
            "eps_latest_yearly": 3.96,
            "eps_growth_yearly": 3.95
        },
        "20173": {
            "year_quarter": 20173,
            "year": 2017,
            "quarter": 3,
            "eps": 1.08,
            "eps_growth_year": 40.9,
            "eps_4q": 3.79,
            "eps_4q_growth_year": 37.54,
            "roe": 3.83,
            "roe_4q": 15.43,
            "gross_profit": 4071700,
            "gross_margin": 71.96,
            "gross_margin_4q_avg": 73.53,
            "net_income": 555600,
            "net_income_4q": null,
            "revenue": 5658000,
            "revenue_4q": null,
            "common_shares": 688500,
            "book_valuer_per_share": 5.68,
            "book_valuer_per_share_4q_avg": 5.07,
            "equity": 14890300,
            "current_ratio": 137.59,
            "debt_ratio": 65.38,
            "inventory_turnover_ratio": 0.36,
            "account_receivable_turnover_ratio": 1.13,
            "reinvestment_rate": -8.78,
            "research_to_sale_ratio": 23.68,
            "price_fair": 54.05,
            "eps_avg_yearly": 3.13,
            "eps_latest_yearly": 4.32,
            "eps_growth_yearly": 7.3
        },
        "20174": {
            "year_quarter": 20174,
            "year": 2017,
            "quarter": 4,
            "eps": 1.16,
            "eps_growth_year": 33.25,
            "eps_4q": 4.08,
            "eps_4q_growth_year": 40.55,
            "roe": 1.94,
            "roe_4q": 12.149999999999999,
            "gross_profit": 4535900,
            "gross_margin": 73.63,
            "gross_margin_4q_avg": 73.3,
            "net_income": 257100,
            "net_income_4q": null,
            "revenue": 6160700,
            "revenue_4q": null,
            "common_shares": 687900,
            "book_valuer_per_share": 2.9,
            "book_valuer_per_share_4q_avg": 4.51,
            "equity": 11592200,
            "current_ratio": 132.1,
            "debt_ratio": 74.23,
            "inventory_turnover_ratio": 0.37,
            "account_receivable_turnover_ratio": 1.2,
            "reinvestment_rate": -7.25,
            "research_to_sale_ratio": 23.91,
            "price_fair": 87.97,
            "eps_avg_yearly": 3.23,
            "eps_latest_yearly": 4.64,
            "eps_growth_yearly": 17.26
        },
        "20181": {
            "year_quarter": 20181,
            "year": 2018,
            "quarter": 1,
            "eps": 1.16,
            "eps_growth_year": 38.09,
            "eps_4q": 4.4,
            "eps_4q_growth_year": 36.14,
            "roe": 8.94,
            "roe_4q": 21.88,
            "gross_profit": 3799200,
            "gross_margin": 76.54,
            "gross_margin_4q_avg": 73.79,
            "net_income": 1167200,
            "net_income_4q": null,
            "revenue": 4963800,
            "revenue_4q": null,
            "common_shares": 680800,
            "book_valuer_per_share": 5.71,
            "book_valuer_per_share_4q_avg": 4.77,
            "equity": 14527000,
            "current_ratio": 140.83,
            "debt_ratio": 67.25,
            "inventory_turnover_ratio": 0.26,
            "account_receivable_turnover_ratio": 0.94,
            "reinvestment_rate": -4.31,
            "research_to_sale_ratio": 22.31,
            "price_fair": 96.68,
            "eps_avg_yearly": 3.34,
            "eps_latest_yearly": 4.64,
            "eps_growth_yearly": 18.92
        },
        "20182": {
            "year_quarter": 20182,
            "year": 2018,
            "quarter": 2,
            "eps": 1.34,
            "eps_growth_year": 34.76,
            "eps_4q": 4.74,
            "eps_4q_growth_year": 36.54,
            "roe": -1.78,
            "roe_4q": 12.93,
            "gross_profit": 4350700,
            "gross_margin": 77.9,
            "gross_margin_4q_avg": 75.01,
            "net_income": -231600,
            "net_income_4q": null,
            "revenue": 5585000,
            "revenue_4q": null,
            "common_shares": 673500,
            "book_valuer_per_share": 3.18,
            "book_valuer_per_share_4q_avg": 4.37,
            "equity": 11555200,
            "current_ratio": 140.42,
            "debt_ratio": 72.72,
            "inventory_turnover_ratio": 0.28,
            "account_receivable_turnover_ratio": 1.03,
            "reinvestment_rate": -52.96,
            "research_to_sale_ratio": 22.76,
            "price_fair": 117.56,
            "eps_avg_yearly": 3.51,
            "eps_latest_yearly": 5.36,
            "eps_growth_yearly": 23.52
        },
        "20183": {
            "year_quarter": 20183,
            "year": 2018,
            "quarter": 3,
            "eps": 1.13,
            "eps_growth_year": 4.35,
            "eps_4q": 4.79,
            "eps_4q_growth_year": 26.46,
            "roe": 8.88,
            "roe_4q": 17.98,
            "gross_profit": 4154000,
            "gross_margin": 78.28,
            "gross_margin_4q_avg": 76.59,
            "net_income": 1093600,
            "net_income_4q": null,
            "revenue": 5306900,
            "revenue_4q": null,
            "common_shares": 667100,
            "book_valuer_per_share": 4.7,
            "book_valuer_per_share_4q_avg": 4.12,
            "equity": 13076600,
            "current_ratio": 191.06,
            "debt_ratio": 70.7,
            "inventory_turnover_ratio": 0.28,
            "account_receivable_turnover_ratio": 0.94,
            "reinvestment_rate": -18.39,
            "research_to_sale_ratio": 24.14,
            "price_fair": 121.29,
            "eps_avg_yearly": 3.65,
            "eps_latest_yearly": 4.52,
            "eps_growth_yearly": 23.28
        },
        "20184": {
            "year_quarter": 20184,
            "year": 2018,
            "quarter": 4,
            "eps": 1.71,
            "eps_growth_year": 47.31,
            "eps_4q": 5.34,
            "eps_4q_growth_year": 30.96,
            "roe": 11.32,
            "roe_4q": 27.36,
            "gross_profit": 4507700,
            "gross_margin": 79.96,
            "gross_margin_4q_avg": 78.17,
            "net_income": 1296700,
            "net_income_4q": null,
            "revenue": 5637600,
            "revenue_4q": null,
            "common_shares": 661000,
            "book_valuer_per_share": 6.99,
            "book_valuer_per_share_4q_avg": 5.15,
            "equity": 9828700,
            "current_ratio": 172.86,
            "debt_ratio": 77.62,
            "inventory_turnover_ratio": 0.31,
            "account_receivable_turnover_ratio": 0.99,
            "reinvestment_rate": -24.81,
            "research_to_sale_ratio": 24.69,
            "price_fair": 135.45,
            "eps_avg_yearly": 3.87,
            "eps_latest_yearly": 6.84,
            "eps_growth_yearly": 26.19
        },
        "20191": {
            "year_quarter": 20191,
            "year": 2019,
            "quarter": 1,
            "eps": 1.04,
            "eps_growth_year": -10.2,
            "eps_4q": 5.22,
            "eps_4q_growth_year": 18.76,
            "roe": 9.12,
            "roe_4q": 27.54,
            "gross_profit": 3953500,
            "gross_margin": 77.64,
            "gross_margin_4q_avg": 78.45,
            "net_income": 561100,
            "net_income_4q": null,
            "revenue": 5092200,
            "revenue_4q": null,
            "common_shares": 607100,
            "book_valuer_per_share": -8.25,
            "book_valuer_per_share_4q_avg": 1.66,
            "equity": 2480300,
            "current_ratio": 112.12,
            "debt_ratio": 93.47,
            "inventory_turnover_ratio": 0.37,
            "account_receivable_turnover_ratio": 0.93,
            "reinvestment_rate": -16.49,
            "research_to_sale_ratio": 24.16,
            "price_fair": 102.4,
            "eps_avg_yearly": 3.93,
            "eps_latest_yearly": 4.16,
            "eps_growth_yearly": 16.09
        },
        "20192": {
            "year_quarter": 20192,
            "year": 2019,
            "quarter": 2,
            "eps": 1.46,
            "eps_growth_year": 9.47,
            "eps_4q": 5.35,
            "eps_4q_growth_year": 12.79,
            "roe": 50.46,
            "roe_4q": 79.78,
            "gross_profit": 4511800,
            "gross_margin": 80.04,
            "gross_margin_4q_avg": 78.98,
            "net_income": 1327200,
            "net_income_4q": null,
            "revenue": 5636700,
            "revenue_4q": null,
            "common_shares": 603700,
            "book_valuer_per_share": -7.89,
            "book_valuer_per_share_4q_avg": -1.11,
            "equity": 2780500,
            "current_ratio": 113.49,
            "debt_ratio": 92.81,
            "inventory_turnover_ratio": 0.36,
            "account_receivable_turnover_ratio": 1.05,
            "reinvestment_rate": -17.66,
            "research_to_sale_ratio": 24.88,
            "price_fair": 142.8,
            "eps_avg_yearly": 4.08,
            "eps_latest_yearly": 5.84,
            "eps_growth_yearly": 25.58
        },
        "20193": {
            "year_quarter": 20193,
            "year": 2019,
            "quarter": 3,
            "eps": 1.45,
            "eps_growth_year": 28.42,
            "eps_4q": 5.67,
            "eps_4q_growth_year": 18.38,
            "roe": 40.69,
            "roe_4q": 111.59,
            "gross_profit": 4301600,
            "gross_margin": 78.55,
            "gross_margin_4q_avg": 79.05,
            "net_income": 1253900,
            "net_income_4q": null,
            "revenue": 5476600,
            "revenue_4q": null,
            "common_shares": 600400,
            "book_valuer_per_share": -7.37,
            "book_valuer_per_share_4q_avg": -4.13,
            "equity": 3382500,
            "current_ratio": 116.93,
            "debt_ratio": 91.07,
            "inventory_turnover_ratio": 0.37,
            "account_receivable_turnover_ratio": 0.98,
            "reinvestment_rate": -13.49,
            "research_to_sale_ratio": 25.21,
            "price_fair": 148.66,
            "eps_avg_yearly": 4.25,
            "eps_latest_yearly": 5.8,
            "eps_growth_yearly": 27.19
        },
        "20194": {
            "year_quarter": 20194,
            "year": 2019,
            "quarter": 4,
            "eps": 1.73,
            "eps_growth_year": 0.67,
            "eps_4q": 5.68,
            "eps_4q_growth_year": 6.38,
            "roe": 49.94,
            "roe_4q": 150.21,
            "gross_profit": 4831400,
            "gross_margin": 79.02,
            "gross_margin_4q_avg": 78.81,
            "net_income": 1495700,
            "net_income_4q": null,
            "revenue": 6114000,
            "revenue_4q": null,
            "common_shares": 598800,
            "book_valuer_per_share": -8.03,
            "book_valuer_per_share_4q_avg": -7.89,
            "equity": 2606900,
            "current_ratio": 116.43,
            "debt_ratio": 93.36,
            "inventory_turnover_ratio": 0.41,
            "account_receivable_turnover_ratio": 1.1,
            "reinvestment_rate": -11.52,
            "research_to_sale_ratio": 25.87,
            "price_fair": 157.41,
            "eps_avg_yearly": 4.5,
            "eps_latest_yearly": 6.92,
            "eps_growth_yearly": 33.62
        },
        "20201": {
            "year_quarter": 20201,
            "year": 2020,
            "quarter": 1,
            "eps": 1.71,
            "eps_growth_year": 64.61,
            "eps_4q": 6.35,
            "eps_4q_growth_year": 21.66,
            "roe": 51.23,
            "roe_4q": 192.32,
            "gross_profit": 4644700,
            "gross_margin": 79.26,
            "gross_margin_4q_avg": 79.22,
            "net_income": 1456500,
            "net_income_4q": null,
            "revenue": 5859800,
            "revenue_4q": null,
            "common_shares": 598100,
            "book_valuer_per_share": -8.85,
            "book_valuer_per_share_4q_avg": -8.04,
            "equity": 3078800,
            "current_ratio": 110.98,
            "debt_ratio": 92.51,
            "inventory_turnover_ratio": 0.39,
            "account_receivable_turnover_ratio": 0.99,
            "reinvestment_rate": -18.39,
            "research_to_sale_ratio": 23.76,
            "price_fair": 167.91,
            "eps_avg_yearly": 4.8,
            "eps_latest_yearly": 6.84,
            "eps_growth_yearly": 40.87
        },
        "20202": {
            "year_quarter": 20202,
            "year": 2020,
            "quarter": 2,
            "eps": 1.82,
            "eps_growth_year": 24.14,
            "eps_4q": 6.7,
            "eps_4q_growth_year": 25.39,
            "roe": 39.38,
            "roe_4q": 181.24,
            "gross_profit": 4277400,
            "gross_margin": 77.78,
            "gross_margin_4q_avg": 78.65,
            "net_income": 1412000,
            "net_income_4q": null,
            "revenue": 5499400,
            "revenue_4q": null,
            "common_shares": 598100,
            "book_valuer_per_share": -7.68,
            "book_valuer_per_share_4q_avg": -7.98,
            "equity": 4092900,
            "current_ratio": 121.63,
            "debt_ratio": 90.25,
            "inventory_turnover_ratio": 0.38,
            "account_receivable_turnover_ratio": 0.91,
            "reinvestment_rate": -20.52,
            "research_to_sale_ratio": 25.28,
            "price_fair": 177.28,
            "eps_avg_yearly": 5.07,
            "eps_latest_yearly": 7.28,
            "eps_growth_yearly": 30.71
        },
        "20203": {
            "year_quarter": 20203,
            "year": 2020,
            "quarter": 3,
            "eps": 1.42,
            "eps_growth_year": -2.09,
            "eps_4q": 6.67,
            "eps_4q_growth_year": 17.76,
            "roe": 27.09,
            "roe_4q": 167.64,
            "gross_profit": 4414200,
            "gross_margin": 76.89,
            "gross_margin_4q_avg": 78.24,
            "net_income": 1208400,
            "net_income_4q": null,
            "revenue": 5740600,
            "revenue_4q": null,
            "common_shares": 598100,
            "book_valuer_per_share": -6.78,
            "book_valuer_per_share_4q_avg": -7.84,
            "equity": 4826900,
            "current_ratio": 135.59,
            "debt_ratio": 89.02,
            "inventory_turnover_ratio": 0.39,
            "account_receivable_turnover_ratio": 0.99,
            "reinvestment_rate": -18.61,
            "research_to_sale_ratio": 25.53,
            "price_fair": 180.6,
            "eps_avg_yearly": 5.23,
            "eps_latest_yearly": 5.68,
            "eps_growth_yearly": 24.55
        },
        "20204": {
            "year_quarter": 20204,
            "year": 2020,
            "quarter": 4,
            "eps": 2.69,
            "eps_growth_year": 55.67,
            "eps_4q": 7.63,
            "eps_4q_growth_year": 34.44,
            "roe": 40.44,
            "roe_4q": 158.14,
            "gross_profit": 5720200,
            "gross_margin": 76.88,
            "gross_margin_4q_avg": 77.7,
            "net_income": 2116800,
            "net_income_4q": null,
            "revenue": 7440000,
            "revenue_4q": null,
            "common_shares": 598200,
            "book_valuer_per_share": -5.83,
            "book_valuer_per_share_4q_avg": -7.29,
            "equity": 5641600,
            "current_ratio": 139.9,
            "debt_ratio": 87.9,
            "inventory_turnover_ratio": 0.46,
            "account_receivable_turnover_ratio": 1.16,
            "reinvestment_rate": -13.07,
            "research_to_sale_ratio": 24.7,
            "price_fair": 198.89,
            "eps_avg_yearly": 5.68,
            "eps_latest_yearly": 10.76,
            "eps_growth_yearly": 43.66
        },
        "20211": {
            "year_quarter": 20211,
            "year": 2021,
            "quarter": 1,
            "eps": 2.03,
            "eps_growth_year": 18.37,
            "eps_4q": 7.95,
            "eps_4q_growth_year": 25.17,
            "roe": 21.62,
            "roe_4q": 128.53,
            "gross_profit": 4927000,
            "gross_margin": 72.4,
            "gross_margin_4q_avg": 75.99,
            "net_income": 1355300,
            "net_income_4q": null,
            "revenue": 6805600,
            "revenue_4q": null,
            "common_shares": 599700,
            "book_valuer_per_share": -5.28,
            "book_valuer_per_share_4q_avg": -6.39,
            "equity": 6898700,
            "current_ratio": 141.75,
            "debt_ratio": 85.27,
            "inventory_turnover_ratio": 0.49,
            "account_receivable_turnover_ratio": 1,
            "reinvestment_rate": -14.1,
            "research_to_sale_ratio": 24.76,
            "price_fair": 209.3,
            "eps_avg_yearly": 5.98,
            "eps_latest_yearly": 8.12,
            "eps_growth_yearly": 38.39
        },
        "20212": {
            "year_quarter": 20212,
            "year": 2021,
            "quarter": 2,
            "eps": 1.55,
            "eps_growth_year": -14.38,
            "eps_4q": 7.69,
            "eps_4q_growth_year": 14.68,
            "roe": 20.84,
            "roe_4q": 109.99000000000001,
            "gross_profit": 4786900,
            "gross_margin": 71.02,
            "gross_margin_4q_avg": 74.3,
            "net_income": 1390200,
            "net_income_4q": null,
            "revenue": 6740100,
            "revenue_4q": null,
            "common_shares": 598100,
            "book_valuer_per_share": -5.67,
            "book_valuer_per_share_4q_avg": -5.89,
            "equity": 6444400,
            "current_ratio": 114.59,
            "debt_ratio": 86.52,
            "inventory_turnover_ratio": 0.52,
            "account_receivable_turnover_ratio": 0.99,
            "reinvestment_rate": -13.64,
            "research_to_sale_ratio": 24.82,
            "price_fair": 214.2,
            "eps_avg_yearly": 6.12,
            "eps_latest_yearly": 6.2,
            "eps_growth_yearly": 28.01
        },
        "20213": {
            "year_quarter": 20213,
            "year": 2021,
            "quarter": 3,
            "eps": 1.81,
            "eps_growth_year": 27.27,
            "eps_4q": 8.07,
            "eps_4q_growth_year": 21,
            "roe": 15.63,
            "roe_4q": 98.53,
            "gross_profit": 5342000,
            "gross_margin": 78.87,
            "gross_margin_4q_avg": 74.79,
            "net_income": 1110100,
            "net_income_4q": null,
            "revenue": 6772800,
            "revenue_4q": null,
            "common_shares": 598200,
            "book_valuer_per_share": -4.2,
            "book_valuer_per_share_4q_avg": -5.25,
            "equity": 7757000,
            "current_ratio": 130.16,
            "debt_ratio": 83.9,
            "inventory_turnover_ratio": 0.37,
            "account_receivable_turnover_ratio": 0.97,
            "reinvestment_rate": -12.23,
            "research_to_sale_ratio": 25.23,
            "price_fair": 220.59,
            "eps_avg_yearly": 6.3,
            "eps_latest_yearly": 7.24,
            "eps_growth_yearly": 29.93
        },
        "20214": {
            "year_quarter": 20214,
            "year": 2021,
            "quarter": 4,
            "eps": 2.41,
            "eps_growth_year": -10.18,
            "eps_4q": 7.8,
            "eps_4q_growth_year": 2.19,
            "roe": 20.63,
            "roe_4q": 78.72,
            "gross_profit": 5949700,
            "gross_margin": 74.37,
            "gross_margin_4q_avg": 74.17,
            "net_income": 1726100,
            "net_income_4q": null,
            "revenue": 7999900,
            "revenue_4q": null,
            "common_shares": 596300,
            "book_valuer_per_share": -2.73,
            "book_valuer_per_share_4q_avg": -4.47,
            "equity": 8979200,
            "current_ratio": 122.59,
            "debt_ratio": 81.6,
            "inventory_turnover_ratio": 0.53,
            "account_receivable_turnover_ratio": 1.06,
            "reinvestment_rate": -10.82,
            "research_to_sale_ratio": 24.49,
            "price_fair": 231.53,
            "eps_avg_yearly": 6.62,
            "eps_latest_yearly": 9.64,
            "eps_growth_yearly": 36.37
        },
        "20221": {
            "year_quarter": 20221,
            "year": 2022,
            "quarter": 1,
            "eps": 2.28,
            "eps_growth_year": 12.62,
            "eps_4q": 8.06,
            "eps_4q_growth_year": 1.36,
            "roe": 20.79,
            "roe_4q": 77.89,
            "gross_profit": 5737900,
            "gross_margin": 73.47,
            "gross_margin_4q_avg": 74.43,
            "net_income": 1902900,
            "net_income_4q": null,
            "revenue": 7810000,
            "revenue_4q": null,
            "common_shares": 594100,
            "book_valuer_per_share": -2.15,
            "book_valuer_per_share_4q_avg": -3.69,
            "equity": 9330800,
            "current_ratio": 126.73,
            "debt_ratio": 80.11,
            "inventory_turnover_ratio": 0.53,
            "account_receivable_turnover_ratio": 0.98,
            "reinvestment_rate": 4.88,
            "research_to_sale_ratio": 20.62,
            "price_fair": 241.33,
            "eps_avg_yearly": 6.9,
            "eps_latest_yearly": 9.12,
            "eps_growth_yearly": 35.02
        },
        "20222": {
            "year_quarter": 20222,
            "year": 2022,
            "quarter": 2,
            "eps": 1.54,
            "eps_growth_year": -0.76,
            "eps_4q": 8.05,
            "eps_4q_growth_year": 4.65,
            "roe": 10.66,
            "roe_4q": 67.71,
            "gross_profit": 5057500,
            "gross_margin": 77.95,
            "gross_margin_4q_avg": 76.17,
            "net_income": 952500,
            "net_income_4q": null,
            "revenue": 6488000,
            "revenue_4q": null,
            "common_shares": 594100,
            "book_valuer_per_share": -2.99,
            "book_valuer_per_share_4q_avg": -3.02,
            "equity": 8544700,
            "current_ratio": 109.57,
            "debt_ratio": 81.84,
            "inventory_turnover_ratio": 0.37,
            "account_receivable_turnover_ratio": 0.84,
            "reinvestment_rate": 4.13,
            "research_to_sale_ratio": 27.46,
            "price_fair": 229.38,
            "eps_avg_yearly": 6.95,
            "eps_latest_yearly": 6.16,
            "eps_growth_yearly": 23.03
        },
        "20223": {
            "year_quarter": 20223,
            "year": 2022,
            "quarter": 3,
            "eps": 1.89,
            "eps_growth_year": 4.37,
            "eps_4q": 8.12,
            "eps_4q_growth_year": 0.61,
            "roe": 15.6,
            "roe_4q": 67.67999999999999,
            "gross_profit": 5238400,
            "gross_margin": 75.46,
            "gross_margin_4q_avg": 75.31,
            "net_income": 1451700,
            "net_income_4q": null,
            "revenue": 6941600,
            "revenue_4q": null,
            "common_shares": 594100,
            "book_valuer_per_share": -1,
            "book_valuer_per_share_4q_avg": -2.22,
            "equity": 10070100,
            "current_ratio": 112.69,
            "debt_ratio": 78.78,
            "inventory_turnover_ratio": 0.44,
            "account_receivable_turnover_ratio": 0.87,
            "reinvestment_rate": 8.56,
            "research_to_sale_ratio": 24.18,
            "price_fair": 249.73,
            "eps_avg_yearly": 7.14,
            "eps_latest_yearly": 7.56,
            "eps_growth_yearly": 32.63
        },
        "20224": {
            "year_quarter": 20224,
            "year": 2022,
            "quarter": 4,
            "eps": 2.45,
            "eps_growth_year": 1.68,
            "eps_4q": 8.16,
            "eps_4q_growth_year": 4.66,
            "roe": 18.7,
            "roe_4q": 65.75,
            "gross_profit": 5753700,
            "gross_margin": 78.8,
            "gross_margin_4q_avg": 76.42,
            "net_income": 1937700,
            "net_income_4q": null,
            "revenue": 7301800,
            "revenue_4q": null,
            "common_shares": 594100,
            "book_valuer_per_share": -0.66,
            "book_valuer_per_share_4q_avg": -1.7,
            "equity": 10649800,
            "current_ratio": 105.23,
            "debt_ratio": 78.48,
            "inventory_turnover_ratio": 0.38,
            "account_receivable_turnover_ratio": 0.86,
            "reinvestment_rate": 11.51,
            "research_to_sale_ratio": 27.33,
            "price_fair": 256.2,
            "eps_avg_yearly": 7.32,
            "eps_latest_yearly": 9.8,
            "eps_growth_yearly": 27.2
        },
        "20231": {
            "year_quarter": 20231,
            "year": 2023,
            "quarter": 1,
            "eps": 1.61,
            "eps_growth_year": -29.66,
            "eps_4q": 7.49,
            "eps_4q_growth_year": -7.06,
            "roe": 12.32,
            "roe_4q": 57.28,
            "gross_profit": 5333300,
            "gross_margin": 76.63,
            "gross_margin_4q_avg": 77.21,
            "net_income": 1344900,
            "net_income_4q": null,
            "revenue": 6960000,
            "revenue_4q": null,
            "common_shares": 593500,
            "book_valuer_per_share": 0.03,
            "book_valuer_per_share_4q_avg": -1.16,
            "equity": 11190400,
            "current_ratio": 129.99,
            "debt_ratio": 78.95,
            "inventory_turnover_ratio": 0.37,
            "account_receivable_turnover_ratio": 0.79,
            "reinvestment_rate": 13.01,
            "research_to_sale_ratio": 28.52,
            "price_fair": 261.19,
            "eps_avg_yearly": 7.46,
            "eps_latest_yearly": 6.44,
            "eps_growth_yearly": 28.43
        },
        "20232": {
            "year_quarter": 20232,
            "year": 2023,
            "quarter": 2,
            "eps": 2.06,
            "eps_growth_year": 33.59,
            "eps_4q": 8.01,
            "eps_4q_growth_year": -0.49,
            "roe": 15.85,
            "roe_4q": 62.470000000000006,
            "gross_profit": 6504700,
            "gross_margin": 78.26,
            "gross_margin_4q_avg": 77.29,
            "net_income": 1763200,
            "net_income_4q": null,
            "revenue": 8312100,
            "revenue_4q": null,
            "common_shares": 593600,
            "book_valuer_per_share": 0.09,
            "book_valuer_per_share_4q_avg": -0.39,
            "equity": 11063800,
            "current_ratio": 112.78,
            "debt_ratio": 79.82,
            "inventory_turnover_ratio": 0.39,
            "account_receivable_turnover_ratio": 0.91,
            "reinvestment_rate": 16.17,
            "research_to_sale_ratio": 28.35,
            "price_fair": 266.44,
            "eps_avg_yearly": 7.61,
            "eps_latest_yearly": 8.24,
            "eps_growth_yearly": 25.32
        },
        "20233": {
            "year_quarter": 20233,
            "year": 2023,
            "quarter": 3,
            "eps": 3.24,
            "eps_growth_year": 71.98,
            "eps_4q": 9.36,
            "eps_4q_growth_year": 15.25,
            "roe": -0.52,
            "roe_4q": 46.349999999999994,
            "gross_profit": 7638500,
            "gross_margin": 80.42,
            "gross_margin_4q_avg": 78.53,
            "net_income": -57400,
            "net_income_4q": null,
            "revenue": 9498600,
            "revenue_4q": null,
            "common_shares": 593600,
            "book_valuer_per_share": 0.37,
            "book_valuer_per_share_4q_avg": -0.04,
            "equity": 11220400,
            "current_ratio": 104.59,
            "debt_ratio": 80.63,
            "inventory_turnover_ratio": 0.38,
            "account_receivable_turnover_ratio": 0.97,
            "reinvestment_rate": 18.56,
            "research_to_sale_ratio": 25.36,
            "price_fair": 282.1,
            "eps_avg_yearly": 8.06,
            "eps_latest_yearly": 12.96,
            "eps_growth_yearly": 39.81
        }
    },
    "months": {
        "2001-01": {
            "month": "2001-01",
            "price": "82.39",
            "revenue": 0
        },
        "2001-02": {
            "month": "2001-02",
            "price": "77.81",
            "revenue": 0
        },
        "2001-03": {
            "month": "2001-03",
            "price": "76.63",
            "revenue": 0
        },
        "2001-04": {
            "month": "2001-04",
            "price": "79.08",
            "revenue": 0
        },
        "2001-05": {
            "month": "2001-05",
            "price": "85.43",
            "revenue": 0
        },
        "2001-06": {
            "month": "2001-06",
            "price": "81.51",
            "revenue": 0
        },
        "2001-07": {
            "month": "2001-07",
            "price": "76.46",
            "revenue": 0
        },
        "2001-08": {
            "month": "2001-08",
            "price": "79.64",
            "revenue": 0
        },
        "2001-09": {
            "month": "2001-09",
            "price": "77.56",
            "revenue": 0
        },
        "2001-10": {
            "month": "2001-10",
            "price": "78.59",
            "revenue": 0
        },
        "2001-11": {
            "month": "2001-11",
            "price": "80.12",
            "revenue": 0
        },
        "2001-12": {
            "month": "2001-12",
            "price": "80.91",
            "revenue": 0
        },
        "2002-01": {
            "month": "2002-01",
            "price": "75.84",
            "revenue": 0
        },
        "2002-02": {
            "month": "2002-02",
            "price": "75.44",
            "revenue": 0
        },
        "2002-03": {
            "month": "2002-03",
            "price": "78.48",
            "revenue": 0
        },
        "2002-04": {
            "month": "2002-04",
            "price": "73.55",
            "revenue": 0
        },
        "2002-05": {
            "month": "2002-05",
            "price": "65.00",
            "revenue": 0
        },
        "2002-06": {
            "month": "2002-06",
            "price": "60.25",
            "revenue": 0
        },
        "2002-07": {
            "month": "2002-07",
            "price": "51.66",
            "revenue": 0
        },
        "2002-08": {
            "month": "2002-08",
            "price": "57.09",
            "revenue": 0
        },
        "2002-09": {
            "month": "2002-09",
            "price": "56.81",
            "revenue": 0
        },
        "2002-10": {
            "month": "2002-10",
            "price": "59.35",
            "revenue": 0
        },
        "2002-11": {
            "month": "2002-11",
            "price": "62.32",
            "revenue": 0
        },
        "2002-12": {
            "month": "2002-12",
            "price": "64.86",
            "revenue": 0
        },
        "2003-01": {
            "month": "2003-01",
            "price": "64.80",
            "revenue": 0
        },
        "2003-02": {
            "month": "2003-02",
            "price": "58.37",
            "revenue": 0
        },
        "2003-03": {
            "month": "2003-03",
            "price": "56.42",
            "revenue": 0
        },
        "2003-04": {
            "month": "2003-04",
            "price": "60.70",
            "revenue": 0
        },
        "2003-05": {
            "month": "2003-05",
            "price": "61.79",
            "revenue": 0
        },
        "2003-06": {
            "month": "2003-06",
            "price": "65.06",
            "revenue": 0
        },
        "2003-07": {
            "month": "2003-07",
            "price": "67.28",
            "revenue": 0
        },
        "2003-08": {
            "month": "2003-08",
            "price": "63.33",
            "revenue": 0
        },
        "2003-09": {
            "month": "2003-09",
            "price": "60.72",
            "revenue": 0
        },
        "2003-10": {
            "month": "2003-10",
            "price": "63.56",
            "revenue": 0
        },
        "2003-11": {
            "month": "2003-11",
            "price": "68.52",
            "revenue": 0
        },
        "2003-12": {
            "month": "2003-12",
            "price": "71.03",
            "revenue": 0
        },
        "2004-01": {
            "month": "2004-01",
            "price": "69.25",
            "revenue": 0
        },
        "2004-02": {
            "month": "2004-02",
            "price": "72.53",
            "revenue": 0
        },
        "2004-03": {
            "month": "2004-03",
            "price": "69.58",
            "revenue": 0
        },
        "2004-04": {
            "month": "2004-04",
            "price": "71.48",
            "revenue": 0
        },
        "2004-05": {
            "month": "2004-05",
            "price": "73.59",
            "revenue": 0
        },
        "2004-06": {
            "month": "2004-06",
            "price": "73.20",
            "revenue": 0
        },
        "2004-07": {
            "month": "2004-07",
            "price": "65.99",
            "revenue": 0
        },
        "2004-08": {
            "month": "2004-08",
            "price": "63.09",
            "revenue": 0
        },
        "2004-09": {
            "month": "2004-09",
            "price": "64.63",
            "revenue": 0
        },
        "2004-10": {
            "month": "2004-10",
            "price": "56.85",
            "revenue": 0
        },
        "2004-11": {
            "month": "2004-11",
            "price": "55.84",
            "revenue": 0
        },
        "2004-12": {
            "month": "2004-12",
            "price": "55.93",
            "revenue": 0
        },
        "2005-01": {
            "month": "2005-01",
            "price": "56.05",
            "revenue": 0
        },
        "2005-02": {
            "month": "2005-02",
            "price": "55.19",
            "revenue": 0
        },
        "2005-03": {
            "month": "2005-03",
            "price": "54.00",
            "revenue": 0
        },
        "2005-04": {
            "month": "2005-04",
            "price": "56.26",
            "revenue": 0
        },
        "2005-05": {
            "month": "2005-05",
            "price": "59.32",
            "revenue": 0
        },
        "2005-06": {
            "month": "2005-06",
            "price": "57.47",
            "revenue": 0
        },
        "2005-07": {
            "month": "2005-07",
            "price": "55.95",
            "revenue": 0
        },
        "2005-08": {
            "month": "2005-08",
            "price": "53.76",
            "revenue": 0
        },
        "2005-09": {
            "month": "2005-09",
            "price": "54.80",
            "revenue": 0
        },
        "2005-10": {
            "month": "2005-10",
            "price": "51.81",
            "revenue": 0
        },
        "2005-11": {
            "month": "2005-11",
            "price": "50.57",
            "revenue": 0
        },
        "2005-12": {
            "month": "2005-12",
            "price": "55.26",
            "revenue": 0
        },
        "2006-01": {
            "month": "2006-01",
            "price": "57.44",
            "revenue": 0
        },
        "2006-02": {
            "month": "2006-02",
            "price": "55.90",
            "revenue": 0
        },
        "2006-03": {
            "month": "2006-03",
            "price": "57.00",
            "revenue": 0
        },
        "2006-04": {
            "month": "2006-04",
            "price": "53.57",
            "revenue": 0
        },
        "2006-05": {
            "month": "2006-05",
            "price": "51.59",
            "revenue": 0
        },
        "2006-06": {
            "month": "2006-06",
            "price": "53.21",
            "revenue": 0
        },
        "2006-07": {
            "month": "2006-07",
            "price": "55.76",
            "revenue": 0
        },
        "2006-08": {
            "month": "2006-08",
            "price": "55.50",
            "revenue": 0
        },
        "2006-09": {
            "month": "2006-09",
            "price": "55.71",
            "revenue": 0
        },
        "2006-10": {
            "month": "2006-10",
            "price": "57.33",
            "revenue": 0
        },
        "2006-11": {
            "month": "2006-11",
            "price": "54.77",
            "revenue": 0
        },
        "2006-12": {
            "month": "2006-12",
            "price": "53.22",
            "revenue": 0
        },
        "2007-01": {
            "month": "2007-01",
            "price": "52.64",
            "revenue": 0
        },
        "2007-02": {
            "month": "2007-02",
            "price": "54.36",
            "revenue": 0
        },
        "2007-03": {
            "month": "2007-03",
            "price": "52.73",
            "revenue": 0
        },
        "2007-04": {
            "month": "2007-04",
            "price": "57.67",
            "revenue": 0
        },
        "2007-05": {
            "month": "2007-05",
            "price": "59.25",
            "revenue": 0
        },
        "2007-06": {
            "month": "2007-06",
            "price": "57.13",
            "revenue": 0
        },
        "2007-07": {
            "month": "2007-07",
            "price": "56.32",
            "revenue": 0
        },
        "2007-08": {
            "month": "2007-08",
            "price": "56.05",
            "revenue": 0
        },
        "2007-09": {
            "month": "2007-09",
            "price": "57.08",
            "revenue": 0
        },
        "2007-10": {
            "month": "2007-10",
            "price": "56.84",
            "revenue": 0
        },
        "2007-11": {
            "month": "2007-11",
            "price": "51.73",
            "revenue": 0
        },
        "2007-12": {
            "month": "2007-12",
            "price": "53.73",
            "revenue": 0
        },
        "2008-01": {
            "month": "2008-01",
            "price": "53.80",
            "revenue": 0
        },
        "2008-02": {
            "month": "2008-02",
            "price": "50.89",
            "revenue": 0
        },
        "2008-03": {
            "month": "2008-03",
            "price": "49.91",
            "revenue": 0
        },
        "2008-04": {
            "month": "2008-04",
            "price": "50.93",
            "revenue": 0
        },
        "2008-05": {
            "month": "2008-05",
            "price": "48.55",
            "revenue": 0
        },
        "2008-06": {
            "month": "2008-06",
            "price": "47.57",
            "revenue": 0
        },
        "2008-07": {
            "month": "2008-07",
            "price": "47.57",
            "revenue": 0
        },
        "2008-08": {
            "month": "2008-08",
            "price": "47.79",
            "revenue": 0
        },
        "2008-09": {
            "month": "2008-09",
            "price": "45.95",
            "revenue": 0
        },
        "2008-10": {
            "month": "2008-10",
            "price": "34.98",
            "revenue": 0
        },
        "2008-11": {
            "month": "2008-11",
            "price": "32.95",
            "revenue": 0
        },
        "2008-12": {
            "month": "2008-12",
            "price": "36.28",
            "revenue": 0
        },
        "2009-01": {
            "month": "2009-01",
            "price": "38.31",
            "revenue": 0
        },
        "2009-02": {
            "month": "2009-02",
            "price": "35.20",
            "revenue": 0
        },
        "2009-03": {
            "month": "2009-03",
            "price": "30.95",
            "revenue": 0
        },
        "2009-04": {
            "month": "2009-04",
            "price": "32.98",
            "revenue": 0
        },
        "2009-05": {
            "month": "2009-05",
            "price": "34.68",
            "revenue": 0
        },
        "2009-06": {
            "month": "2009-06",
            "price": "34.17",
            "revenue": 0
        },
        "2009-07": {
            "month": "2009-07",
            "price": "34.02",
            "revenue": 0
        },
        "2009-08": {
            "month": "2009-08",
            "price": "33.70",
            "revenue": 0
        },
        "2009-09": {
            "month": "2009-09",
            "price": "32.85",
            "revenue": 0
        },
        "2009-10": {
            "month": "2009-10",
            "price": "33.79",
            "revenue": 0
        },
        "2009-11": {
            "month": "2009-11",
            "price": "35.62",
            "revenue": 0
        },
        "2009-12": {
            "month": "2009-12",
            "price": "36.19",
            "revenue": 0
        },
        "2010-01": {
            "month": "2010-01",
            "price": "35.83",
            "revenue": 0
        },
        "2010-02": {
            "month": "2010-02",
            "price": "34.50",
            "revenue": 0
        },
        "2010-03": {
            "month": "2010-03",
            "price": "35.62",
            "revenue": 0
        },
        "2010-04": {
            "month": "2010-04",
            "price": "36.06",
            "revenue": 0
        },
        "2010-05": {
            "month": "2010-05",
            "price": "33.97",
            "revenue": 0
        },
        "2010-06": {
            "month": "2010-06",
            "price": "33.72",
            "revenue": 0
        },
        "2010-07": {
            "month": "2010-07",
            "price": "34.97",
            "revenue": 0
        },
        "2010-08": {
            "month": "2010-08",
            "price": "35.41",
            "revenue": 0
        },
        "2010-09": {
            "month": "2010-09",
            "price": "35.60",
            "revenue": 0
        },
        "2010-10": {
            "month": "2010-10",
            "price": "36.47",
            "revenue": 0
        },
        "2010-11": {
            "month": "2010-11",
            "price": "34.80",
            "revenue": 0
        },
        "2010-12": {
            "month": "2010-12",
            "price": "34.82",
            "revenue": 0
        },
        "2011-01": {
            "month": "2011-01",
            "price": "34.87",
            "revenue": 0
        },
        "2011-02": {
            "month": "2011-02",
            "price": "34.93",
            "revenue": 0
        },
        "2011-03": {
            "month": "2011-03",
            "price": "34.56",
            "revenue": 0
        },
        "2011-04": {
            "month": "2011-04",
            "price": "35.98",
            "revenue": 0
        },
        "2011-05": {
            "month": "2011-05",
            "price": "38.43",
            "revenue": 0
        },
        "2011-06": {
            "month": "2011-06",
            "price": "37.34",
            "revenue": 0
        },
        "2011-07": {
            "month": "2011-07",
            "price": "38.04",
            "revenue": 0
        },
        "2011-08": {
            "month": "2011-08",
            "price": "35.99",
            "revenue": 0
        },
        "2011-09": {
            "month": "2011-09",
            "price": "36.93",
            "revenue": 0
        },
        "2011-10": {
            "month": "2011-10",
            "price": "37.79",
            "revenue": 0
        },
        "2011-11": {
            "month": "2011-11",
            "price": "37.18",
            "revenue": 0
        },
        "2011-12": {
            "month": "2011-12",
            "price": "40.09",
            "revenue": 0
        },
        "2012-01": {
            "month": "2012-01",
            "price": "39.98",
            "revenue": 0
        },
        "2012-02": {
            "month": "2012-02",
            "price": "39.19",
            "revenue": 0
        },
        "2012-03": {
            "month": "2012-03",
            "price": "39.82",
            "revenue": 0
        },
        "2012-04": {
            "month": "2012-04",
            "price": "40.11",
            "revenue": 0
        },
        "2012-05": {
            "month": "2012-05",
            "price": "41.08",
            "revenue": 0
        },
        "2012-06": {
            "month": "2012-06",
            "price": "41.59",
            "revenue": 0
        },
        "2012-07": {
            "month": "2012-07",
            "price": "43.44",
            "revenue": 0
        },
        "2012-08": {
            "month": "2012-08",
            "price": "43.39",
            "revenue": 0
        },
        "2012-09": {
            "month": "2012-09",
            "price": "46.85",
            "revenue": 0
        },
        "2012-10": {
            "month": "2012-10",
            "price": "50.75",
            "revenue": 0
        },
        "2012-11": {
            "month": "2012-11",
            "price": "47.74",
            "revenue": 0
        },
        "2012-12": {
            "month": "2012-12",
            "price": "49.15",
            "revenue": 0
        },
        "2013-01": {
            "month": "2013-01",
            "price": "52.70",
            "revenue": 0
        },
        "2013-02": {
            "month": "2013-02",
            "price": "54.00",
            "revenue": 0
        },
        "2013-03": {
            "month": "2013-03",
            "price": "55.33",
            "revenue": 0
        },
        "2013-04": {
            "month": "2013-04",
            "price": "56.87",
            "revenue": 0
        },
        "2013-05": {
            "month": "2013-05",
            "price": "54.85",
            "revenue": 0
        },
        "2013-06": {
            "month": "2013-06",
            "price": "51.23",
            "revenue": 0
        },
        "2013-07": {
            "month": "2013-07",
            "price": "51.48",
            "revenue": 0
        },
        "2013-08": {
            "month": "2013-08",
            "price": "53.01",
            "revenue": 0
        },
        "2013-09": {
            "month": "2013-09",
            "price": "52.59",
            "revenue": 0
        },
        "2013-10": {
            "month": "2013-10",
            "price": "49.46",
            "revenue": 0
        },
        "2013-11": {
            "month": "2013-11",
            "price": "50.60",
            "revenue": 0
        },
        "2013-12": {
            "month": "2013-12",
            "price": "50.25",
            "revenue": 0
        },
        "2014-01": {
            "month": "2014-01",
            "price": "53.22",
            "revenue": 0
        },
        "2014-02": {
            "month": "2014-02",
            "price": "55.66",
            "revenue": 0
        },
        "2014-03": {
            "month": "2014-03",
            "price": "58.53",
            "revenue": 0
        },
        "2014-04": {
            "month": "2014-04",
            "price": "59.27",
            "revenue": 0
        },
        "2014-05": {
            "month": "2014-05",
            "price": "59.28",
            "revenue": 0
        },
        "2014-06": {
            "month": "2014-06",
            "price": "60.44",
            "revenue": 0
        },
        "2014-07": {
            "month": "2014-07",
            "price": "62.97",
            "revenue": 0
        },
        "2014-08": {
            "month": "2014-08",
            "price": "61.70",
            "revenue": 0
        },
        "2014-09": {
            "month": "2014-09",
            "price": "65.28",
            "revenue": 0
        },
        "2014-10": {
            "month": "2014-10",
            "price": "64.58",
            "revenue": 0
        },
        "2014-11": {
            "month": "2014-11",
            "price": "67.29",
            "revenue": 0
        },
        "2014-12": {
            "month": "2014-12",
            "price": "70.73",
            "revenue": 0
        },
        "2015-01": {
            "month": "2015-01",
            "price": "70.80",
            "revenue": 0
        },
        "2015-02": {
            "month": "2015-02",
            "price": "70.73",
            "revenue": 0
        },
        "2015-03": {
            "month": "2015-03",
            "price": "71.96",
            "revenue": 0
        },
        "2015-04": {
            "month": "2015-04",
            "price": "72.28",
            "revenue": 0
        },
        "2015-05": {
            "month": "2015-05",
            "price": "73.64",
            "revenue": 0
        },
        "2015-06": {
            "month": "2015-06",
            "price": "82.26",
            "revenue": 0
        },
        "2015-07": {
            "month": "2015-07",
            "price": "86.49",
            "revenue": 0
        },
        "2015-08": {
            "month": "2015-08",
            "price": "83.20",
            "revenue": 0
        },
        "2015-09": {
            "month": "2015-09",
            "price": "83.48",
            "revenue": 0
        },
        "2015-10": {
            "month": "2015-10",
            "price": "81.55",
            "revenue": 0
        },
        "2015-11": {
            "month": "2015-11",
            "price": "81.89",
            "revenue": 0
        },
        "2015-12": {
            "month": "2015-12",
            "price": "85.42",
            "revenue": 0
        },
        "2016-01": {
            "month": "2016-01",
            "price": "81.48",
            "revenue": 0
        },
        "2016-02": {
            "month": "2016-02",
            "price": "73.91",
            "revenue": 0
        },
        "2016-03": {
            "month": "2016-03",
            "price": "72.25",
            "revenue": 0
        },
        "2016-04": {
            "month": "2016-04",
            "price": "75.60",
            "revenue": 0
        },
        "2016-05": {
            "month": "2016-05",
            "price": "75.62",
            "revenue": 0
        },
        "2016-06": {
            "month": "2016-06",
            "price": "74.66",
            "revenue": 0
        },
        "2016-07": {
            "month": "2016-07",
            "price": "80.60",
            "revenue": 0
        },
        "2016-08": {
            "month": "2016-08",
            "price": "80.19",
            "revenue": 0
        },
        "2016-09": {
            "month": "2016-09",
            "price": "79.35",
            "revenue": 0
        },
        "2016-10": {
            "month": "2016-10",
            "price": "79.12",
            "revenue": 0
        },
        "2016-11": {
            "month": "2016-11",
            "price": "73.78",
            "revenue": 0
        },
        "2016-12": {
            "month": "2016-12",
            "price": "70.52",
            "revenue": 0
        },
        "2017-01": {
            "month": "2017-01",
            "price": "75.93",
            "revenue": 0
        },
        "2017-02": {
            "month": "2017-02",
            "price": "79.54",
            "revenue": 0
        },
        "2017-03": {
            "month": "2017-03",
            "price": "84.17",
            "revenue": 0
        },
        "2017-04": {
            "month": "2017-04",
            "price": "83.56",
            "revenue": 0
        },
        "2017-05": {
            "month": "2017-05",
            "price": "79.73",
            "revenue": 0
        },
        "2017-06": {
            "month": "2017-06",
            "price": "81.73",
            "revenue": 0
        },
        "2017-07": {
            "month": "2017-07",
            "price": "83.22",
            "revenue": 0
        },
        "2017-08": {
            "month": "2017-08",
            "price": "80.33",
            "revenue": 0
        },
        "2017-09": {
            "month": "2017-09",
            "price": "82.76",
            "revenue": 0
        },
        "2017-10": {
            "month": "2017-10",
            "price": "85.81",
            "revenue": 0
        },
        "2017-11": {
            "month": "2017-11",
            "price": "83.56",
            "revenue": 0
        },
        "2017-12": {
            "month": "2017-12",
            "price": "85.89",
            "revenue": 0
        },
        "2018-01": {
            "month": "2018-01",
            "price": "85.61",
            "revenue": 0
        },
        "2018-02": {
            "month": "2018-02",
            "price": "77.88",
            "revenue": 0
        },
        "2018-03": {
            "month": "2018-03",
            "price": "77.78",
            "revenue": 0
        },
        "2018-04": {
            "month": "2018-04",
            "price": "79.43",
            "revenue": 0
        },
        "2018-05": {
            "month": "2018-05",
            "price": "81.28",
            "revenue": 0
        },
        "2018-06": {
            "month": "2018-06",
            "price": "85.74",
            "revenue": 0
        },
        "2018-07": {
            "month": "2018-07",
            "price": "90.58",
            "revenue": 0
        },
        "2018-08": {
            "month": "2018-08",
            "price": "103.51",
            "revenue": 0
        },
        "2018-09": {
            "month": "2018-09",
            "price": "106.08",
            "revenue": 0
        },
        "2018-10": {
            "month": "2018-10",
            "price": "110.54",
            "revenue": 0
        },
        "2018-11": {
            "month": "2018-11",
            "price": "112.26",
            "revenue": 0
        },
        "2018-12": {
            "month": "2018-12",
            "price": "112.50",
            "revenue": 0
        },
        "2019-01": {
            "month": "2019-01",
            "price": "116.17",
            "revenue": 0
        },
        "2019-02": {
            "month": "2019-02",
            "price": "121.59",
            "revenue": 0
        },
        "2019-03": {
            "month": "2019-03",
            "price": "127.04",
            "revenue": 0
        },
        "2019-04": {
            "month": "2019-04",
            "price": "122.35",
            "revenue": 0
        },
        "2019-05": {
            "month": "2019-05",
            "price": "116.30",
            "revenue": 0
        },
        "2019-06": {
            "month": "2019-06",
            "price": "114.55",
            "revenue": 0
        },
        "2019-07": {
            "month": "2019-07",
            "price": "109.88",
            "revenue": 0
        },
        "2019-08": {
            "month": "2019-08",
            "price": "111.67",
            "revenue": 0
        },
        "2019-09": {
            "month": "2019-09",
            "price": "112.57",
            "revenue": 0
        },
        "2019-10": {
            "month": "2019-10",
            "price": "109.05",
            "revenue": 0
        },
        "2019-11": {
            "month": "2019-11",
            "price": "114.22",
            "revenue": 0
        },
        "2019-12": {
            "month": "2019-12",
            "price": "125.04",
            "revenue": 0
        },
        "2020-01": {
            "month": "2020-01",
            "price": "138.13",
            "revenue": 0
        },
        "2020-02": {
            "month": "2020-02",
            "price": "140.53",
            "revenue": 0
        },
        "2020-03": {
            "month": "2020-03",
            "price": "134.01",
            "revenue": 0
        },
        "2020-04": {
            "month": "2020-04",
            "price": "150.99",
            "revenue": 0
        },
        "2020-05": {
            "month": "2020-05",
            "price": "154.41",
            "revenue": 0
        },
        "2020-06": {
            "month": "2020-06",
            "price": "155.06",
            "revenue": 0
        },
        "2020-07": {
            "month": "2020-07",
            "price": "163.12",
            "revenue": 0
        },
        "2020-08": {
            "month": "2020-08",
            "price": "151.20",
            "revenue": 0
        },
        "2020-09": {
            "month": "2020-09",
            "price": "149.59",
            "revenue": 0
        },
        "2020-10": {
            "month": "2020-10",
            "price": "143.87",
            "revenue": 0
        },
        "2020-11": {
            "month": "2020-11",
            "price": "142.68",
            "revenue": 0
        },
        "2020-12": {
            "month": "2020-12",
            "price": "160.77",
            "revenue": 0
        },
        "2021-01": {
            "month": "2021-01",
            "price": "190.27",
            "revenue": 0
        },
        "2021-02": {
            "month": "2021-02",
            "price": "202.81",
            "revenue": 0
        },
        "2021-03": {
            "month": "2021-03",
            "price": "194.07",
            "revenue": 0
        },
        "2021-04": {
            "month": "2021-04",
            "price": "185.09",
            "revenue": 0
        },
        "2021-05": {
            "month": "2021-05",
            "price": "195.82",
            "revenue": 0
        },
        "2021-06": {
            "month": "2021-06",
            "price": "220.54",
            "revenue": 0
        },
        "2021-07": {
            "month": "2021-07",
            "price": "237.68",
            "revenue": 0
        },
        "2021-08": {
            "month": "2021-08",
            "price": "264.08",
            "revenue": 0
        },
        "2021-09": {
            "month": "2021-09",
            "price": "237.85",
            "revenue": 0
        },
        "2021-10": {
            "month": "2021-10",
            "price": "239.02",
            "revenue": 0
        },
        "2021-11": {
            "month": "2021-11",
            "price": "260.23",
            "revenue": 0
        },
        "2021-12": {
            "month": "2021-12",
            "price": "260.90",
            "revenue": 0
        },
        "2022-01": {
            "month": "2022-01",
            "price": "250.67",
            "revenue": 0
        },
        "2022-02": {
            "month": "2022-02",
            "price": "242.90",
            "revenue": 0
        },
        "2022-03": {
            "month": "2022-03",
            "price": "275.12",
            "revenue": 0
        },
        "2022-04": {
            "month": "2022-04",
            "price": "296.19",
            "revenue": 0
        },
        "2022-05": {
            "month": "2022-05",
            "price": "297.80",
            "revenue": 0
        },
        "2022-06": {
            "month": "2022-06",
            "price": "306.33",
            "revenue": 0
        },
        "2022-07": {
            "month": "2022-07",
            "price": "327.71",
            "revenue": 0
        },
        "2022-08": {
            "month": "2022-08",
            "price": "312.15",
            "revenue": 0
        },
        "2022-09": {
            "month": "2022-09",
            "price": "311.61",
            "revenue": 0
        },
        "2022-10": {
            "month": "2022-10",
            "price": "337.37",
            "revenue": 0
        },
        "2022-11": {
            "month": "2022-11",
            "price": "360.66",
            "revenue": 0
        },
        "2022-12": {
            "month": "2022-12",
            "price": "365.65",
            "revenue": 0
        },
        "2023-01": {
            "month": "2023-01",
            "price": "352.68",
            "revenue": 0
        },
        "2023-02": {
            "month": "2023-02",
            "price": "333.60",
            "revenue": 0
        },
        "2023-03": {
            "month": "2023-03",
            "price": "326.87",
            "revenue": 0
        },
        "2023-04": {
            "month": "2023-04",
            "price": "373.12",
            "revenue": 0
        },
        "2023-05": {
            "month": "2023-05",
            "price": "429.37",
            "revenue": 0
        },
        "2023-06": {
            "month": "2023-06",
            "price": "450.74",
            "revenue": 0
        },
        "2023-07": {
            "month": "2023-07",
            "price": "453.80",
            "revenue": 0
        },
        "2023-08": {
            "month": "2023-08",
            "price": "523.54",
            "revenue": 0
        },
        "2023-09": {
            "month": "2023-09",
            "price": "567.31",
            "revenue": 0
        },
        "2023-10": {
            "month": "2023-10",
            "price": "576.76",
            "revenue": 0
        },
        "2023-11": {
            "month": "2023-11",
            "price": "592.89",
            "revenue": 0
        },
        "2023-12": {
            "month": "2023-12",
            "price": "581.68",
            "revenue": 0
        }
    }
}
