{
    "summary": {
        "stock_name": "Mastercard Inc",
        "stock_id": "MA",
        "category": "Business Services",
        "main_business": "萬事達股份有限公司是全球支付行業的一家技術公司，它連線著全球的消費者、金融機構、商家、政府和企業，使他們能夠使用電子支付形式而不是現金和支票。公司透過提供一系列知名品牌的支付解決方案和服務，使支付變得更簡單、更高效。公司提供綜合增值服務，如網路和智慧產品、資訊和分析服務、諮詢、忠誠度和獎勵計劃及處理。其支付解決方案為客戶提供選擇，旨在確保全球支付系統的安全。",
        "website_url": "https://www.mastercard.us/",
        "ceo": "Michael Miebach",
        "pe_ratio": 36,
        "report_year_from": 2002,
        "report_year_to": 2023,
        "age": 21,
        "eps_negative_percentage": 0,
        "eps_growth_avg": {
            "last_all": 21.19,
            "last_2y": 12.75,
            "last_4y": 20.24,
            "last_8y": 17.98,
            "last_12y": 19.78,
            "last_16y": 18.27,
            "last_20y": null,
            "at_2006_last_3y": null,
            "at_2007_last_3y": 27.35,
            "at_2008_last_3y": 9.45,
            "at_2009_last_3y": 13.37,
            "at_2010_last_3y": 40.5,
            "at_2011_last_3y": 23.65,
            "at_2012_last_3y": 21.1,
            "at_2013_last_3y": 23.81,
            "at_2014_last_3y": 21.82,
            "at_2015_last_3y": 16.1,
            "at_2016_last_3y": 14.28,
            "at_2017_last_3y": 15.16,
            "at_2018_last_3y": 19.99,
            "at_2019_last_3y": 23.99,
            "at_2020_last_3y": 16.59,
            "at_2021_last_3y": 20.35,
            "at_2022_last_3y": 15.99,
            "at_2023_last_3y": 15.99,
            "at_2006_last_all": 3.13,
            "at_2007_last_all": 27.35,
            "at_2008_last_all": 27.56,
            "at_2009_last_all": 24.25,
            "at_2010_last_all": 24.48,
            "at_2011_last_all": 25.5,
            "at_2012_last_all": 24.69,
            "at_2013_last_all": 24.07,
            "at_2014_last_all": 23.52,
            "at_2015_last_all": 22.36,
            "at_2016_last_all": 21.48,
            "at_2017_last_all": 21.53,
            "at_2018_last_all": 22.57,
            "at_2019_last_all": 22.77,
            "at_2020_last_all": 20.33,
            "at_2021_last_all": 21.26,
            "at_2022_last_all": 21.19,
            "at_2023_last_all": 21.19
        },
        "latest_eps": 10.55,
        "latest_price": 379.81,
        "latest_roe": 159.93,
        "latest_gross_margin": null,
        "latest_equity": 5330000,
        "latest_revenue": 5748000,
        "latest_gross_profit": null,
        "latest_net_income": 2361000,
        "latest_debt_ratio": 86.31,
        "latest_current_ratio": 120.28,
        "latest_account_receivable_turnover_ratio": 1.18,
        "latest_inventory_turnover_ratio": null,
        "latest_reinvestment_rate": 3.85,
        "latest_research_to_sale_ratio": null
    },
    "eps_dividends": {
        "2001": {
            "cash": 0,
            "stock": 0,
            "eps": 0
        },
        "2002": {
            "cash": 0,
            "stock": 0,
            "eps": 0
        },
        "2003": {
            "cash": 0,
            "stock": 0,
            "eps": 0.11
        },
        "2004": {
            "cash": 0,
            "stock": 0,
            "eps": 0.25
        },
        "2005": {
            "cash": 0,
            "stock": 0,
            "eps": 0.23
        },
        "2006": {
            "cash": 0,
            "stock": 0,
            "eps": 0.04
        },
        "2007": {
            "cash": 0.07,
            "stock": 0,
            "eps": 0.81
        },
        "2008": {
            "cash": 0.04,
            "stock": 0,
            "eps": 1.04
        },
        "2009": {
            "cash": 0.04,
            "stock": 0,
            "eps": 1.12
        },
        "2010": {
            "cash": 0.08,
            "stock": 0,
            "eps": 1.41
        },
        "2011": {
            "cash": 0.06,
            "stock": 0,
            "eps": 1.87
        },
        "2012": {
            "cash": 0.09,
            "stock": 0,
            "eps": 2.21
        },
        "2013": {
            "cash": 0.18,
            "stock": 0,
            "eps": 2.62
        },
        "2014": {
            "cash": 1.3200000000000003,
            "stock": 0,
            "eps": 3.09
        },
        "2015": {
            "cash": 0.64,
            "stock": 0,
            "eps": 3.39
        },
        "2016": {
            "cash": 0.76,
            "stock": 0,
            "eps": 3.76
        },
        "2017": {
            "cash": 0.88,
            "stock": 0,
            "eps": 4.59
        },
        "2018": {
            "cash": 1,
            "stock": 0,
            "eps": 6.3
        },
        "2019": {
            "cash": 1.32,
            "stock": 0,
            "eps": 7.92
        },
        "2020": {
            "cash": 1.6,
            "stock": 0,
            "eps": 6.44
        },
        "2021": {
            "cash": 1.76,
            "stock": 0,
            "eps": 8.83
        },
        "2022": {
            "cash": 0.98,
            "stock": 0,
            "eps": 10.58
        },
        "2023": {
            "cash": 1.06,
            "stock": 0,
            "eps": 2.68
        }
    },
    "dividends": {
        "2007-02-09": {
            "cash": 0.01,
            "stock": 0
        },
        "2007-05-10": {
            "cash": 0.02,
            "stock": 0
        },
        "2007-08-10": {
            "cash": 0.02,
            "stock": 0
        },
        "2007-11-09": {
            "cash": 0.02,
            "stock": 0
        },
        "2008-05-09": {
            "cash": 0.02,
            "stock": 0
        },
        "2008-11-10": {
            "cash": 0.02,
            "stock": 0
        },
        "2009-02-10": {
            "cash": 0.02,
            "stock": 0
        },
        "2009-05-08": {
            "cash": 0.02,
            "stock": 0
        },
        "2010-02-10": {
            "cash": 0.02,
            "stock": 0
        },
        "2010-05-10": {
            "cash": 0.02,
            "stock": 0
        },
        "2010-08-10": {
            "cash": 0.02,
            "stock": 0
        },
        "2010-11-10": {
            "cash": 0.02,
            "stock": 0
        },
        "2011-05-09": {
            "cash": 0.02,
            "stock": 0
        },
        "2011-08-09": {
            "cash": 0.02,
            "stock": 0
        },
        "2011-11-09": {
            "cash": 0.02,
            "stock": 0
        },
        "2012-05-09": {
            "cash": 0.03,
            "stock": 0
        },
        "2012-08-09": {
            "cash": 0.03,
            "stock": 0
        },
        "2012-11-09": {
            "cash": 0.03,
            "stock": 0
        },
        "2013-05-09": {
            "cash": 0.06,
            "stock": 0
        },
        "2013-08-09": {
            "cash": 0.06,
            "stock": 0
        },
        "2013-11-08": {
            "cash": 0.06,
            "stock": 0
        },
        "2014-02-10": {
            "cash": 1.1,
            "stock": 0
        },
        "2014-05-09": {
            "cash": 0.11,
            "stock": 0
        },
        "2014-11-10": {
            "cash": 0.11,
            "stock": 0
        },
        "2015-02-09": {
            "cash": 0.16,
            "stock": 0
        },
        "2015-05-08": {
            "cash": 0.16,
            "stock": 0
        },
        "2015-08-10": {
            "cash": 0.16,
            "stock": 0
        },
        "2015-11-09": {
            "cash": 0.16,
            "stock": 0
        },
        "2016-02-09": {
            "cash": 0.19,
            "stock": 0
        },
        "2016-05-09": {
            "cash": 0.19,
            "stock": 0
        },
        "2016-08-09": {
            "cash": 0.19,
            "stock": 0
        },
        "2016-11-09": {
            "cash": 0.19,
            "stock": 0
        },
        "2017-02-09": {
            "cash": 0.22,
            "stock": 0
        },
        "2017-05-09": {
            "cash": 0.22,
            "stock": 0
        },
        "2017-08-09": {
            "cash": 0.22,
            "stock": 0
        },
        "2017-11-09": {
            "cash": 0.22,
            "stock": 0
        },
        "2018-02-09": {
            "cash": 0.25,
            "stock": 0
        },
        "2018-05-09": {
            "cash": 0.25,
            "stock": 0
        },
        "2018-08-09": {
            "cash": 0.25,
            "stock": 0
        },
        "2018-11-09": {
            "cash": 0.25,
            "stock": 0
        },
        "2019-02-08": {
            "cash": 0.33,
            "stock": 0
        },
        "2019-05-09": {
            "cash": 0.33,
            "stock": 0
        },
        "2019-08-09": {
            "cash": 0.33,
            "stock": 0
        },
        "2019-11-08": {
            "cash": 0.33,
            "stock": 0
        },
        "2020-02-07": {
            "cash": 0.4,
            "stock": 0
        },
        "2020-05-08": {
            "cash": 0.4,
            "stock": 0
        },
        "2020-08-07": {
            "cash": 0.4,
            "stock": 0
        },
        "2020-11-09": {
            "cash": 0.4,
            "stock": 0
        },
        "2021-02-09": {
            "cash": 0.44,
            "stock": 0
        },
        "2021-05-07": {
            "cash": 0.44,
            "stock": 0
        },
        "2021-08-09": {
            "cash": 0.44,
            "stock": 0
        },
        "2021-11-09": {
            "cash": 0.44,
            "stock": 0
        },
        "2022-02-09": {
            "cash": 0.49,
            "stock": 0
        },
        "2022-05-09": {
            "cash": 0.49,
            "stock": 0
        },
        "2023-02-09": {
            "cash": 0.49,
            "stock": 0
        },
        "2023-05-09": {
            "cash": 0.57,
            "stock": 0
        }
    },
    "prices": {
        "200101": "無",
        "200102": "無",
        "200103": "無",
        "200104": "無",
        "200105": "無",
        "200106": "無",
        "200107": "無",
        "200108": "無",
        "200109": "無",
        "200110": "無",
        "200111": "無",
        "200112": "無",
        "200201": "無",
        "200202": "無",
        "200203": "無",
        "200204": "無",
        "200205": "無",
        "200206": "無",
        "200207": "無",
        "200208": "無",
        "200209": "無",
        "200210": "無",
        "200211": "無",
        "200212": "無",
        "200301": "無",
        "200302": "無",
        "200303": "無",
        "200304": "無",
        "200305": "無",
        "200306": "無",
        "200307": "無",
        "200308": "無",
        "200309": "無",
        "200310": "無",
        "200311": "無",
        "200312": "無",
        "200401": "無",
        "200402": "無",
        "200403": "無",
        "200404": "無",
        "200405": "無",
        "200406": "無",
        "200407": "無",
        "200408": "無",
        "200409": "無",
        "200410": "無",
        "200411": "無",
        "200412": "無",
        "200501": "無",
        "200502": "無",
        "200503": "無",
        "200504": "無",
        "200505": "無",
        "200506": "無",
        "200507": "無",
        "200508": "無",
        "200509": "無",
        "200510": "無",
        "200511": "無",
        "200512": "無",
        "200601": "無",
        "200602": "無",
        "200603": "無",
        "200604": "無",
        "200605": "4.50",
        "200606": "4.68",
        "200607": "4.58",
        "200608": "5.36",
        "200609": "6.37",
        "200610": "7.14",
        "200611": "9.52",
        "200612": "9.77",
        "200701": "10.60",
        "200702": "10.76",
        "200703": "10.56",
        "200704": "10.94",
        "200705": "13.72",
        "200706": "15.57",
        "200707": "16.34",
        "200708": "13.82",
        "200709": "14.04",
        "200710": "15.79",
        "200711": "18.86",
        "200712": "20.97",
        "200801": "19.12",
        "200802": "20.32",
        "200803": "20.65",
        "200804": "23.54",
        "200805": "28.77",
        "200806": "28.96",
        "200807": "26.16",
        "200808": "23.64",
        "200809": "20.80",
        "200810": "15.20",
        "200811": "14.15",
        "200812": "14.17",
        "200901": "13.88",
        "200902": "15.60",
        "200903": "15.63",
        "200904": "16.76",
        "200905": "17.48",
        "200906": "16.62",
        "200907": "17.61",
        "200908": "20.30",
        "200909": "21.13",
        "200910": "21.74",
        "200911": "23.32",
        "200912": "24.84",
        "201001": "25.53",
        "201002": "22.82",
        "201003": "24.50",
        "201004": "25.85",
        "201005": "21.95",
        "201006": "20.76",
        "201007": "20.80",
        "201008": "20.72",
        "201009": "21.01",
        "201010": "23.31",
        "201011": "24.39",
        "201012": "23.69",
        "201101": "23.36",
        "201102": "24.81",
        "201103": "24.78",
        "201104": "26.78",
        "201105": "27.92",
        "201106": "27.57",
        "201107": "31.01",
        "201108": "31.97",
        "201109": "33.40",
        "201110": "32.98",
        "201111": "35.96",
        "201112": "37.16",
        "201201": "34.83",
        "201202": "39.84",
        "201203": "42.08",
        "201204": "43.82",
        "201205": "42.12",
        "201206": "42.01",
        "201207": "43.00",
        "201208": "42.41",
        "201209": "44.63",
        "201210": "46.72",
        "201211": "47.26",
        "201212": "48.62",
        "201301": "51.98",
        "201302": "51.89",
        "201303": "52.45",
        "201304": "53.26",
        "201305": "56.52",
        "201306": "57.01",
        "201307": "59.49",
        "201308": "62.78",
        "201309": "66.40",
        "201310": "69.69",
        "201311": "74.43",
        "201312": "79.13",
        "201401": "81.35",
        "201402": "76.04",
        "201403": "76.79",
        "201404": "72.76",
        "201405": "74.88",
        "201406": "75.22",
        "201407": "76.58",
        "201408": "75.90",
        "201409": "75.95",
        "201410": "73.91",
        "201411": "84.87",
        "201412": "86.89",
        "201501": "83.45",
        "201502": "87.40",
        "201503": "89.18",
        "201504": "88.89",
        "201505": "92.46",
        "201506": "93.87",
        "201507": "95.42",
        "201508": "95.22",
        "201509": "91.12",
        "201510": "96.72",
        "201511": "99.30",
        "201512": "97.85",
        "201601": "89.04",
        "201602": "85.58",
        "201603": "90.46",
        "201604": "96.09",
        "201605": "96.21",
        "201606": "94.19",
        "201607": "91.33",
        "201608": "96.04",
        "201609": "100.04",
        "201610": "102.62",
        "201611": "104.34",
        "201612": "103.61",
        "201701": "108.34",
        "201702": "108.37",
        "201703": "111.74",
        "201704": "113.47",
        "201705": "118.42",
        "201706": "123.28",
        "201707": "126.33",
        "201708": "131.41",
        "201709": "139.39",
        "201710": "145.66",
        "201711": "150.22",
        "201712": "150.44",
        "201801": "163.22",
        "201802": "171.53",
        "201803": "178.09",
        "201804": "174.81",
        "201805": "190.26",
        "201806": "198.81",
        "201807": "203.89",
        "201808": "205.47",
        "201809": "217.62",
        "201810": "205.00",
        "201811": "197.30",
        "201812": "192.20",
        "201901": "197.09",
        "201902": "219.47",
        "201903": "229.27",
        "201904": "240.98",
        "201905": "249.90",
        "201906": "260.37",
        "201907": "276.14",
        "201908": "274.05",
        "201909": "276.61",
        "201910": "272.13",
        "201911": "280.70",
        "201912": "293.88",
        "202001": "314.59",
        "202002": "325.37",
        "202003": "256.60",
        "202004": "258.32",
        "202005": "284.95",
        "202006": "301.70",
        "202007": "304.07",
        "202008": "335.04",
        "202009": "337.32",
        "202010": "331.42",
        "202011": "327.69",
        "202012": "338.44",
        "202101": "335.53",
        "202102": "340.73",
        "202103": "366.71",
        "202104": "380.69",
        "202105": "366.87",
        "202106": "367.80",
        "202107": "381.09",
        "202108": "362.48",
        "202109": "347.38",
        "202110": "350.25",
        "202111": "341.75",
        "202112": "345.51",
        "202201": "364.87",
        "202202": "376.22",
        "202203": "341.01",
        "202204": "357.99",
        "202205": "342.45",
        "202206": "333.38",
        "202207": "333.56",
        "202208": "347.59",
        "202209": "311.90",
        "202210": "301.88",
        "202211": "336.26",
        "202212": "349.33",
        "202301": "370.93",
        "202302": "365.69",
        "202303": "354.49",
        "202304": "369.24",
        "202305": "379.08",
        "202306": "374.29"
    },
    "quarters": {
        "20011": {
            "year_quarter": 20011,
            "year": 2001,
            "quarter": 1,
            "eps": null,
            "eps_growth_year": null,
            "eps_4q": null,
            "eps_4q_growth_year": null,
            "roe": null,
            "roe_4q": 0,
            "gross_profit": null,
            "gross_margin": null,
            "gross_margin_4q_avg": 0,
            "net_income": null,
            "revenue": null,
            "common_shares": null,
            "book_valuer_per_share": null,
            "book_valuer_per_share_4q_avg": 0,
            "equity": null,
            "current_ratio": null,
            "debt_ratio": null,
            "inventory_turnover_ratio": null,
            "account_receivable_turnover_ratio": null,
            "reinvestment_rate": null,
            "research_to_sale_ratio": null,
            "price_fair": 0,
            "eps_avg_yearly": 0,
            "eps_latest_yearly": 0,
            "eps_growth_yearly": 0
        },
        "20012": {
            "year_quarter": 20012,
            "year": 2001,
            "quarter": 2,
            "eps": null,
            "eps_growth_year": null,
            "eps_4q": null,
            "eps_4q_growth_year": null,
            "roe": null,
            "roe_4q": 0,
            "gross_profit": null,
            "gross_margin": null,
            "gross_margin_4q_avg": 0,
            "net_income": null,
            "revenue": null,
            "common_shares": null,
            "book_valuer_per_share": null,
            "book_valuer_per_share_4q_avg": 0,
            "equity": null,
            "current_ratio": null,
            "debt_ratio": null,
            "inventory_turnover_ratio": null,
            "account_receivable_turnover_ratio": null,
            "reinvestment_rate": null,
            "research_to_sale_ratio": null,
            "price_fair": 0,
            "eps_avg_yearly": 0,
            "eps_latest_yearly": 0,
            "eps_growth_yearly": 0
        },
        "20013": {
            "year_quarter": 20013,
            "year": 2001,
            "quarter": 3,
            "eps": null,
            "eps_growth_year": null,
            "eps_4q": null,
            "eps_4q_growth_year": null,
            "roe": null,
            "roe_4q": 0,
            "gross_profit": null,
            "gross_margin": null,
            "gross_margin_4q_avg": 0,
            "net_income": null,
            "revenue": null,
            "common_shares": null,
            "book_valuer_per_share": null,
            "book_valuer_per_share_4q_avg": 0,
            "equity": null,
            "current_ratio": null,
            "debt_ratio": null,
            "inventory_turnover_ratio": null,
            "account_receivable_turnover_ratio": null,
            "reinvestment_rate": null,
            "research_to_sale_ratio": null,
            "price_fair": 0,
            "eps_avg_yearly": 0,
            "eps_latest_yearly": 0,
            "eps_growth_yearly": 0
        },
        "20014": {
            "year_quarter": 20014,
            "year": 2001,
            "quarter": 4,
            "eps": null,
            "eps_growth_year": null,
            "eps_4q": null,
            "eps_4q_growth_year": null,
            "roe": null,
            "roe_4q": 0,
            "gross_profit": null,
            "gross_margin": null,
            "gross_margin_4q_avg": 0,
            "net_income": null,
            "revenue": null,
            "common_shares": null,
            "book_valuer_per_share": null,
            "book_valuer_per_share_4q_avg": 0,
            "equity": null,
            "current_ratio": null,
            "debt_ratio": null,
            "inventory_turnover_ratio": null,
            "account_receivable_turnover_ratio": null,
            "reinvestment_rate": null,
            "research_to_sale_ratio": null,
            "price_fair": 0,
            "eps_avg_yearly": 0,
            "eps_latest_yearly": 0,
            "eps_growth_yearly": 0
        },
        "20021": {
            "year_quarter": 20021,
            "year": 2002,
            "quarter": 1,
            "eps": null,
            "eps_growth_year": null,
            "eps_4q": null,
            "eps_4q_growth_year": null,
            "roe": null,
            "roe_4q": 0,
            "gross_profit": null,
            "gross_margin": null,
            "gross_margin_4q_avg": 0,
            "net_income": null,
            "revenue": null,
            "common_shares": null,
            "book_valuer_per_share": null,
            "book_valuer_per_share_4q_avg": 0,
            "equity": null,
            "current_ratio": null,
            "debt_ratio": null,
            "inventory_turnover_ratio": null,
            "account_receivable_turnover_ratio": null,
            "reinvestment_rate": null,
            "research_to_sale_ratio": null,
            "price_fair": 0,
            "eps_avg_yearly": 0,
            "eps_latest_yearly": 0,
            "eps_growth_yearly": 0
        },
        "20022": {
            "year_quarter": 20022,
            "year": 2002,
            "quarter": 2,
            "eps": null,
            "eps_growth_year": null,
            "eps_4q": null,
            "eps_4q_growth_year": null,
            "roe": null,
            "roe_4q": 0,
            "gross_profit": null,
            "gross_margin": null,
            "gross_margin_4q_avg": 0,
            "net_income": null,
            "revenue": null,
            "common_shares": null,
            "book_valuer_per_share": null,
            "book_valuer_per_share_4q_avg": 0,
            "equity": null,
            "current_ratio": null,
            "debt_ratio": null,
            "inventory_turnover_ratio": null,
            "account_receivable_turnover_ratio": null,
            "reinvestment_rate": null,
            "research_to_sale_ratio": null,
            "price_fair": 0,
            "eps_avg_yearly": 0,
            "eps_latest_yearly": 0,
            "eps_growth_yearly": 0
        },
        "20023": {
            "year_quarter": 20023,
            "year": 2002,
            "quarter": 3,
            "eps": null,
            "eps_growth_year": null,
            "eps_4q": null,
            "eps_4q_growth_year": null,
            "roe": null,
            "roe_4q": 0,
            "gross_profit": null,
            "gross_margin": null,
            "gross_margin_4q_avg": 0,
            "net_income": null,
            "revenue": null,
            "common_shares": null,
            "book_valuer_per_share": null,
            "book_valuer_per_share_4q_avg": 0,
            "equity": null,
            "current_ratio": null,
            "debt_ratio": null,
            "inventory_turnover_ratio": null,
            "account_receivable_turnover_ratio": null,
            "reinvestment_rate": null,
            "research_to_sale_ratio": null,
            "price_fair": 0,
            "eps_avg_yearly": 0,
            "eps_latest_yearly": 0,
            "eps_growth_yearly": 0
        },
        "20024": {
            "year_quarter": 20024,
            "year": 2002,
            "quarter": 4,
            "eps": null,
            "eps_growth_year": null,
            "eps_4q": null,
            "eps_4q_growth_year": null,
            "roe": null,
            "roe_4q": 0,
            "gross_profit": null,
            "gross_margin": null,
            "gross_margin_4q_avg": 0,
            "net_income": null,
            "revenue": null,
            "common_shares": null,
            "book_valuer_per_share": null,
            "book_valuer_per_share_4q_avg": 0,
            "equity": null,
            "current_ratio": null,
            "debt_ratio": null,
            "inventory_turnover_ratio": null,
            "account_receivable_turnover_ratio": null,
            "reinvestment_rate": null,
            "research_to_sale_ratio": null,
            "price_fair": 0,
            "eps_avg_yearly": 0,
            "eps_latest_yearly": 0,
            "eps_growth_yearly": 0
        },
        "20031": {
            "year_quarter": 20031,
            "year": 2003,
            "quarter": 1,
            "eps": 0.04,
            "eps_growth_year": null,
            "eps_4q": null,
            "eps_4q_growth_year": null,
            "roe": null,
            "roe_4q": 0,
            "gross_profit": null,
            "gross_margin": null,
            "gross_margin_4q_avg": 0,
            "net_income": -430281,
            "revenue": 512215,
            "common_shares": 1000,
            "book_valuer_per_share": 0.14,
            "book_valuer_per_share_4q_avg": 0.04,
            "equity": 599029,
            "current_ratio": 143.72,
            "debt_ratio": 76.49,
            "inventory_turnover_ratio": null,
            "account_receivable_turnover_ratio": null,
            "reinvestment_rate": null,
            "research_to_sale_ratio": null,
            "price_fair": 0,
            "eps_avg_yearly": 0,
            "eps_latest_yearly": 0,
            "eps_growth_yearly": 0
        },
        "20032": {
            "year_quarter": 20032,
            "year": 2003,
            "quarter": 2,
            "eps": 0.03,
            "eps_growth_year": null,
            "eps_4q": null,
            "eps_4q_growth_year": null,
            "roe": 5.16,
            "roe_4q": 5.16,
            "gross_profit": null,
            "gross_margin": null,
            "gross_margin_4q_avg": 0,
            "net_income": 32246,
            "revenue": 556893,
            "common_shares": 1000,
            "book_valuer_per_share": 0.17,
            "book_valuer_per_share_4q_avg": 0.08,
            "equity": 650831,
            "current_ratio": 143.24,
            "debt_ratio": 76.4,
            "inventory_turnover_ratio": null,
            "account_receivable_turnover_ratio": 1.16,
            "reinvestment_rate": null,
            "research_to_sale_ratio": null,
            "price_fair": 0.36,
            "eps_avg_yearly": 0.12,
            "eps_latest_yearly": 0.12,
            "eps_growth_yearly": -100
        },
        "20033": {
            "year_quarter": 20033,
            "year": 2003,
            "quarter": 3,
            "eps": 0.08,
            "eps_growth_year": null,
            "eps_4q": null,
            "eps_4q_growth_year": null,
            "roe": 10.75,
            "roe_4q": 15.91,
            "gross_profit": null,
            "gross_margin": null,
            "gross_margin_4q_avg": 0,
            "net_income": 74322,
            "revenue": 594169,
            "common_shares": 1000,
            "book_valuer_per_share": 0.25,
            "book_valuer_per_share_4q_avg": 0.14,
            "equity": 731934,
            "current_ratio": 151.51,
            "debt_ratio": 74.36,
            "inventory_turnover_ratio": null,
            "account_receivable_turnover_ratio": 1.33,
            "reinvestment_rate": null,
            "research_to_sale_ratio": null,
            "price_fair": 7.7,
            "eps_avg_yearly": 0.22,
            "eps_latest_yearly": 0.32,
            "eps_growth_yearly": 283.33
        },
        "20034": {
            "year_quarter": 20034,
            "year": 2003,
            "quarter": 4,
            "eps": -0.04,
            "eps_growth_year": null,
            "eps_4q": 0.11,
            "eps_4q_growth_year": null,
            "roe": -9.41,
            "roe_4q": 6.5,
            "gross_profit": null,
            "gross_margin": null,
            "gross_margin_4q_avg": 0,
            "net_income": -67288,
            "revenue": 567574,
            "common_shares": 1000,
            "book_valuer_per_share": 0.18,
            "book_valuer_per_share_4q_avg": 0.19,
            "equity": 698721,
            "current_ratio": 135.41,
            "debt_ratio": 75.91,
            "inventory_turnover_ratio": null,
            "account_receivable_turnover_ratio": 1.26,
            "reinvestment_rate": null,
            "research_to_sale_ratio": null,
            "price_fair": 7.7,
            "eps_avg_yearly": 0.22,
            "eps_latest_yearly": 0.32,
            "eps_growth_yearly": 283.33
        },
        "20041": {
            "year_quarter": 20041,
            "year": 2004,
            "quarter": 1,
            "eps": 0.07,
            "eps_growth_year": 92.01,
            "eps_4q": 0.15,
            "eps_4q_growth_year": null,
            "roe": 10.07,
            "roe_4q": 16.57,
            "gross_profit": null,
            "gross_margin": null,
            "gross_margin_4q_avg": 0,
            "net_income": 73524,
            "revenue": 594310,
            "common_shares": 1000,
            "book_valuer_per_share": 0.24,
            "book_valuer_per_share_4q_avg": 0.21,
            "equity": 762154,
            "current_ratio": 147.49,
            "debt_ratio": 73.08,
            "inventory_turnover_ratio": null,
            "account_receivable_turnover_ratio": 1.35,
            "reinvestment_rate": null,
            "research_to_sale_ratio": null,
            "price_fair": 7.7,
            "eps_avg_yearly": 0.22,
            "eps_latest_yearly": 0.32,
            "eps_growth_yearly": 283.33
        },
        "20042": {
            "year_quarter": 20042,
            "year": 2004,
            "quarter": 2,
            "eps": 0.07,
            "eps_growth_year": 112.07,
            "eps_4q": 0.18,
            "eps_4q_growth_year": null,
            "roe": 8.3,
            "roe_4q": 19.71,
            "gross_profit": null,
            "gross_margin": null,
            "gross_margin_4q_avg": 0,
            "net_income": 65734,
            "revenue": 647275,
            "common_shares": 1000,
            "book_valuer_per_share": 0.3,
            "book_valuer_per_share_4q_avg": 0.24,
            "equity": 820928,
            "current_ratio": 151.3,
            "debt_ratio": 72.13,
            "inventory_turnover_ratio": null,
            "account_receivable_turnover_ratio": 1.51,
            "reinvestment_rate": null,
            "research_to_sale_ratio": null,
            "price_fair": 8.4,
            "eps_avg_yearly": 0.24,
            "eps_latest_yearly": 0.28,
            "eps_growth_yearly": 188.89
        },
        "20043": {
            "year_quarter": 20043,
            "year": 2004,
            "quarter": 3,
            "eps": 0.11,
            "eps_growth_year": 33.71,
            "eps_4q": 0.21,
            "eps_4q_growth_year": null,
            "roe": 11.16,
            "roe_4q": 20.12,
            "gross_profit": null,
            "gross_margin": null,
            "gross_margin_4q_avg": 0,
            "net_income": 97461,
            "revenue": 667841,
            "common_shares": 1000,
            "book_valuer_per_share": 0.41,
            "book_valuer_per_share_4q_avg": 0.28,
            "equity": 926136,
            "current_ratio": 156.32,
            "debt_ratio": 70.85,
            "inventory_turnover_ratio": null,
            "account_receivable_turnover_ratio": 1.44,
            "reinvestment_rate": null,
            "research_to_sale_ratio": null,
            "price_fair": 10.15,
            "eps_avg_yearly": 0.29,
            "eps_latest_yearly": 0.44,
            "eps_growth_yearly": 198.81
        },
        "20044": {
            "year_quarter": 20044,
            "year": 2004,
            "quarter": 4,
            "eps": 0,
            "eps_growth_year": null,
            "eps_4q": 0.25,
            "eps_4q_growth_year": 127.26,
            "roe": 0.12,
            "roe_4q": 29.65,
            "gross_profit": null,
            "gross_margin": null,
            "gross_margin_4q_avg": 0,
            "net_income": 1166,
            "revenue": 683904,
            "common_shares": 1000,
            "book_valuer_per_share": 0.43,
            "book_valuer_per_share_4q_avg": 0.35,
            "equity": 974952,
            "current_ratio": 146.22,
            "debt_ratio": 70.14,
            "inventory_turnover_ratio": null,
            "account_receivable_turnover_ratio": 1.37,
            "reinvestment_rate": null,
            "research_to_sale_ratio": null,
            "price_fair": 10.15,
            "eps_avg_yearly": 0.29,
            "eps_latest_yearly": 0.44,
            "eps_growth_yearly": 198.81
        },
        "20051": {
            "year_quarter": 20051,
            "year": 2005,
            "quarter": 1,
            "eps": 0.07,
            "eps_growth_year": -6.04,
            "eps_4q": 0.25,
            "eps_4q_growth_year": 69.58,
            "roe": 9.27,
            "roe_4q": 28.849999999999998,
            "gross_profit": null,
            "gross_margin": null,
            "gross_margin_4q_avg": 0,
            "net_income": 93294,
            "revenue": 658238,
            "common_shares": 1000,
            "book_valuer_per_share": 0.52,
            "book_valuer_per_share_4q_avg": 0.42,
            "equity": 1038127,
            "current_ratio": 155.6,
            "debt_ratio": 68.03,
            "inventory_turnover_ratio": null,
            "account_receivable_turnover_ratio": 1.2,
            "reinvestment_rate": null,
            "research_to_sale_ratio": null,
            "price_fair": 10.15,
            "eps_avg_yearly": 0.29,
            "eps_latest_yearly": 0.44,
            "eps_growth_yearly": 198.81
        },
        "20052": {
            "year_quarter": 20052,
            "year": 2005,
            "quarter": 2,
            "eps": 0.09,
            "eps_growth_year": 29.71,
            "eps_4q": 0.27,
            "eps_4q_growth_year": 47.12,
            "roe": 11.1,
            "roe_4q": 31.65,
            "gross_profit": null,
            "gross_margin": null,
            "gross_margin_4q_avg": 0,
            "net_income": 120248,
            "revenue": 771867,
            "common_shares": 1000,
            "book_valuer_per_share": 0.64,
            "book_valuer_per_share_4q_avg": 0.5,
            "equity": 1128528,
            "current_ratio": 166.89,
            "debt_ratio": 66.29,
            "inventory_turnover_ratio": null,
            "account_receivable_turnover_ratio": 1.39,
            "reinvestment_rate": null,
            "research_to_sale_ratio": null,
            "price_fair": 10.64,
            "eps_avg_yearly": 0.3,
            "eps_latest_yearly": 0.36,
            "eps_growth_yearly": 181.9
        },
        "20053": {
            "year_quarter": 20053,
            "year": 2005,
            "quarter": 3,
            "eps": 0.1,
            "eps_growth_year": -5.71,
            "eps_4q": 0.26,
            "eps_4q_growth_year": 25.24,
            "roe": 8.98,
            "roe_4q": 29.47,
            "gross_profit": null,
            "gross_margin": null,
            "gross_margin_4q_avg": 0,
            "net_income": 106085,
            "revenue": 791605,
            "common_shares": 1000,
            "book_valuer_per_share": 0.89,
            "book_valuer_per_share_4q_avg": 0.62,
            "equity": 1235425,
            "current_ratio": 157.37,
            "debt_ratio": 66.34,
            "inventory_turnover_ratio": null,
            "account_receivable_turnover_ratio": 1.46,
            "reinvestment_rate": null,
            "research_to_sale_ratio": null,
            "price_fair": 11.2,
            "eps_avg_yearly": 0.32,
            "eps_latest_yearly": 0.4,
            "eps_growth_yearly": 158.99
        },
        "20054": {
            "year_quarter": 20054,
            "year": 2005,
            "quarter": 4,
            "eps": -0.03,
            "eps_growth_year": -812.09,
            "eps_4q": 0.23,
            "eps_4q_growth_year": -7.81,
            "roe": -4.41,
            "roe_4q": 24.939999999999998,
            "gross_profit": null,
            "gross_margin": null,
            "gross_margin_4q_avg": 0,
            "net_income": -52992,
            "revenue": 715918,
            "common_shares": 14,
            "book_valuer_per_share": 0.52,
            "book_valuer_per_share_4q_avg": 0.64,
            "equity": 1169148,
            "current_ratio": 143.12,
            "debt_ratio": 68.41,
            "inventory_turnover_ratio": null,
            "account_receivable_turnover_ratio": 1.28,
            "reinvestment_rate": null,
            "research_to_sale_ratio": null,
            "price_fair": 11.2,
            "eps_avg_yearly": 0.32,
            "eps_latest_yearly": 0.4,
            "eps_growth_yearly": 158.99
        },
        "20061": {
            "year_quarter": 20061,
            "year": 2006,
            "quarter": 1,
            "eps": 0.09,
            "eps_growth_year": 35.85,
            "eps_4q": 0.26,
            "eps_4q_growth_year": 3.8,
            "roe": 10.23,
            "roe_4q": 25.9,
            "gross_profit": null,
            "gross_margin": null,
            "gross_margin_4q_avg": 0,
            "net_income": 126744,
            "revenue": 738453,
            "common_shares": 1000,
            "book_valuer_per_share": 0.84,
            "book_valuer_per_share_4q_avg": 0.72,
            "equity": 1307707,
            "current_ratio": 158.37,
            "debt_ratio": 64.76,
            "inventory_turnover_ratio": null,
            "account_receivable_turnover_ratio": 1.37,
            "reinvestment_rate": null,
            "research_to_sale_ratio": null,
            "price_fair": 11.2,
            "eps_avg_yearly": 0.32,
            "eps_latest_yearly": 0.4,
            "eps_growth_yearly": 158.99
        },
        "20062": {
            "year_quarter": 20062,
            "year": 2006,
            "quarter": 2,
            "eps": -0.22,
            "eps_growth_year": -345.61,
            "eps_4q": -0.05,
            "eps_4q_growth_year": -118.3,
            "roe": -18.13,
            "roe_4q": -3.3299999999999983,
            "gross_profit": null,
            "gross_margin": null,
            "gross_margin_4q_avg": 0,
            "net_income": -310460,
            "revenue": 846489,
            "common_shares": 14,
            "book_valuer_per_share": 1.21,
            "book_valuer_per_share_4q_avg": 0.87,
            "equity": 2117006,
            "current_ratio": 202.23,
            "debt_ratio": 54.39,
            "inventory_turnover_ratio": null,
            "account_receivable_turnover_ratio": 1.44,
            "reinvestment_rate": null,
            "research_to_sale_ratio": null,
            "price_fair": 11.2,
            "eps_avg_yearly": 0.32,
            "eps_latest_yearly": 0.4,
            "eps_growth_yearly": 158.99
        },
        "20063": {
            "year_quarter": 20063,
            "year": 2006,
            "quarter": 3,
            "eps": 0.14,
            "eps_growth_year": 40.14,
            "eps_4q": -0.01,
            "eps_4q_growth_year": -103.27,
            "roe": 8.7,
            "roe_4q": -3.6099999999999994,
            "gross_profit": null,
            "gross_margin": null,
            "gross_margin_4q_avg": 0,
            "net_income": 193004,
            "revenue": 901969,
            "common_shares": 14,
            "book_valuer_per_share": 1.36,
            "book_valuer_per_share_4q_avg": 0.98,
            "equity": 2320188,
            "current_ratio": 216.02,
            "debt_ratio": 52.38,
            "inventory_turnover_ratio": null,
            "account_receivable_turnover_ratio": 1.35,
            "reinvestment_rate": null,
            "research_to_sale_ratio": null,
            "price_fair": 11.2,
            "eps_avg_yearly": 0.32,
            "eps_latest_yearly": 0.4,
            "eps_growth_yearly": 158.99
        },
        "20064": {
            "year_quarter": 20064,
            "year": 2006,
            "quarter": 4,
            "eps": 0.03,
            "eps_growth_year": null,
            "eps_4q": 0.05,
            "eps_4q_growth_year": -79.41,
            "roe": 1.75,
            "roe_4q": 2.5500000000000007,
            "gross_profit": null,
            "gross_margin": null,
            "gross_margin_4q_avg": 0,
            "net_income": 40902,
            "revenue": 839163,
            "common_shares": 14,
            "book_valuer_per_share": 1.39,
            "book_valuer_per_share_4q_avg": 1.2,
            "equity": 2364359,
            "current_ratio": 197.46,
            "debt_ratio": 53.48,
            "inventory_turnover_ratio": null,
            "account_receivable_turnover_ratio": 1.16,
            "reinvestment_rate": 21.42,
            "research_to_sale_ratio": null,
            "price_fair": 10.2,
            "eps_avg_yearly": 0.29,
            "eps_latest_yearly": 0.12,
            "eps_growth_yearly": 91.38
        },
        "20071": {
            "year_quarter": 20071,
            "year": 2007,
            "quarter": 1,
            "eps": 0.16,
            "eps_growth_year": 67.54,
            "eps_4q": 0.11,
            "eps_4q_growth_year": -56.81,
            "roe": 8.66,
            "roe_4q": 0.9800000000000004,
            "gross_profit": null,
            "gross_margin": null,
            "gross_margin_4q_avg": 0,
            "net_income": 214906,
            "revenue": 915103,
            "common_shares": 14,
            "book_valuer_per_share": 1.55,
            "book_valuer_per_share_4q_avg": 1.38,
            "equity": 2601246,
            "current_ratio": 223.89,
            "debt_ratio": 50.04,
            "inventory_turnover_ratio": null,
            "account_receivable_turnover_ratio": 1.23,
            "reinvestment_rate": 0.32,
            "research_to_sale_ratio": null,
            "price_fair": 11.73,
            "eps_avg_yearly": 0.34,
            "eps_latest_yearly": 0.64,
            "eps_growth_yearly": 296.63
        },
        "20072": {
            "year_quarter": 20072,
            "year": 2007,
            "quarter": 2,
            "eps": 0.19,
            "eps_growth_year": null,
            "eps_4q": 0.52,
            "eps_4q_growth_year": null,
            "roe": 9.25,
            "roe_4q": 28.36,
            "gross_profit": null,
            "gross_margin": null,
            "gross_margin_4q_avg": 0,
            "net_income": 252286,
            "revenue": 996959,
            "common_shares": 14,
            "book_valuer_per_share": 1.73,
            "book_valuer_per_share_4q_avg": 1.51,
            "equity": 2853996,
            "current_ratio": 218.24,
            "debt_ratio": 49.1,
            "inventory_turnover_ratio": null,
            "account_receivable_turnover_ratio": 1.34,
            "reinvestment_rate": 1.96,
            "research_to_sale_ratio": null,
            "price_fair": 14.53,
            "eps_avg_yearly": 0.42,
            "eps_latest_yearly": 0.76,
            "eps_growth_yearly": 318.5
        },
        "20073": {
            "year_quarter": 20073,
            "year": 2007,
            "quarter": 3,
            "eps": 0.23,
            "eps_growth_year": 62.81,
            "eps_4q": 0.61,
            "eps_4q_growth_year": null,
            "roe": 10.44,
            "roe_4q": 30.099999999999998,
            "gross_profit": null,
            "gross_margin": null,
            "gross_margin_4q_avg": 0,
            "net_income": 314461,
            "revenue": 1082850,
            "common_shares": 14,
            "book_valuer_per_share": 1.98,
            "book_valuer_per_share_4q_avg": 1.66,
            "equity": 3172718,
            "current_ratio": 224.43,
            "debt_ratio": 48.28,
            "inventory_turnover_ratio": null,
            "account_receivable_turnover_ratio": 1.32,
            "reinvestment_rate": 1.43,
            "research_to_sale_ratio": null,
            "price_fair": 17.15,
            "eps_avg_yearly": 0.49,
            "eps_latest_yearly": 0.92,
            "eps_growth_yearly": 245.69
        },
        "20074": {
            "year_quarter": 20074,
            "year": 2007,
            "quarter": 4,
            "eps": 0.23,
            "eps_growth_year": 636.8,
            "eps_4q": 0.8,
            "eps_4q_growth_year": 1566.87,
            "roe": 9.81,
            "roe_4q": 38.16,
            "gross_profit": null,
            "gross_margin": null,
            "gross_margin_4q_avg": 0,
            "net_income": 304233,
            "revenue": 1072687,
            "common_shares": 14,
            "book_valuer_per_share": 1.88,
            "book_valuer_per_share_4q_avg": 1.79,
            "equity": 3027307,
            "current_ratio": 194.29,
            "debt_ratio": 51.64,
            "inventory_turnover_ratio": null,
            "account_receivable_turnover_ratio": 1.01,
            "reinvestment_rate": 2.56,
            "research_to_sale_ratio": null,
            "price_fair": 18.82,
            "eps_avg_yearly": 0.54,
            "eps_latest_yearly": 0.92,
            "eps_growth_yearly": 218.4
        },
        "20081": {
            "year_quarter": 20081,
            "year": 2008,
            "quarter": 1,
            "eps": 0.34,
            "eps_growth_year": 113.91,
            "eps_4q": 0.98,
            "eps_4q_growth_year": 779.15,
            "roe": 14.45,
            "roe_4q": 43.949999999999996,
            "gross_profit": null,
            "gross_margin": null,
            "gross_margin_4q_avg": 0,
            "net_income": 446878,
            "revenue": 1182084,
            "common_shares": 14,
            "book_valuer_per_share": 1.96,
            "book_valuer_per_share_4q_avg": 1.89,
            "equity": 3157939,
            "current_ratio": 187.06,
            "debt_ratio": 50.85,
            "inventory_turnover_ratio": null,
            "account_receivable_turnover_ratio": 0.93,
            "reinvestment_rate": 14.33,
            "research_to_sale_ratio": null,
            "price_fair": 21.7,
            "eps_avg_yearly": 0.62,
            "eps_latest_yearly": 1.36,
            "eps_growth_yearly": 215.69
        },
        "20082": {
            "year_quarter": 20082,
            "year": 2008,
            "quarter": 2,
            "eps": 0.25,
            "eps_growth_year": 36.79,
            "eps_4q": 1.05,
            "eps_4q_growth_year": 103.16,
            "roe": -28.68,
            "roe_4q": 6.02,
            "gross_profit": null,
            "gross_margin": null,
            "gross_margin_4q_avg": 0,
            "net_income": -746653,
            "revenue": 1246504,
            "common_shares": 14,
            "book_valuer_per_share": 1.09,
            "book_valuer_per_share_4q_avg": 1.73,
            "equity": 2048087,
            "current_ratio": 157.1,
            "debt_ratio": 70.15,
            "inventory_turnover_ratio": null,
            "account_receivable_turnover_ratio": 0.95,
            "reinvestment_rate": 23.76,
            "research_to_sale_ratio": null,
            "price_fair": 24.22,
            "eps_avg_yearly": 0.69,
            "eps_latest_yearly": 1,
            "eps_growth_yearly": 205.1
        },
        "20083": {
            "year_quarter": 20083,
            "year": 2008,
            "quarter": 3,
            "eps": 0.27,
            "eps_growth_year": 15.61,
            "eps_4q": 1.08,
            "eps_4q_growth_year": 79.22,
            "roe": -10.15,
            "roe_4q": -14.569999999999999,
            "gross_profit": null,
            "gross_margin": null,
            "gross_margin_4q_avg": 0,
            "net_income": -193582,
            "revenue": 1338178,
            "common_shares": 14,
            "book_valuer_per_share": 0.89,
            "book_valuer_per_share_4q_avg": 1.46,
            "equity": 1765131,
            "current_ratio": 133.42,
            "debt_ratio": 75.73,
            "inventory_turnover_ratio": null,
            "account_receivable_turnover_ratio": 0.95,
            "reinvestment_rate": 13.03,
            "research_to_sale_ratio": null,
            "price_fair": 26.46,
            "eps_avg_yearly": 0.76,
            "eps_latest_yearly": 1.08,
            "eps_growth_yearly": 185.44
        },
        "20084": {
            "year_quarter": 20084,
            "year": 2008,
            "quarter": 4,
            "eps": 0.18,
            "eps_growth_year": -19.3,
            "eps_4q": 1.04,
            "eps_4q_growth_year": 29.99,
            "roe": 12.97,
            "roe_4q": -11.41,
            "gross_profit": null,
            "gross_margin": null,
            "gross_margin_4q_avg": 0,
            "net_income": 239442,
            "revenue": 1224834,
            "common_shares": 14,
            "book_valuer_per_share": 0.96,
            "book_valuer_per_share_4q_avg": 1.23,
            "equity": 1927355,
            "current_ratio": 144.18,
            "debt_ratio": 70.24,
            "inventory_turnover_ratio": null,
            "account_receivable_turnover_ratio": 0.86,
            "reinvestment_rate": 9.36,
            "research_to_sale_ratio": null,
            "price_fair": 26.35,
            "eps_avg_yearly": 0.75,
            "eps_latest_yearly": 0.72,
            "eps_growth_yearly": 156.46
        },
        "20091": {
            "year_quarter": 20091,
            "year": 2009,
            "quarter": 1,
            "eps": 0.28,
            "eps_growth_year": -16.66,
            "eps_4q": 0.98,
            "eps_4q_growth_year": 0.49,
            "roe": 17.7,
            "roe_4q": -8.159999999999997,
            "gross_profit": null,
            "gross_margin": null,
            "gross_margin_4q_avg": 0,
            "net_income": 367210,
            "revenue": 1156102,
            "common_shares": 14,
            "book_valuer_per_share": 1.21,
            "book_valuer_per_share_4q_avg": 1.04,
            "equity": 2221362,
            "current_ratio": 149.27,
            "debt_ratio": 65.37,
            "inventory_turnover_ratio": null,
            "account_receivable_turnover_ratio": 0.95,
            "reinvestment_rate": 18.05,
            "research_to_sale_ratio": null,
            "price_fair": 27.42,
            "eps_avg_yearly": 0.78,
            "eps_latest_yearly": 1.12,
            "eps_growth_yearly": 161.94
        },
        "20092": {
            "year_quarter": 20092,
            "year": 2009,
            "quarter": 2,
            "eps": 0.27,
            "eps_growth_year": 4.8,
            "eps_4q": 1,
            "eps_4q_growth_year": -4.91,
            "roe": 14.28,
            "roe_4q": 34.8,
            "gross_profit": null,
            "gross_margin": null,
            "gross_margin_4q_avg": 0,
            "net_income": 349000,
            "revenue": 1280000,
            "common_shares": 14,
            "book_valuer_per_share": 1.52,
            "book_valuer_per_share_4q_avg": 1.15,
            "equity": 2666269,
            "current_ratio": 157.3,
            "debt_ratio": 61.82,
            "inventory_turnover_ratio": null,
            "account_receivable_turnover_ratio": 1.13,
            "reinvestment_rate": 15.65,
            "research_to_sale_ratio": null,
            "price_fair": 29.52,
            "eps_avg_yearly": 0.84,
            "eps_latest_yearly": 1.08,
            "eps_growth_yearly": 151.23
        },
        "20093": {
            "year_quarter": 20093,
            "year": 2009,
            "quarter": 3,
            "eps": 0.35,
            "eps_growth_year": 30.48,
            "eps_4q": 1.08,
            "eps_4q_growth_year": -0.57,
            "roe": 15.37,
            "roe_4q": 60.31999999999999,
            "gross_profit": null,
            "gross_margin": null,
            "gross_margin_4q_avg": 0,
            "net_income": 452140,
            "revenue": 1364275,
            "common_shares": 14,
            "book_valuer_per_share": 1.92,
            "book_valuer_per_share_4q_avg": 1.4,
            "equity": 3217523,
            "current_ratio": 170.27,
            "debt_ratio": 53.63,
            "inventory_turnover_ratio": null,
            "account_receivable_turnover_ratio": 1.3,
            "reinvestment_rate": 12.95,
            "research_to_sale_ratio": null,
            "price_fair": 32.43,
            "eps_avg_yearly": 0.93,
            "eps_latest_yearly": 1.4,
            "eps_growth_yearly": 157.4
        },
        "20094": {
            "year_quarter": 20094,
            "year": 2009,
            "quarter": 4,
            "eps": 0.22,
            "eps_growth_year": 22.73,
            "eps_4q": 1.12,
            "eps_4q_growth_year": 7.59,
            "roe": 8.76,
            "roe_4q": 56.11,
            "gross_profit": null,
            "gross_margin": null,
            "gross_margin_4q_avg": 0,
            "net_income": 294395,
            "revenue": 1298418,
            "common_shares": 14,
            "book_valuer_per_share": 2.14,
            "book_valuer_per_share_4q_avg": 1.7,
            "equity": 3503760,
            "current_ratio": 157.97,
            "debt_ratio": 53.1,
            "inventory_turnover_ratio": null,
            "account_receivable_turnover_ratio": 1.35,
            "reinvestment_rate": 23.28,
            "research_to_sale_ratio": null,
            "price_fair": 32.31,
            "eps_avg_yearly": 0.92,
            "eps_latest_yearly": 0.88,
            "eps_growth_yearly": 133.86
        },
        "20101": {
            "year_quarter": 20101,
            "year": 2010,
            "quarter": 1,
            "eps": 0.35,
            "eps_growth_year": 23.29,
            "eps_4q": 1.18,
            "eps_4q_growth_year": 20.35,
            "roe": 12.42,
            "roe_4q": 50.83,
            "gross_profit": null,
            "gross_margin": null,
            "gross_margin_4q_avg": 0,
            "net_income": 455000,
            "revenue": 1308000,
            "common_shares": 0,
            "book_valuer_per_share": 2.39,
            "book_valuer_per_share_4q_avg": 1.99,
            "equity": 3824000,
            "current_ratio": 180.94,
            "debt_ratio": 47.52,
            "inventory_turnover_ratio": null,
            "account_receivable_turnover_ratio": 1.37,
            "reinvestment_rate": 13.85,
            "research_to_sale_ratio": null,
            "price_fair": 33.5,
            "eps_avg_yearly": 0.96,
            "eps_latest_yearly": 1.4,
            "eps_growth_yearly": 141.19
        },
        "20102": {
            "year_quarter": 20102,
            "year": 2010,
            "quarter": 2,
            "eps": 0.35,
            "eps_growth_year": 30.69,
            "eps_4q": 1.27,
            "eps_4q_growth_year": 27.09,
            "roe": 11.54,
            "roe_4q": 48.089999999999996,
            "gross_profit": null,
            "gross_margin": null,
            "gross_margin_4q_avg": 0,
            "net_income": 458000,
            "revenue": 1365000,
            "common_shares": 0,
            "book_valuer_per_share": 2.64,
            "book_valuer_per_share_4q_avg": 2.27,
            "equity": 4117000,
            "current_ratio": 196.7,
            "debt_ratio": 44.6,
            "inventory_turnover_ratio": null,
            "account_receivable_turnover_ratio": 1.48,
            "reinvestment_rate": 4.97,
            "research_to_sale_ratio": null,
            "price_fair": 34.53,
            "eps_avg_yearly": 0.99,
            "eps_latest_yearly": 1.4,
            "eps_growth_yearly": 131.77
        },
        "20103": {
            "year_quarter": 20103,
            "year": 2010,
            "quarter": 3,
            "eps": 0.39,
            "eps_growth_year": 13.15,
            "eps_4q": 1.31,
            "eps_4q_growth_year": 21.75,
            "roe": 11.59,
            "roe_4q": 44.309999999999995,
            "gross_profit": null,
            "gross_margin": null,
            "gross_margin_4q_avg": 0,
            "net_income": 519000,
            "revenue": 1428000,
            "common_shares": 0,
            "book_valuer_per_share": 3.16,
            "book_valuer_per_share_4q_avg": 2.58,
            "equity": 4842000,
            "current_ratio": 220.09,
            "debt_ratio": 40.71,
            "inventory_turnover_ratio": null,
            "account_receivable_turnover_ratio": 1.5,
            "reinvestment_rate": 3.74,
            "research_to_sale_ratio": null,
            "price_fair": 35.79,
            "eps_avg_yearly": 1.02,
            "eps_latest_yearly": 1.56,
            "eps_growth_yearly": 126.39
        },
        "20104": {
            "year_quarter": 20104,
            "year": 2010,
            "quarter": 4,
            "eps": 0.32,
            "eps_growth_year": 41.99,
            "eps_4q": 1.41,
            "eps_4q_growth_year": 25.64,
            "roe": 8.26,
            "roe_4q": 43.81,
            "gross_profit": null,
            "gross_margin": null,
            "gross_margin_4q_avg": 0,
            "net_income": 415000,
            "revenue": 1438000,
            "common_shares": 0,
            "book_valuer_per_share": 3.05,
            "book_valuer_per_share_4q_avg": 2.81,
            "equity": 5205000,
            "current_ratio": 205.35,
            "debt_ratio": 41.1,
            "inventory_turnover_ratio": null,
            "account_receivable_turnover_ratio": 1.35,
            "reinvestment_rate": 3.14,
            "research_to_sale_ratio": null,
            "price_fair": 38.33,
            "eps_avg_yearly": 1.1,
            "eps_latest_yearly": 1.28,
            "eps_growth_yearly": 141.55
        },
        "20111": {
            "year_quarter": 20111,
            "year": 2011,
            "quarter": 1,
            "eps": 0.43,
            "eps_growth_year": 23.84,
            "eps_4q": 1.49,
            "eps_4q_growth_year": 25.67,
            "roe": 10.81,
            "roe_4q": 42.2,
            "gross_profit": null,
            "gross_margin": null,
            "gross_margin_4q_avg": 0,
            "net_income": 562000,
            "revenue": 1501000,
            "common_shares": 0,
            "book_valuer_per_share": 3.07,
            "book_valuer_per_share_4q_avg": 2.98,
            "equity": 5191000,
            "current_ratio": 217.59,
            "debt_ratio": 38.94,
            "inventory_turnover_ratio": null,
            "account_receivable_turnover_ratio": 1.38,
            "reinvestment_rate": 2.27,
            "research_to_sale_ratio": null,
            "price_fair": 40.69,
            "eps_avg_yearly": 1.16,
            "eps_latest_yearly": 1.72,
            "eps_growth_yearly": 41.81
        },
        "20112": {
            "year_quarter": 20112,
            "year": 2011,
            "quarter": 2,
            "eps": 0.47,
            "eps_growth_year": 36.16,
            "eps_4q": 1.62,
            "eps_4q_growth_year": 27.5,
            "roe": 11.41,
            "roe_4q": 42.06999999999999,
            "gross_profit": null,
            "gross_margin": null,
            "gross_margin_4q_avg": 0,
            "net_income": 608000,
            "revenue": 1667000,
            "common_shares": 0,
            "book_valuer_per_share": 2.91,
            "book_valuer_per_share_4q_avg": 3.05,
            "equity": 5470000,
            "current_ratio": 202.8,
            "debt_ratio": 39.39,
            "inventory_turnover_ratio": null,
            "account_receivable_turnover_ratio": 1.49,
            "reinvestment_rate": 2.03,
            "research_to_sale_ratio": null,
            "price_fair": 43.14,
            "eps_avg_yearly": 1.23,
            "eps_latest_yearly": 1.88,
            "eps_growth_yearly": 39.45
        },
        "20113": {
            "year_quarter": 20113,
            "year": 2011,
            "quarter": 3,
            "eps": 0.56,
            "eps_growth_year": 43.29,
            "eps_4q": 1.79,
            "eps_4q_growth_year": 36.05,
            "roe": 12.52,
            "roe_4q": 43,
            "gross_profit": null,
            "gross_margin": null,
            "gross_margin_4q_avg": 0,
            "net_income": 716000,
            "revenue": 1818000,
            "common_shares": 0,
            "book_valuer_per_share": 3.36,
            "book_valuer_per_share_4q_avg": 3.1,
            "equity": 5972000,
            "current_ratio": 217.49,
            "debt_ratio": 38.27,
            "inventory_turnover_ratio": null,
            "account_receivable_turnover_ratio": 1.47,
            "reinvestment_rate": 1.55,
            "research_to_sale_ratio": null,
            "price_fair": 46.03,
            "eps_avg_yearly": 1.32,
            "eps_latest_yearly": 2.24,
            "eps_growth_yearly": 38.97
        },
        "20114": {
            "year_quarter": 20114,
            "year": 2011,
            "quarter": 4,
            "eps": 0.41,
            "eps_growth_year": 28.8,
            "eps_4q": 1.88,
            "eps_4q_growth_year": 33.46,
            "roe": 0.3,
            "roe_4q": 35.04,
            "gross_profit": null,
            "gross_margin": null,
            "gross_margin_4q_avg": 0,
            "net_income": 18000,
            "revenue": 1728000,
            "common_shares": 0,
            "book_valuer_per_share": 3.3,
            "book_valuer_per_share_4q_avg": 3.16,
            "equity": 5868000,
            "current_ratio": 183.57,
            "debt_ratio": 45.12,
            "inventory_turnover_ratio": null,
            "account_receivable_turnover_ratio": 1.27,
            "reinvestment_rate": -0.13,
            "research_to_sale_ratio": null,
            "price_fair": 47.6,
            "eps_avg_yearly": 1.36,
            "eps_latest_yearly": 1.64,
            "eps_growth_yearly": 32.28
        },
        "20121": {
            "year_quarter": 20121,
            "year": 2012,
            "quarter": 1,
            "eps": 0.54,
            "eps_growth_year": 25.4,
            "eps_4q": 1.99,
            "eps_4q_growth_year": 33.38,
            "roe": 11.14,
            "roe_4q": 35.370000000000005,
            "gross_profit": null,
            "gross_margin": null,
            "gross_margin_4q_avg": 0,
            "net_income": 682000,
            "revenue": 1758000,
            "common_shares": 0,
            "book_valuer_per_share": 3.67,
            "book_valuer_per_share_4q_avg": 3.31,
            "equity": 6371000,
            "current_ratio": 198.26,
            "debt_ratio": 42.76,
            "inventory_turnover_ratio": null,
            "account_receivable_turnover_ratio": 1.21,
            "reinvestment_rate": -0.6,
            "research_to_sale_ratio": null,
            "price_fair": 49.35,
            "eps_avg_yearly": 1.41,
            "eps_latest_yearly": 2.16,
            "eps_growth_yearly": 28.25
        },
        "20122": {
            "year_quarter": 20122,
            "year": 2012,
            "quarter": 2,
            "eps": 0.57,
            "eps_growth_year": 19.36,
            "eps_4q": 2.08,
            "eps_4q_growth_year": 28.66,
            "roe": 11.08,
            "roe_4q": 35.04,
            "gross_profit": null,
            "gross_margin": null,
            "gross_margin_4q_avg": 0,
            "net_income": 700000,
            "revenue": 1820000,
            "common_shares": 0,
            "book_valuer_per_share": 3.68,
            "book_valuer_per_share_4q_avg": 3.5,
            "equity": 6265000,
            "current_ratio": 192.31,
            "debt_ratio": 44.26,
            "inventory_turnover_ratio": null,
            "account_receivable_turnover_ratio": 1.15,
            "reinvestment_rate": 1.62,
            "research_to_sale_ratio": null,
            "price_fair": 52.15,
            "eps_avg_yearly": 1.49,
            "eps_latest_yearly": 2.28,
            "eps_growth_yearly": 36.25
        },
        "20123": {
            "year_quarter": 20123,
            "year": 2012,
            "quarter": 3,
            "eps": 0.62,
            "eps_growth_year": 9.39,
            "eps_4q": 2.13,
            "eps_4q_growth_year": 19.34,
            "roe": 11.72,
            "roe_4q": 34.239999999999995,
            "gross_profit": null,
            "gross_margin": null,
            "gross_margin_4q_avg": 0,
            "net_income": 772000,
            "revenue": 1918000,
            "common_shares": 0,
            "book_valuer_per_share": 4.14,
            "book_valuer_per_share_4q_avg": 3.7,
            "equity": 6912000,
            "current_ratio": 199.47,
            "debt_ratio": 42.97,
            "inventory_turnover_ratio": null,
            "account_receivable_turnover_ratio": 1.11,
            "reinvestment_rate": 1.75,
            "research_to_sale_ratio": null,
            "price_fair": 55.21,
            "eps_avg_yearly": 1.58,
            "eps_latest_yearly": 2.48,
            "eps_growth_yearly": 36.45
        },
        "20124": {
            "year_quarter": 20124,
            "year": 2012,
            "quarter": 4,
            "eps": 0.48,
            "eps_growth_year": 17.91,
            "eps_4q": 2.2,
            "eps_4q_growth_year": 17.42,
            "roe": 8.76,
            "roe_4q": 42.7,
            "gross_profit": null,
            "gross_margin": null,
            "gross_margin_4q_avg": 0,
            "net_income": 606000,
            "revenue": 1895000,
            "common_shares": 0,
            "book_valuer_per_share": 4.18,
            "book_valuer_per_share_4q_avg": 3.92,
            "equity": 6917000,
            "current_ratio": 190.73,
            "debt_ratio": 44.5,
            "inventory_turnover_ratio": null,
            "account_receivable_turnover_ratio": 0.95,
            "reinvestment_rate": 0.89,
            "research_to_sale_ratio": null,
            "price_fair": 57.84,
            "eps_avg_yearly": 1.65,
            "eps_latest_yearly": 1.92,
            "eps_growth_yearly": 39.13
        },
        "20131": {
            "year_quarter": 20131,
            "year": 2013,
            "quarter": 1,
            "eps": 0.62,
            "eps_growth_year": 15.97,
            "eps_4q": 2.29,
            "eps_4q_growth_year": 15.31,
            "roe": 11.22,
            "roe_4q": 42.78,
            "gross_profit": null,
            "gross_margin": null,
            "gross_margin_4q_avg": 0,
            "net_income": 766000,
            "revenue": 1906000,
            "common_shares": 0,
            "book_valuer_per_share": 3.81,
            "book_valuer_per_share_4q_avg": 3.95,
            "equity": 6743000,
            "current_ratio": 198.98,
            "debt_ratio": 42.9,
            "inventory_turnover_ratio": null,
            "account_receivable_turnover_ratio": 1,
            "reinvestment_rate": 0.74,
            "research_to_sale_ratio": null,
            "price_fair": 60.81,
            "eps_avg_yearly": 1.74,
            "eps_latest_yearly": 2.48,
            "eps_growth_yearly": 32.54
        },
        "20132": {
            "year_quarter": 20132,
            "year": 2013,
            "quarter": 2,
            "eps": 0.7,
            "eps_growth_year": 22.59,
            "eps_4q": 2.42,
            "eps_4q_growth_year": 16.37,
            "roe": 12.32,
            "roe_4q": 44.019999999999996,
            "gross_profit": null,
            "gross_margin": null,
            "gross_margin_4q_avg": 0,
            "net_income": 848000,
            "revenue": 2096000,
            "common_shares": 0,
            "book_valuer_per_share": 4.07,
            "book_valuer_per_share_4q_avg": 4.05,
            "equity": 7018000,
            "current_ratio": 207.12,
            "debt_ratio": 41.62,
            "inventory_turnover_ratio": null,
            "account_receivable_turnover_ratio": 1.29,
            "reinvestment_rate": 0.59,
            "research_to_sale_ratio": null,
            "price_fair": 64.58,
            "eps_avg_yearly": 1.85,
            "eps_latest_yearly": 2.8,
            "eps_growth_yearly": 36.66
        },
        "20133": {
            "year_quarter": 20133,
            "year": 2013,
            "quarter": 3,
            "eps": 0.73,
            "eps_growth_year": 17.62,
            "eps_4q": 2.53,
            "eps_4q_growth_year": 18.58,
            "roe": 11.98,
            "roe_4q": 44.28,
            "gross_profit": null,
            "gross_margin": null,
            "gross_margin_4q_avg": 0,
            "net_income": 879000,
            "revenue": 2218000,
            "common_shares": 0,
            "book_valuer_per_share": 4.51,
            "book_valuer_per_share_4q_avg": 4.14,
            "equity": 7657000,
            "current_ratio": 194.82,
            "debt_ratio": 44.23,
            "inventory_turnover_ratio": null,
            "account_receivable_turnover_ratio": 1.12,
            "reinvestment_rate": -2.62,
            "research_to_sale_ratio": null,
            "price_fair": 67.9,
            "eps_avg_yearly": 1.94,
            "eps_latest_yearly": 2.92,
            "eps_growth_yearly": 30.32
        },
        "20134": {
            "year_quarter": 20134,
            "year": 2013,
            "quarter": 4,
            "eps": 0.57,
            "eps_growth_year": 17.27,
            "eps_4q": 2.61,
            "eps_4q_growth_year": 18.42,
            "roe": 8.23,
            "roe_4q": 43.75,
            "gross_profit": null,
            "gross_margin": null,
            "gross_margin_4q_avg": 0,
            "net_income": 623000,
            "revenue": 2126000,
            "common_shares": 0,
            "book_valuer_per_share": 4.76,
            "book_valuer_per_share_4q_avg": 4.29,
            "equity": 7484000,
            "current_ratio": 181.53,
            "debt_ratio": 47.45,
            "inventory_turnover_ratio": null,
            "account_receivable_turnover_ratio": 0.91,
            "reinvestment_rate": -0.27,
            "research_to_sale_ratio": null,
            "price_fair": 70.96,
            "eps_avg_yearly": 2.03,
            "eps_latest_yearly": 2.28,
            "eps_growth_yearly": 34.13
        },
        "20141": {
            "year_quarter": 20141,
            "year": 2014,
            "quarter": 1,
            "eps": 0.73,
            "eps_growth_year": 17.49,
            "eps_4q": 2.72,
            "eps_4q_growth_year": 18.74,
            "roe": 12.38,
            "roe_4q": 44.910000000000004,
            "gross_profit": null,
            "gross_margin": null,
            "gross_margin_4q_avg": 0,
            "net_income": 870000,
            "revenue": 2177000,
            "common_shares": 0,
            "book_valuer_per_share": 3.88,
            "book_valuer_per_share_4q_avg": 4.31,
            "equity": 6567000,
            "current_ratio": 189.22,
            "debt_ratio": 55.63,
            "inventory_turnover_ratio": null,
            "account_receivable_turnover_ratio": 0.91,
            "reinvestment_rate": 0.96,
            "research_to_sale_ratio": null,
            "price_fair": 74.29,
            "eps_avg_yearly": 2.12,
            "eps_latest_yearly": 2.92,
            "eps_growth_yearly": 26.37
        },
        "20142": {
            "year_quarter": 20142,
            "year": 2014,
            "quarter": 2,
            "eps": 0.8,
            "eps_growth_year": 14.58,
            "eps_4q": 2.82,
            "eps_4q_growth_year": 16.64,
            "roe": 14.51,
            "roe_4q": 47.10000000000001,
            "gross_profit": null,
            "gross_margin": null,
            "gross_margin_4q_avg": 0,
            "net_income": 931000,
            "revenue": 2368000,
            "common_shares": 0,
            "book_valuer_per_share": 3.43,
            "book_valuer_per_share_4q_avg": 4.15,
            "equity": 6266000,
            "current_ratio": 182.68,
            "debt_ratio": 56.41,
            "inventory_turnover_ratio": null,
            "account_receivable_turnover_ratio": 0.96,
            "reinvestment_rate": 1.1,
            "research_to_sale_ratio": null,
            "price_fair": 78.23,
            "eps_avg_yearly": 2.24,
            "eps_latest_yearly": 3.2,
            "eps_growth_yearly": 28.77
        },
        "20143": {
            "year_quarter": 20143,
            "year": 2014,
            "quarter": 3,
            "eps": 0.87,
            "eps_growth_year": 20.45,
            "eps_4q": 2.97,
            "eps_4q_growth_year": 17.5,
            "roe": 15.9,
            "roe_4q": 51.019999999999996,
            "gross_profit": null,
            "gross_margin": null,
            "gross_margin_4q_avg": 0,
            "net_income": 1015000,
            "revenue": 2490000,
            "common_shares": 0,
            "book_valuer_per_share": 3.76,
            "book_valuer_per_share_4q_avg": 3.96,
            "equity": 6501000,
            "current_ratio": 187.31,
            "debt_ratio": 55.65,
            "inventory_turnover_ratio": null,
            "account_receivable_turnover_ratio": 1.05,
            "reinvestment_rate": 1.23,
            "research_to_sale_ratio": null,
            "price_fair": 82.43,
            "eps_avg_yearly": 2.36,
            "eps_latest_yearly": 3.48,
            "eps_growth_yearly": 28.1
        },
        "20144": {
            "year_quarter": 20144,
            "year": 2014,
            "quarter": 4,
            "eps": 0.69,
            "eps_growth_year": 21.85,
            "eps_4q": 3.09,
            "eps_4q_growth_year": 18.48,
            "roe": 12.05,
            "roe_4q": 54.84,
            "gross_profit": null,
            "gross_margin": null,
            "gross_margin_4q_avg": 0,
            "net_income": 801000,
            "revenue": 2411000,
            "common_shares": 0,
            "book_valuer_per_share": 3.95,
            "book_valuer_per_share_4q_avg": 3.76,
            "equity": 6790000,
            "current_ratio": 176.74,
            "debt_ratio": 55.7,
            "inventory_turnover_ratio": null,
            "account_receivable_turnover_ratio": 1.09,
            "reinvestment_rate": 2.59,
            "research_to_sale_ratio": null,
            "price_fair": 85.66,
            "eps_avg_yearly": 2.45,
            "eps_latest_yearly": 2.76,
            "eps_growth_yearly": 27.41
        },
        "20151": {
            "year_quarter": 20151,
            "year": 2015,
            "quarter": 1,
            "eps": 0.89,
            "eps_growth_year": 21.01,
            "eps_4q": 3.25,
            "eps_4q_growth_year": 19.39,
            "roe": 15.58,
            "roe_4q": 58.04,
            "gross_profit": null,
            "gross_margin": null,
            "gross_margin_4q_avg": 0,
            "net_income": 1020000,
            "revenue": 2230000,
            "common_shares": 0,
            "book_valuer_per_share": 3.66,
            "book_valuer_per_share_4q_avg": 3.7,
            "equity": 6301000,
            "current_ratio": 174.3,
            "debt_ratio": 56.94,
            "inventory_turnover_ratio": null,
            "account_receivable_turnover_ratio": 1.04,
            "reinvestment_rate": 2.3,
            "research_to_sale_ratio": null,
            "price_fair": 89.69,
            "eps_avg_yearly": 2.56,
            "eps_latest_yearly": 3.56,
            "eps_growth_yearly": 26.07
        },
        "20152": {
            "year_quarter": 20152,
            "year": 2015,
            "quarter": 2,
            "eps": 0.85,
            "eps_growth_year": 6.34,
            "eps_4q": 3.3,
            "eps_4q_growth_year": 16.89,
            "roe": 14.5,
            "roe_4q": 58.029999999999994,
            "gross_profit": null,
            "gross_margin": null,
            "gross_margin_4q_avg": 0,
            "net_income": 921000,
            "revenue": 2390000,
            "common_shares": 0,
            "book_valuer_per_share": 3.18,
            "book_valuer_per_share_4q_avg": 3.64,
            "equity": 6404000,
            "current_ratio": 157.77,
            "debt_ratio": 58.07,
            "inventory_turnover_ratio": null,
            "account_receivable_turnover_ratio": 1.05,
            "reinvestment_rate": 2.47,
            "research_to_sale_ratio": null,
            "price_fair": 86.68,
            "eps_avg_yearly": 2.66,
            "eps_latest_yearly": 3.4,
            "eps_growth_yearly": 22.62
        },
        "20153": {
            "year_quarter": 20153,
            "year": 2015,
            "quarter": 3,
            "eps": 0.86,
            "eps_growth_year": -1.45,
            "eps_4q": 3.28,
            "eps_4q_growth_year": 10.62,
            "roe": 15.42,
            "roe_4q": 57.55,
            "gross_profit": null,
            "gross_margin": null,
            "gross_margin_4q_avg": 0,
            "net_income": 977000,
            "revenue": 2530000,
            "common_shares": 0,
            "book_valuer_per_share": 3.15,
            "book_valuer_per_share_4q_avg": 3.49,
            "equity": 6267000,
            "current_ratio": 161.96,
            "debt_ratio": 57.18,
            "inventory_turnover_ratio": null,
            "account_receivable_turnover_ratio": 1.15,
            "reinvestment_rate": 1.29,
            "research_to_sale_ratio": null,
            "price_fair": 76.85,
            "eps_avg_yearly": 2.73,
            "eps_latest_yearly": 3.44,
            "eps_growth_yearly": 18.12
        },
        "20154": {
            "year_quarter": 20154,
            "year": 2015,
            "quarter": 4,
            "eps": 0.79,
            "eps_growth_year": 13.96,
            "eps_4q": 3.38,
            "eps_4q_growth_year": 9.31,
            "roe": 14.48,
            "roe_4q": 59.98,
            "gross_profit": null,
            "gross_margin": null,
            "gross_margin_4q_avg": 0,
            "net_income": 890000,
            "revenue": 2517000,
            "common_shares": 0,
            "book_valuer_per_share": 2.99,
            "book_valuer_per_share_4q_avg": 3.25,
            "equity": 6028000,
            "current_ratio": 175.21,
            "debt_ratio": 62.9,
            "inventory_turnover_ratio": null,
            "account_receivable_turnover_ratio": 1.22,
            "reinvestment_rate": 1.2,
            "research_to_sale_ratio": null,
            "price_fair": 92.7,
            "eps_avg_yearly": 2.83,
            "eps_latest_yearly": 3.16,
            "eps_growth_yearly": 22.78
        },
        "20161": {
            "year_quarter": 20161,
            "year": 2016,
            "quarter": 1,
            "eps": 0.86,
            "eps_growth_year": -2.6,
            "eps_4q": 3.36,
            "eps_4q_growth_year": 3.42,
            "roe": 16.67,
            "roe_4q": 61.07,
            "gross_profit": null,
            "gross_margin": null,
            "gross_margin_4q_avg": 0,
            "net_income": 959000,
            "revenue": 2446000,
            "common_shares": 0,
            "book_valuer_per_share": 2.55,
            "book_valuer_per_share_4q_avg": 2.97,
            "equity": 5479000,
            "current_ratio": 164.69,
            "debt_ratio": 65.55,
            "inventory_turnover_ratio": null,
            "account_receivable_turnover_ratio": 1.12,
            "reinvestment_rate": 1.28,
            "research_to_sale_ratio": null,
            "price_fair": 78.72,
            "eps_avg_yearly": 2.91,
            "eps_latest_yearly": 3.44,
            "eps_growth_yearly": 17.07
        },
        "20162": {
            "year_quarter": 20162,
            "year": 2016,
            "quarter": 2,
            "eps": 0.96,
            "eps_growth_year": 13.69,
            "eps_4q": 3.47,
            "eps_4q_growth_year": 5.36,
            "roe": 17.37,
            "roe_4q": 63.94000000000001,
            "gross_profit": null,
            "gross_margin": null,
            "gross_margin_4q_avg": 0,
            "net_income": 983000,
            "revenue": 2694000,
            "common_shares": 0,
            "book_valuer_per_share": 2.95,
            "book_valuer_per_share_4q_avg": 2.91,
            "equity": 5837000,
            "current_ratio": 170.19,
            "debt_ratio": 64.15,
            "inventory_turnover_ratio": null,
            "account_receivable_turnover_ratio": 1.22,
            "reinvestment_rate": 1.32,
            "research_to_sale_ratio": null,
            "price_fair": 85.92,
            "eps_avg_yearly": 3.01,
            "eps_latest_yearly": 3.84,
            "eps_growth_yearly": 18.59
        },
        "20163": {
            "year_quarter": 20163,
            "year": 2016,
            "quarter": 3,
            "eps": 1.08,
            "eps_growth_year": 24.94,
            "eps_4q": 3.69,
            "eps_4q_growth_year": 12.31,
            "roe": 19.64,
            "roe_4q": 68.16000000000001,
            "gross_profit": null,
            "gross_margin": null,
            "gross_margin_4q_avg": 0,
            "net_income": 1184000,
            "revenue": 2880000,
            "common_shares": 0,
            "book_valuer_per_share": 3.35,
            "book_valuer_per_share_4q_avg": 2.96,
            "equity": 6219000,
            "current_ratio": 165.37,
            "debt_ratio": 64.1,
            "inventory_turnover_ratio": null,
            "account_receivable_turnover_ratio": 1.24,
            "reinvestment_rate": 0.66,
            "research_to_sale_ratio": null,
            "price_fair": 92.11,
            "eps_avg_yearly": 3.12,
            "eps_latest_yearly": 4.32,
            "eps_growth_yearly": 19.52
        },
        "20164": {
            "year_quarter": 20164,
            "year": 2016,
            "quarter": 4,
            "eps": 0.86,
            "eps_growth_year": 9.4,
            "eps_4q": 3.76,
            "eps_4q_growth_year": 11.3,
            "roe": 15.71,
            "roe_4q": 69.39,
            "gross_profit": null,
            "gross_margin": null,
            "gross_margin_4q_avg": 0,
            "net_income": 933000,
            "revenue": 2756000,
            "common_shares": 0,
            "book_valuer_per_share": 2.94,
            "book_valuer_per_share_4q_avg": 2.95,
            "equity": 5656000,
            "current_ratio": 183.57,
            "debt_ratio": 69.71,
            "inventory_turnover_ratio": null,
            "account_receivable_turnover_ratio": 1.11,
            "reinvestment_rate": 0.84,
            "research_to_sale_ratio": null,
            "price_fair": 96.69,
            "eps_avg_yearly": 3.22,
            "eps_latest_yearly": 3.44,
            "eps_growth_yearly": 20.08
        },
        "20171": {
            "year_quarter": 20171,
            "year": 2017,
            "quarter": 1,
            "eps": 1.01,
            "eps_growth_year": 17.02,
            "eps_4q": 3.91,
            "eps_4q_growth_year": 16.43,
            "roe": 19.19,
            "roe_4q": 71.91000000000001,
            "gross_profit": null,
            "gross_margin": null,
            "gross_margin_4q_avg": 0,
            "net_income": 1081000,
            "revenue": 2734000,
            "common_shares": 0,
            "book_valuer_per_share": 2.92,
            "book_valuer_per_share_4q_avg": 3.04,
            "equity": 5611000,
            "current_ratio": 181.61,
            "debt_ratio": 69.78,
            "inventory_turnover_ratio": null,
            "account_receivable_turnover_ratio": 1.06,
            "reinvestment_rate": 0.99,
            "research_to_sale_ratio": null,
            "price_fair": 89.92,
            "eps_avg_yearly": 3.31,
            "eps_latest_yearly": 4.04,
            "eps_growth_yearly": 17.14
        },
        "20172": {
            "year_quarter": 20172,
            "year": 2017,
            "quarter": 2,
            "eps": 1.09,
            "eps_growth_year": 13.72,
            "eps_4q": 4.04,
            "eps_4q_growth_year": 16.35,
            "roe": 20.54,
            "roe_4q": 75.08000000000001,
            "gross_profit": null,
            "gross_margin": null,
            "gross_margin_4q_avg": 0,
            "net_income": 1177000,
            "revenue": 3053000,
            "common_shares": 0,
            "book_valuer_per_share": 1.84,
            "book_valuer_per_share_4q_avg": 2.76,
            "equity": 5852000,
            "current_ratio": 165.4,
            "debt_ratio": 70.5,
            "inventory_turnover_ratio": null,
            "account_receivable_turnover_ratio": 1.09,
            "reinvestment_rate": 2.33,
            "research_to_sale_ratio": null,
            "price_fair": 88.32,
            "eps_avg_yearly": 3.41,
            "eps_latest_yearly": 4.36,
            "eps_growth_yearly": 15.9
        },
        "20173": {
            "year_quarter": 20173,
            "year": 2017,
            "quarter": 3,
            "eps": 1.34,
            "eps_growth_year": 24.28,
            "eps_4q": 4.3,
            "eps_4q_growth_year": 16.65,
            "roe": 23.26,
            "roe_4q": 78.69999999999999,
            "gross_profit": null,
            "gross_margin": null,
            "gross_margin_4q_avg": 0,
            "net_income": 1430000,
            "revenue": 3398000,
            "common_shares": 0,
            "book_valuer_per_share": 2.15,
            "book_valuer_per_share_4q_avg": 2.46,
            "equity": 6442000,
            "current_ratio": 165.72,
            "debt_ratio": 69.2,
            "inventory_turnover_ratio": null,
            "account_receivable_turnover_ratio": 1.13,
            "reinvestment_rate": 2.37,
            "research_to_sale_ratio": null,
            "price_fair": 108.88,
            "eps_avg_yearly": 3.56,
            "eps_latest_yearly": 5.36,
            "eps_growth_yearly": 20.56
        },
        "20174": {
            "year_quarter": 20174,
            "year": 2017,
            "quarter": 4,
            "eps": 1.15,
            "eps_growth_year": 33.73,
            "eps_4q": 4.59,
            "eps_4q_growth_year": 22.08,
            "roe": 18.47,
            "roe_4q": 81.46000000000001,
            "gross_profit": null,
            "gross_margin": null,
            "gross_margin_4q_avg": 0,
            "net_income": 1100000,
            "revenue": 3312000,
            "common_shares": 0,
            "book_valuer_per_share": 1.25,
            "book_valuer_per_share_4q_avg": 2.04,
            "equity": 5468000,
            "current_ratio": 156.91,
            "debt_ratio": 74.36,
            "inventory_turnover_ratio": null,
            "account_receivable_turnover_ratio": 1.03,
            "reinvestment_rate": 2.32,
            "research_to_sale_ratio": null,
            "price_fair": 120.48,
            "eps_avg_yearly": 3.71,
            "eps_latest_yearly": 4.6,
            "eps_growth_yearly": 22.5
        },
        "20181": {
            "year_quarter": 20181,
            "year": 2018,
            "quarter": 1,
            "eps": 1.5,
            "eps_growth_year": 48.94,
            "eps_4q": 5.09,
            "eps_4q_growth_year": 30.12,
            "roe": 26.71,
            "roe_4q": 88.97999999999999,
            "gross_profit": null,
            "gross_margin": null,
            "gross_margin_4q_avg": 0,
            "net_income": 1492000,
            "revenue": 3580000,
            "common_shares": 0,
            "book_valuer_per_share": 1.41,
            "book_valuer_per_share_4q_avg": 1.66,
            "equity": 5703000,
            "current_ratio": 164.36,
            "debt_ratio": 75.14,
            "inventory_turnover_ratio": null,
            "account_receivable_turnover_ratio": 1.02,
            "reinvestment_rate": 2.3,
            "research_to_sale_ratio": null,
            "price_fair": 129.04,
            "eps_avg_yearly": 3.9,
            "eps_latest_yearly": 6,
            "eps_growth_yearly": 23.09
        },
        "20182": {
            "year_quarter": 20182,
            "year": 2018,
            "quarter": 2,
            "eps": 1.67,
            "eps_growth_year": 52.6,
            "eps_4q": 5.66,
            "eps_4q_growth_year": 40.12,
            "roe": 28.63,
            "roe_4q": 97.07000000000001,
            "gross_profit": null,
            "gross_margin": null,
            "gross_margin_4q_avg": 0,
            "net_income": 1569000,
            "revenue": 3665000,
            "common_shares": 0,
            "book_valuer_per_share": 1.19,
            "book_valuer_per_share_4q_avg": 1.5,
            "equity": 5257000,
            "current_ratio": 151.3,
            "debt_ratio": 76.61,
            "inventory_turnover_ratio": null,
            "account_receivable_turnover_ratio": 1,
            "reinvestment_rate": 2.35,
            "research_to_sale_ratio": null,
            "price_fair": 138.03,
            "eps_avg_yearly": 4.12,
            "eps_latest_yearly": 6.68,
            "eps_growth_yearly": 23.52
        },
        "20183": {
            "year_quarter": 20183,
            "year": 2018,
            "quarter": 3,
            "eps": 1.84,
            "eps_growth_year": 37.72,
            "eps_4q": 6.17,
            "eps_4q_growth_year": 43.34,
            "roe": 34.43,
            "roe_4q": 108.24000000000001,
            "gross_profit": null,
            "gross_margin": null,
            "gross_margin_4q_avg": 0,
            "net_income": 1899000,
            "revenue": 3898000,
            "common_shares": 0,
            "book_valuer_per_share": 1.74,
            "book_valuer_per_share_4q_avg": 1.4,
            "equity": 5775000,
            "current_ratio": 155.16,
            "debt_ratio": 75.26,
            "inventory_turnover_ratio": null,
            "account_receivable_turnover_ratio": 1.07,
            "reinvestment_rate": 1.6,
            "research_to_sale_ratio": null,
            "price_fair": 147.72,
            "eps_avg_yearly": 4.36,
            "eps_latest_yearly": 7.36,
            "eps_growth_yearly": 23.88
        },
        "20184": {
            "year_quarter": 20184,
            "year": 2018,
            "quarter": 4,
            "eps": 1.29,
            "eps_growth_year": 11.91,
            "eps_4q": 6.31,
            "eps_4q_growth_year": 37.27,
            "roe": 14.75,
            "roe_4q": 104.52000000000001,
            "gross_profit": null,
            "gross_margin": null,
            "gross_margin_4q_avg": 0,
            "net_income": 824000,
            "revenue": 3807000,
            "common_shares": 0,
            "book_valuer_per_share": 1.45,
            "book_valuer_per_share_4q_avg": 1.45,
            "equity": 5395000,
            "current_ratio": 139.49,
            "debt_ratio": 78.3,
            "inventory_turnover_ratio": null,
            "account_receivable_turnover_ratio": 0.91,
            "reinvestment_rate": 2.25,
            "research_to_sale_ratio": null,
            "price_fair": 142.43,
            "eps_avg_yearly": 4.51,
            "eps_latest_yearly": 5.16,
            "eps_growth_yearly": 21.58
        },
        "20191": {
            "year_quarter": 20191,
            "year": 2019,
            "quarter": 1,
            "eps": 1.8,
            "eps_growth_year": 20.03,
            "eps_4q": 6.61,
            "eps_4q_growth_year": 29.86,
            "roe": 35.26,
            "roe_4q": 113.07,
            "gross_profit": null,
            "gross_margin": null,
            "gross_margin_4q_avg": 0,
            "net_income": 1862000,
            "revenue": 3889000,
            "common_shares": 140,
            "book_valuer_per_share": 1.17,
            "book_valuer_per_share_4q_avg": 1.39,
            "equity": 5168000,
            "current_ratio": 140.5,
            "debt_ratio": 78.03,
            "inventory_turnover_ratio": null,
            "account_receivable_turnover_ratio": 0.89,
            "reinvestment_rate": 4.09,
            "research_to_sale_ratio": null,
            "price_fair": 162.11,
            "eps_avg_yearly": 4.74,
            "eps_latest_yearly": 7.2,
            "eps_growth_yearly": 24.22
        },
        "20192": {
            "year_quarter": 20192,
            "year": 2019,
            "quarter": 2,
            "eps": 2,
            "eps_growth_year": 19.59,
            "eps_4q": 6.93,
            "eps_4q_growth_year": 22.43,
            "roe": 40.25,
            "roe_4q": 124.69,
            "gross_profit": null,
            "gross_margin": null,
            "gross_margin_4q_avg": 0,
            "net_income": 2048000,
            "revenue": 4113000,
            "common_shares": 140,
            "book_valuer_per_share": 0.25,
            "book_valuer_per_share_4q_avg": 1.15,
            "equity": 5008000,
            "current_ratio": 149.15,
            "debt_ratio": 79.75,
            "inventory_turnover_ratio": null,
            "account_receivable_turnover_ratio": 1,
            "reinvestment_rate": 6.57,
            "research_to_sale_ratio": null,
            "price_fair": 175.88,
            "eps_avg_yearly": 5.03,
            "eps_latest_yearly": 8,
            "eps_growth_yearly": 28.12
        },
        "20193": {
            "year_quarter": 20193,
            "year": 2019,
            "quarter": 3,
            "eps": 2.07,
            "eps_growth_year": 12.18,
            "eps_4q": 7.16,
            "eps_4q_growth_year": 16.05,
            "roe": 42.34,
            "roe_4q": 132.6,
            "gross_profit": null,
            "gross_margin": null,
            "gross_margin_4q_avg": 0,
            "net_income": 2108000,
            "revenue": 4467000,
            "common_shares": 140,
            "book_valuer_per_share": -0.08,
            "book_valuer_per_share_4q_avg": 0.7,
            "equity": 4949000,
            "current_ratio": 138.58,
            "debt_ratio": 80.95,
            "inventory_turnover_ratio": null,
            "account_receivable_turnover_ratio": 0.94,
            "reinvestment_rate": 6.54,
            "research_to_sale_ratio": null,
            "price_fair": 186.46,
            "eps_avg_yearly": 5.33,
            "eps_latest_yearly": 8.28,
            "eps_growth_yearly": 28.7
        },
        "20194": {
            "year_quarter": 20194,
            "year": 2019,
            "quarter": 4,
            "eps": 2.05,
            "eps_growth_year": 58.84,
            "eps_4q": 7.92,
            "eps_4q_growth_year": 25.55,
            "roe": 38.24,
            "roe_4q": 156.09,
            "gross_profit": null,
            "gross_margin": null,
            "gross_margin_4q_avg": 0,
            "net_income": 2073000,
            "revenue": 4414000,
            "common_shares": 140,
            "book_valuer_per_share": 0.45,
            "book_valuer_per_share_4q_avg": 0.45,
            "equity": 5893000,
            "current_ratio": 141.99,
            "debt_ratio": 79.84,
            "inventory_turnover_ratio": null,
            "account_receivable_turnover_ratio": 0.82,
            "reinvestment_rate": 8.38,
            "research_to_sale_ratio": null,
            "price_fair": 197.49,
            "eps_avg_yearly": 5.64,
            "eps_latest_yearly": 8.2,
            "eps_growth_yearly": 30.49
        },
        "20201": {
            "year_quarter": 20201,
            "year": 2020,
            "quarter": 1,
            "eps": 1.68,
            "eps_growth_year": -6.81,
            "eps_4q": 7.79,
            "eps_4q_growth_year": 17.97,
            "roe": 29.99,
            "roe_4q": 150.82,
            "gross_profit": null,
            "gross_margin": null,
            "gross_margin_4q_avg": 0,
            "net_income": 1693000,
            "revenue": 4009000,
            "common_shares": 140,
            "book_valuer_per_share": -0.12,
            "book_valuer_per_share_4q_avg": 0.13,
            "equity": 5398000,
            "current_ratio": 186.6,
            "debt_ratio": 82.39,
            "inventory_turnover_ratio": null,
            "account_receivable_turnover_ratio": 0.87,
            "reinvestment_rate": 8.18,
            "research_to_sale_ratio": null,
            "price_fair": 197.45,
            "eps_avg_yearly": 5.85,
            "eps_latest_yearly": 6.72,
            "eps_growth_yearly": 23.77
        },
        "20202": {
            "year_quarter": 20202,
            "year": 2020,
            "quarter": 2,
            "eps": 1.43,
            "eps_growth_year": -28.58,
            "eps_4q": 7.22,
            "eps_4q_growth_year": 4.16,
            "roe": 23.93,
            "roe_4q": 134.5,
            "gross_profit": null,
            "gross_margin": null,
            "gross_margin_4q_avg": 0,
            "net_income": 1420000,
            "revenue": 3335000,
            "common_shares": 140,
            "book_valuer_per_share": 0.91,
            "book_valuer_per_share_4q_avg": 0.29,
            "equity": 6470000,
            "current_ratio": 195.31,
            "debt_ratio": 79.86,
            "inventory_turnover_ratio": null,
            "account_receivable_turnover_ratio": 0.87,
            "reinvestment_rate": 8.3,
            "research_to_sale_ratio": null,
            "price_fair": 161.88,
            "eps_avg_yearly": 5.97,
            "eps_latest_yearly": 5.72,
            "eps_growth_yearly": 17.14
        },
        "20203": {
            "year_quarter": 20203,
            "year": 2020,
            "quarter": 3,
            "eps": 1.51,
            "eps_growth_year": -27.23,
            "eps_4q": 6.66,
            "eps_4q_growth_year": -6.97,
            "roe": 24.67,
            "roe_4q": 116.83000000000001,
            "gross_profit": null,
            "gross_margin": null,
            "gross_margin_4q_avg": 0,
            "net_income": 1513000,
            "revenue": 3837000,
            "common_shares": 141,
            "book_valuer_per_share": 0.13,
            "book_valuer_per_share_4q_avg": 0.34,
            "equity": 5796000,
            "current_ratio": 185.47,
            "debt_ratio": 81.65,
            "inventory_turnover_ratio": null,
            "account_receivable_turnover_ratio": 0.99,
            "reinvestment_rate": 7.99,
            "research_to_sale_ratio": null,
            "price_fair": 154.32,
            "eps_avg_yearly": 6.07,
            "eps_latest_yearly": 6.04,
            "eps_growth_yearly": 15.41
        },
        "20204": {
            "year_quarter": 20204,
            "year": 2020,
            "quarter": 4,
            "eps": 1.82,
            "eps_growth_year": -10.96,
            "eps_4q": 6.44,
            "eps_4q_growth_year": -18.71,
            "roe": 29.29,
            "roe_4q": 107.88,
            "gross_profit": null,
            "gross_margin": null,
            "gross_margin_4q_avg": 0,
            "net_income": 1785000,
            "revenue": 4120000,
            "common_shares": 141,
            "book_valuer_per_share": -0.32,
            "book_valuer_per_share_4q_avg": 0.15,
            "equity": 6391000,
            "current_ratio": 161.33,
            "debt_ratio": 80.97,
            "inventory_turnover_ratio": null,
            "account_receivable_turnover_ratio": 1.01,
            "reinvestment_rate": 8.73,
            "research_to_sale_ratio": null,
            "price_fair": 220.94,
            "eps_avg_yearly": 6.31,
            "eps_latest_yearly": 7.28,
            "eps_growth_yearly": 25.64
        },
        "20211": {
            "year_quarter": 20211,
            "year": 2021,
            "quarter": 1,
            "eps": 1.83,
            "eps_growth_year": 8.95,
            "eps_4q": 6.59,
            "eps_4q_growth_year": -15.5,
            "roe": 28.75,
            "roe_4q": 106.64000000000001,
            "gross_profit": null,
            "gross_margin": null,
            "gross_margin_4q_avg": 0,
            "net_income": 1828000,
            "revenue": 4155000,
            "common_shares": 141,
            "book_valuer_per_share": -4.08,
            "book_valuer_per_share_4q_avg": -0.84,
            "equity": 6327000,
            "current_ratio": 142.96,
            "debt_ratio": 81.82,
            "inventory_turnover_ratio": null,
            "account_receivable_turnover_ratio": 0.94,
            "reinvestment_rate": 8.04,
            "research_to_sale_ratio": null,
            "price_fair": 204.74,
            "eps_avg_yearly": 6.52,
            "eps_latest_yearly": 7.32,
            "eps_growth_yearly": 21.41
        },
        "20212": {
            "year_quarter": 20212,
            "year": 2021,
            "quarter": 2,
            "eps": 2.13,
            "eps_growth_year": 49.59,
            "eps_4q": 7.29,
            "eps_4q_growth_year": 0.98,
            "roe": 32.36,
            "roe_4q": 115.07000000000001,
            "gross_profit": null,
            "gross_margin": null,
            "gross_margin_4q_avg": 0,
            "net_income": 2066000,
            "revenue": 4528000,
            "common_shares": 141,
            "book_valuer_per_share": -4.89,
            "book_valuer_per_share_4q_avg": -2.29,
            "equity": 6442000,
            "current_ratio": 133.48,
            "debt_ratio": 81.55,
            "inventory_turnover_ratio": null,
            "account_receivable_turnover_ratio": 1.11,
            "reinvestment_rate": 8.58,
            "research_to_sale_ratio": null,
            "price_fair": 227.27,
            "eps_avg_yearly": 6.78,
            "eps_latest_yearly": 8.52,
            "eps_growth_yearly": 23.53
        },
        "20213": {
            "year_quarter": 20213,
            "year": 2021,
            "quarter": 3,
            "eps": 2.46,
            "eps_growth_year": 63.53,
            "eps_4q": 8.25,
            "eps_4q_growth_year": 23.88,
            "roe": 36.73,
            "roe_4q": 127.13,
            "gross_profit": null,
            "gross_margin": null,
            "gross_margin_4q_avg": 0,
            "net_income": 2414000,
            "revenue": 4985000,
            "common_shares": 147,
            "book_valuer_per_share": -4.5,
            "book_valuer_per_share_4q_avg": -3.45,
            "equity": 6703000,
            "current_ratio": 133.05,
            "debt_ratio": 81.07,
            "inventory_turnover_ratio": null,
            "account_receivable_turnover_ratio": 1.32,
            "reinvestment_rate": 8.9,
            "research_to_sale_ratio": null,
            "price_fair": 223.52,
            "eps_avg_yearly": 7.06,
            "eps_latest_yearly": 9.84,
            "eps_growth_yearly": 21.67
        },
        "20214": {
            "year_quarter": 20214,
            "year": 2021,
            "quarter": 4,
            "eps": 2.41,
            "eps_growth_year": 32.42,
            "eps_4q": 8.84,
            "eps_4q_growth_year": 37.37,
            "roe": 33.95,
            "roe_4q": 131.79000000000002,
            "gross_profit": null,
            "gross_margin": null,
            "gross_margin_4q_avg": 0,
            "net_income": 2379000,
            "revenue": 5216000,
            "common_shares": 141,
            "book_valuer_per_share": -4.1,
            "book_valuer_per_share_4q_avg": -4.39,
            "equity": 7312000,
            "current_ratio": 128.77,
            "debt_ratio": 80.59,
            "inventory_turnover_ratio": null,
            "account_receivable_turnover_ratio": 1.27,
            "reinvestment_rate": 9.14,
            "research_to_sale_ratio": null,
            "price_fair": 255.89,
            "eps_avg_yearly": 7.37,
            "eps_latest_yearly": 9.64,
            "eps_growth_yearly": 24.71
        },
        "20221": {
            "year_quarter": 20221,
            "year": 2022,
            "quarter": 1,
            "eps": 2.71,
            "eps_growth_year": 48.22,
            "eps_4q": 9.72,
            "eps_4q_growth_year": 47.65,
            "roe": 36.68,
            "roe_4q": 139.71999999999997,
            "gross_profit": null,
            "gross_margin": null,
            "gross_margin_4q_avg": 0,
            "net_income": 2631000,
            "revenue": 5167000,
            "common_shares": 140,
            "book_valuer_per_share": -4.38,
            "book_valuer_per_share_4q_avg": -4.47,
            "equity": 7034000,
            "current_ratio": 133.74,
            "debt_ratio": 81.07,
            "inventory_turnover_ratio": null,
            "account_receivable_turnover_ratio": 1.2,
            "reinvestment_rate": 8.64,
            "research_to_sale_ratio": null,
            "price_fair": 231.88,
            "eps_avg_yearly": 7.68,
            "eps_latest_yearly": 10.84,
            "eps_growth_yearly": 20.21
        },
        "20222": {
            "year_quarter": 20222,
            "year": 2022,
            "quarter": 2,
            "eps": 2.47,
            "eps_growth_year": 15.91,
            "eps_4q": 10.06,
            "eps_4q_growth_year": 37.98,
            "roe": 34.46,
            "roe_4q": 141.82,
            "gross_profit": null,
            "gross_margin": null,
            "gross_margin_4q_avg": 0,
            "net_income": 2275000,
            "revenue": 5497000,
            "common_shares": 141,
            "book_valuer_per_share": -5.19,
            "book_valuer_per_share_4q_avg": -4.54,
            "equity": 6171000,
            "current_ratio": 125.87,
            "debt_ratio": 82.97,
            "inventory_turnover_ratio": null,
            "account_receivable_turnover_ratio": 1.3,
            "reinvestment_rate": 7.88,
            "research_to_sale_ratio": null,
            "price_fair": 198.17,
            "eps_avg_yearly": 7.88,
            "eps_latest_yearly": 9.88,
            "eps_growth_yearly": 15.16
        },
        "20223": {
            "year_quarter": 20223,
            "year": 2022,
            "quarter": 3,
            "eps": 2.76,
            "eps_growth_year": 11.97,
            "eps_4q": 10.36,
            "eps_4q_growth_year": 25.55,
            "roe": 39.88,
            "roe_4q": 144.97000000000003,
            "gross_profit": null,
            "gross_margin": null,
            "gross_margin_4q_avg": 0,
            "net_income": 2499000,
            "revenue": 5756000,
            "common_shares": 96,
            "book_valuer_per_share": -4.57,
            "book_valuer_per_share_4q_avg": -4.56,
            "equity": 6361000,
            "current_ratio": 124.84,
            "debt_ratio": 83.09,
            "inventory_turnover_ratio": null,
            "account_receivable_turnover_ratio": 1.34,
            "reinvestment_rate": 7.55,
            "research_to_sale_ratio": null,
            "price_fair": 207.12,
            "eps_avg_yearly": 8.11,
            "eps_latest_yearly": 11.04,
            "eps_growth_yearly": 15.55
        },
        "20224": {
            "year_quarter": 20224,
            "year": 2022,
            "quarter": 4,
            "eps": 2.64,
            "eps_growth_year": 9.31,
            "eps_4q": 10.58,
            "eps_4q_growth_year": 19.71,
            "roe": 39.89,
            "roe_4q": 150.91000000000003,
            "gross_profit": null,
            "gross_margin": null,
            "gross_margin_4q_avg": 0,
            "net_income": 2525000,
            "revenue": 5817000,
            "common_shares": 141,
            "book_valuer_per_share": -5.32,
            "book_valuer_per_share_4q_avg": -4.87,
            "equity": 6298000,
            "current_ratio": 117.18,
            "debt_ratio": 83.74,
            "inventory_turnover_ratio": null,
            "account_receivable_turnover_ratio": 1.28,
            "reinvestment_rate": 6.29,
            "research_to_sale_ratio": null,
            "price_fair": 269.66,
            "eps_avg_yearly": 8.44,
            "eps_latest_yearly": 10.56,
            "eps_growth_yearly": 21.94
        },
        "20231": {
            "year_quarter": 20231,
            "year": 2023,
            "quarter": 1,
            "eps": 2.68,
            "eps_growth_year": -1.22,
            "eps_4q": 10.55,
            "eps_4q_growth_year": 8.49,
            "roe": 40.61,
            "roe_4q": 154.84,
            "gross_profit": null,
            "gross_margin": null,
            "gross_margin_4q_avg": 0,
            "net_income": 2361000,
            "revenue": 5748000,
            "common_shares": 400,
            "book_valuer_per_share": -6.62,
            "book_valuer_per_share_4q_avg": -5.43,
            "equity": 5330000,
            "current_ratio": 120.28,
            "debt_ratio": 86.31,
            "inventory_turnover_ratio": null,
            "account_receivable_turnover_ratio": 1.18,
            "reinvestment_rate": 3.85,
            "research_to_sale_ratio": null,
            "price_fair": 194.35,
            "eps_avg_yearly": 8.66,
            "eps_latest_yearly": 10.72,
            "eps_growth_yearly": 12.44
        }
    },
    "months": {
        "2006-05": {
            "month": "2006-05",
            "price": "4.50",
            "revenue": 0
        },
        "2006-06": {
            "month": "2006-06",
            "price": "4.68",
            "revenue": 0
        },
        "2006-07": {
            "month": "2006-07",
            "price": "4.58",
            "revenue": 0
        },
        "2006-08": {
            "month": "2006-08",
            "price": "5.36",
            "revenue": 0
        },
        "2006-09": {
            "month": "2006-09",
            "price": "6.37",
            "revenue": 0
        },
        "2006-10": {
            "month": "2006-10",
            "price": "7.14",
            "revenue": 0
        },
        "2006-11": {
            "month": "2006-11",
            "price": "9.52",
            "revenue": 0
        },
        "2006-12": {
            "month": "2006-12",
            "price": "9.77",
            "revenue": 0
        },
        "2007-01": {
            "month": "2007-01",
            "price": "10.60",
            "revenue": 0
        },
        "2007-02": {
            "month": "2007-02",
            "price": "10.76",
            "revenue": 0
        },
        "2007-03": {
            "month": "2007-03",
            "price": "10.56",
            "revenue": 0
        },
        "2007-04": {
            "month": "2007-04",
            "price": "10.94",
            "revenue": 0
        },
        "2007-05": {
            "month": "2007-05",
            "price": "13.72",
            "revenue": 0
        },
        "2007-06": {
            "month": "2007-06",
            "price": "15.57",
            "revenue": 0
        },
        "2007-07": {
            "month": "2007-07",
            "price": "16.34",
            "revenue": 0
        },
        "2007-08": {
            "month": "2007-08",
            "price": "13.82",
            "revenue": 0
        },
        "2007-09": {
            "month": "2007-09",
            "price": "14.04",
            "revenue": 0
        },
        "2007-10": {
            "month": "2007-10",
            "price": "15.79",
            "revenue": 0
        },
        "2007-11": {
            "month": "2007-11",
            "price": "18.86",
            "revenue": 0
        },
        "2007-12": {
            "month": "2007-12",
            "price": "20.97",
            "revenue": 0
        },
        "2008-01": {
            "month": "2008-01",
            "price": "19.12",
            "revenue": 0
        },
        "2008-02": {
            "month": "2008-02",
            "price": "20.32",
            "revenue": 0
        },
        "2008-03": {
            "month": "2008-03",
            "price": "20.65",
            "revenue": 0
        },
        "2008-04": {
            "month": "2008-04",
            "price": "23.54",
            "revenue": 0
        },
        "2008-05": {
            "month": "2008-05",
            "price": "28.77",
            "revenue": 0
        },
        "2008-06": {
            "month": "2008-06",
            "price": "28.96",
            "revenue": 0
        },
        "2008-07": {
            "month": "2008-07",
            "price": "26.16",
            "revenue": 0
        },
        "2008-08": {
            "month": "2008-08",
            "price": "23.64",
            "revenue": 0
        },
        "2008-09": {
            "month": "2008-09",
            "price": "20.80",
            "revenue": 0
        },
        "2008-10": {
            "month": "2008-10",
            "price": "15.20",
            "revenue": 0
        },
        "2008-11": {
            "month": "2008-11",
            "price": "14.15",
            "revenue": 0
        },
        "2008-12": {
            "month": "2008-12",
            "price": "14.17",
            "revenue": 0
        },
        "2009-01": {
            "month": "2009-01",
            "price": "13.88",
            "revenue": 0
        },
        "2009-02": {
            "month": "2009-02",
            "price": "15.60",
            "revenue": 0
        },
        "2009-03": {
            "month": "2009-03",
            "price": "15.63",
            "revenue": 0
        },
        "2009-04": {
            "month": "2009-04",
            "price": "16.76",
            "revenue": 0
        },
        "2009-05": {
            "month": "2009-05",
            "price": "17.48",
            "revenue": 0
        },
        "2009-06": {
            "month": "2009-06",
            "price": "16.62",
            "revenue": 0
        },
        "2009-07": {
            "month": "2009-07",
            "price": "17.61",
            "revenue": 0
        },
        "2009-08": {
            "month": "2009-08",
            "price": "20.30",
            "revenue": 0
        },
        "2009-09": {
            "month": "2009-09",
            "price": "21.13",
            "revenue": 0
        },
        "2009-10": {
            "month": "2009-10",
            "price": "21.74",
            "revenue": 0
        },
        "2009-11": {
            "month": "2009-11",
            "price": "23.32",
            "revenue": 0
        },
        "2009-12": {
            "month": "2009-12",
            "price": "24.84",
            "revenue": 0
        },
        "2010-01": {
            "month": "2010-01",
            "price": "25.53",
            "revenue": 0
        },
        "2010-02": {
            "month": "2010-02",
            "price": "22.82",
            "revenue": 0
        },
        "2010-03": {
            "month": "2010-03",
            "price": "24.50",
            "revenue": 0
        },
        "2010-04": {
            "month": "2010-04",
            "price": "25.85",
            "revenue": 0
        },
        "2010-05": {
            "month": "2010-05",
            "price": "21.95",
            "revenue": 0
        },
        "2010-06": {
            "month": "2010-06",
            "price": "20.76",
            "revenue": 0
        },
        "2010-07": {
            "month": "2010-07",
            "price": "20.80",
            "revenue": 0
        },
        "2010-08": {
            "month": "2010-08",
            "price": "20.72",
            "revenue": 0
        },
        "2010-09": {
            "month": "2010-09",
            "price": "21.01",
            "revenue": 0
        },
        "2010-10": {
            "month": "2010-10",
            "price": "23.31",
            "revenue": 0
        },
        "2010-11": {
            "month": "2010-11",
            "price": "24.39",
            "revenue": 0
        },
        "2010-12": {
            "month": "2010-12",
            "price": "23.69",
            "revenue": 0
        },
        "2011-01": {
            "month": "2011-01",
            "price": "23.36",
            "revenue": 0
        },
        "2011-02": {
            "month": "2011-02",
            "price": "24.81",
            "revenue": 0
        },
        "2011-03": {
            "month": "2011-03",
            "price": "24.78",
            "revenue": 0
        },
        "2011-04": {
            "month": "2011-04",
            "price": "26.78",
            "revenue": 0
        },
        "2011-05": {
            "month": "2011-05",
            "price": "27.92",
            "revenue": 0
        },
        "2011-06": {
            "month": "2011-06",
            "price": "27.57",
            "revenue": 0
        },
        "2011-07": {
            "month": "2011-07",
            "price": "31.01",
            "revenue": 0
        },
        "2011-08": {
            "month": "2011-08",
            "price": "31.97",
            "revenue": 0
        },
        "2011-09": {
            "month": "2011-09",
            "price": "33.40",
            "revenue": 0
        },
        "2011-10": {
            "month": "2011-10",
            "price": "32.98",
            "revenue": 0
        },
        "2011-11": {
            "month": "2011-11",
            "price": "35.96",
            "revenue": 0
        },
        "2011-12": {
            "month": "2011-12",
            "price": "37.16",
            "revenue": 0
        },
        "2012-01": {
            "month": "2012-01",
            "price": "34.83",
            "revenue": 0
        },
        "2012-02": {
            "month": "2012-02",
            "price": "39.84",
            "revenue": 0
        },
        "2012-03": {
            "month": "2012-03",
            "price": "42.08",
            "revenue": 0
        },
        "2012-04": {
            "month": "2012-04",
            "price": "43.82",
            "revenue": 0
        },
        "2012-05": {
            "month": "2012-05",
            "price": "42.12",
            "revenue": 0
        },
        "2012-06": {
            "month": "2012-06",
            "price": "42.01",
            "revenue": 0
        },
        "2012-07": {
            "month": "2012-07",
            "price": "43.00",
            "revenue": 0
        },
        "2012-08": {
            "month": "2012-08",
            "price": "42.41",
            "revenue": 0
        },
        "2012-09": {
            "month": "2012-09",
            "price": "44.63",
            "revenue": 0
        },
        "2012-10": {
            "month": "2012-10",
            "price": "46.72",
            "revenue": 0
        },
        "2012-11": {
            "month": "2012-11",
            "price": "47.26",
            "revenue": 0
        },
        "2012-12": {
            "month": "2012-12",
            "price": "48.62",
            "revenue": 0
        },
        "2013-01": {
            "month": "2013-01",
            "price": "51.98",
            "revenue": 0
        },
        "2013-02": {
            "month": "2013-02",
            "price": "51.89",
            "revenue": 0
        },
        "2013-03": {
            "month": "2013-03",
            "price": "52.45",
            "revenue": 0
        },
        "2013-04": {
            "month": "2013-04",
            "price": "53.26",
            "revenue": 0
        },
        "2013-05": {
            "month": "2013-05",
            "price": "56.52",
            "revenue": 0
        },
        "2013-06": {
            "month": "2013-06",
            "price": "57.01",
            "revenue": 0
        },
        "2013-07": {
            "month": "2013-07",
            "price": "59.49",
            "revenue": 0
        },
        "2013-08": {
            "month": "2013-08",
            "price": "62.78",
            "revenue": 0
        },
        "2013-09": {
            "month": "2013-09",
            "price": "66.40",
            "revenue": 0
        },
        "2013-10": {
            "month": "2013-10",
            "price": "69.69",
            "revenue": 0
        },
        "2013-11": {
            "month": "2013-11",
            "price": "74.43",
            "revenue": 0
        },
        "2013-12": {
            "month": "2013-12",
            "price": "79.13",
            "revenue": 0
        },
        "2014-01": {
            "month": "2014-01",
            "price": "81.35",
            "revenue": 0
        },
        "2014-02": {
            "month": "2014-02",
            "price": "76.04",
            "revenue": 0
        },
        "2014-03": {
            "month": "2014-03",
            "price": "76.79",
            "revenue": 0
        },
        "2014-04": {
            "month": "2014-04",
            "price": "72.76",
            "revenue": 0
        },
        "2014-05": {
            "month": "2014-05",
            "price": "74.88",
            "revenue": 0
        },
        "2014-06": {
            "month": "2014-06",
            "price": "75.22",
            "revenue": 0
        },
        "2014-07": {
            "month": "2014-07",
            "price": "76.58",
            "revenue": 0
        },
        "2014-08": {
            "month": "2014-08",
            "price": "75.90",
            "revenue": 0
        },
        "2014-09": {
            "month": "2014-09",
            "price": "75.95",
            "revenue": 0
        },
        "2014-10": {
            "month": "2014-10",
            "price": "73.91",
            "revenue": 0
        },
        "2014-11": {
            "month": "2014-11",
            "price": "84.87",
            "revenue": 0
        },
        "2014-12": {
            "month": "2014-12",
            "price": "86.89",
            "revenue": 0
        },
        "2015-01": {
            "month": "2015-01",
            "price": "83.45",
            "revenue": 0
        },
        "2015-02": {
            "month": "2015-02",
            "price": "87.40",
            "revenue": 0
        },
        "2015-03": {
            "month": "2015-03",
            "price": "89.18",
            "revenue": 0
        },
        "2015-04": {
            "month": "2015-04",
            "price": "88.89",
            "revenue": 0
        },
        "2015-05": {
            "month": "2015-05",
            "price": "92.46",
            "revenue": 0
        },
        "2015-06": {
            "month": "2015-06",
            "price": "93.87",
            "revenue": 0
        },
        "2015-07": {
            "month": "2015-07",
            "price": "95.42",
            "revenue": 0
        },
        "2015-08": {
            "month": "2015-08",
            "price": "95.22",
            "revenue": 0
        },
        "2015-09": {
            "month": "2015-09",
            "price": "91.12",
            "revenue": 0
        },
        "2015-10": {
            "month": "2015-10",
            "price": "96.72",
            "revenue": 0
        },
        "2015-11": {
            "month": "2015-11",
            "price": "99.30",
            "revenue": 0
        },
        "2015-12": {
            "month": "2015-12",
            "price": "97.85",
            "revenue": 0
        },
        "2016-01": {
            "month": "2016-01",
            "price": "89.04",
            "revenue": 0
        },
        "2016-02": {
            "month": "2016-02",
            "price": "85.58",
            "revenue": 0
        },
        "2016-03": {
            "month": "2016-03",
            "price": "90.46",
            "revenue": 0
        },
        "2016-04": {
            "month": "2016-04",
            "price": "96.09",
            "revenue": 0
        },
        "2016-05": {
            "month": "2016-05",
            "price": "96.21",
            "revenue": 0
        },
        "2016-06": {
            "month": "2016-06",
            "price": "94.19",
            "revenue": 0
        },
        "2016-07": {
            "month": "2016-07",
            "price": "91.33",
            "revenue": 0
        },
        "2016-08": {
            "month": "2016-08",
            "price": "96.04",
            "revenue": 0
        },
        "2016-09": {
            "month": "2016-09",
            "price": "100.04",
            "revenue": 0
        },
        "2016-10": {
            "month": "2016-10",
            "price": "102.62",
            "revenue": 0
        },
        "2016-11": {
            "month": "2016-11",
            "price": "104.34",
            "revenue": 0
        },
        "2016-12": {
            "month": "2016-12",
            "price": "103.61",
            "revenue": 0
        },
        "2017-01": {
            "month": "2017-01",
            "price": "108.34",
            "revenue": 0
        },
        "2017-02": {
            "month": "2017-02",
            "price": "108.37",
            "revenue": 0
        },
        "2017-03": {
            "month": "2017-03",
            "price": "111.74",
            "revenue": 0
        },
        "2017-04": {
            "month": "2017-04",
            "price": "113.47",
            "revenue": 0
        },
        "2017-05": {
            "month": "2017-05",
            "price": "118.42",
            "revenue": 0
        },
        "2017-06": {
            "month": "2017-06",
            "price": "123.28",
            "revenue": 0
        },
        "2017-07": {
            "month": "2017-07",
            "price": "126.33",
            "revenue": 0
        },
        "2017-08": {
            "month": "2017-08",
            "price": "131.41",
            "revenue": 0
        },
        "2017-09": {
            "month": "2017-09",
            "price": "139.39",
            "revenue": 0
        },
        "2017-10": {
            "month": "2017-10",
            "price": "145.66",
            "revenue": 0
        },
        "2017-11": {
            "month": "2017-11",
            "price": "150.22",
            "revenue": 0
        },
        "2017-12": {
            "month": "2017-12",
            "price": "150.44",
            "revenue": 0
        },
        "2018-01": {
            "month": "2018-01",
            "price": "163.22",
            "revenue": 0
        },
        "2018-02": {
            "month": "2018-02",
            "price": "171.53",
            "revenue": 0
        },
        "2018-03": {
            "month": "2018-03",
            "price": "178.09",
            "revenue": 0
        },
        "2018-04": {
            "month": "2018-04",
            "price": "174.81",
            "revenue": 0
        },
        "2018-05": {
            "month": "2018-05",
            "price": "190.26",
            "revenue": 0
        },
        "2018-06": {
            "month": "2018-06",
            "price": "198.81",
            "revenue": 0
        },
        "2018-07": {
            "month": "2018-07",
            "price": "203.89",
            "revenue": 0
        },
        "2018-08": {
            "month": "2018-08",
            "price": "205.47",
            "revenue": 0
        },
        "2018-09": {
            "month": "2018-09",
            "price": "217.62",
            "revenue": 0
        },
        "2018-10": {
            "month": "2018-10",
            "price": "205.00",
            "revenue": 0
        },
        "2018-11": {
            "month": "2018-11",
            "price": "197.30",
            "revenue": 0
        },
        "2018-12": {
            "month": "2018-12",
            "price": "192.20",
            "revenue": 0
        },
        "2019-01": {
            "month": "2019-01",
            "price": "197.09",
            "revenue": 0
        },
        "2019-02": {
            "month": "2019-02",
            "price": "219.47",
            "revenue": 0
        },
        "2019-03": {
            "month": "2019-03",
            "price": "229.27",
            "revenue": 0
        },
        "2019-04": {
            "month": "2019-04",
            "price": "240.98",
            "revenue": 0
        },
        "2019-05": {
            "month": "2019-05",
            "price": "249.90",
            "revenue": 0
        },
        "2019-06": {
            "month": "2019-06",
            "price": "260.37",
            "revenue": 0
        },
        "2019-07": {
            "month": "2019-07",
            "price": "276.14",
            "revenue": 0
        },
        "2019-08": {
            "month": "2019-08",
            "price": "274.05",
            "revenue": 0
        },
        "2019-09": {
            "month": "2019-09",
            "price": "276.61",
            "revenue": 0
        },
        "2019-10": {
            "month": "2019-10",
            "price": "272.13",
            "revenue": 0
        },
        "2019-11": {
            "month": "2019-11",
            "price": "280.70",
            "revenue": 0
        },
        "2019-12": {
            "month": "2019-12",
            "price": "293.88",
            "revenue": 0
        },
        "2020-01": {
            "month": "2020-01",
            "price": "314.59",
            "revenue": 0
        },
        "2020-02": {
            "month": "2020-02",
            "price": "325.37",
            "revenue": 0
        },
        "2020-03": {
            "month": "2020-03",
            "price": "256.60",
            "revenue": 0
        },
        "2020-04": {
            "month": "2020-04",
            "price": "258.32",
            "revenue": 0
        },
        "2020-05": {
            "month": "2020-05",
            "price": "284.95",
            "revenue": 0
        },
        "2020-06": {
            "month": "2020-06",
            "price": "301.70",
            "revenue": 0
        },
        "2020-07": {
            "month": "2020-07",
            "price": "304.07",
            "revenue": 0
        },
        "2020-08": {
            "month": "2020-08",
            "price": "335.04",
            "revenue": 0
        },
        "2020-09": {
            "month": "2020-09",
            "price": "337.32",
            "revenue": 0
        },
        "2020-10": {
            "month": "2020-10",
            "price": "331.42",
            "revenue": 0
        },
        "2020-11": {
            "month": "2020-11",
            "price": "327.69",
            "revenue": 0
        },
        "2020-12": {
            "month": "2020-12",
            "price": "338.44",
            "revenue": 0
        },
        "2021-01": {
            "month": "2021-01",
            "price": "335.53",
            "revenue": 0
        },
        "2021-02": {
            "month": "2021-02",
            "price": "340.73",
            "revenue": 0
        },
        "2021-03": {
            "month": "2021-03",
            "price": "366.71",
            "revenue": 0
        },
        "2021-04": {
            "month": "2021-04",
            "price": "380.69",
            "revenue": 0
        },
        "2021-05": {
            "month": "2021-05",
            "price": "366.87",
            "revenue": 0
        },
        "2021-06": {
            "month": "2021-06",
            "price": "367.80",
            "revenue": 0
        },
        "2021-07": {
            "month": "2021-07",
            "price": "381.09",
            "revenue": 0
        },
        "2021-08": {
            "month": "2021-08",
            "price": "362.48",
            "revenue": 0
        },
        "2021-09": {
            "month": "2021-09",
            "price": "347.38",
            "revenue": 0
        },
        "2021-10": {
            "month": "2021-10",
            "price": "350.25",
            "revenue": 0
        },
        "2021-11": {
            "month": "2021-11",
            "price": "341.75",
            "revenue": 0
        },
        "2021-12": {
            "month": "2021-12",
            "price": "345.51",
            "revenue": 0
        },
        "2022-01": {
            "month": "2022-01",
            "price": "364.87",
            "revenue": 0
        },
        "2022-02": {
            "month": "2022-02",
            "price": "376.22",
            "revenue": 0
        },
        "2022-03": {
            "month": "2022-03",
            "price": "341.01",
            "revenue": 0
        },
        "2022-04": {
            "month": "2022-04",
            "price": "357.99",
            "revenue": 0
        },
        "2022-05": {
            "month": "2022-05",
            "price": "342.45",
            "revenue": 0
        },
        "2022-06": {
            "month": "2022-06",
            "price": "333.38",
            "revenue": 0
        },
        "2022-07": {
            "month": "2022-07",
            "price": "333.56",
            "revenue": 0
        },
        "2022-08": {
            "month": "2022-08",
            "price": "347.59",
            "revenue": 0
        },
        "2022-09": {
            "month": "2022-09",
            "price": "311.90",
            "revenue": 0
        },
        "2022-10": {
            "month": "2022-10",
            "price": "301.88",
            "revenue": 0
        },
        "2022-11": {
            "month": "2022-11",
            "price": "336.26",
            "revenue": 0
        },
        "2022-12": {
            "month": "2022-12",
            "price": "349.33",
            "revenue": 0
        },
        "2023-01": {
            "month": "2023-01",
            "price": "370.93",
            "revenue": 0
        },
        "2023-02": {
            "month": "2023-02",
            "price": "365.69",
            "revenue": 0
        },
        "2023-03": {
            "month": "2023-03",
            "price": "354.49",
            "revenue": 0
        },
        "2023-04": {
            "month": "2023-04",
            "price": "369.24",
            "revenue": 0
        },
        "2023-05": {
            "month": "2023-05",
            "price": "379.08",
            "revenue": 0
        },
        "2023-06": {
            "month": "2023-06",
            "price": "374.29",
            "revenue": 0
        }
    }
}
