{
    "summary": {
        "stock_name": "McDonald's Corp",
        "stock_id": "MCD",
        "category": "Retail/Wholesale",
        "main_business": "麥當勞公司在119個國家經營優質食品和飲料。麥當勞的特許經營餐廳由以下結構之一擁有和經營-傳統特許經營、發展許可或附屬機構。單個餐廳、貿易區或市場（國家）的最佳所有權結構取決於多種因素，包括具有創業經驗和財務資源的個人的可用性，以及財產所有權和特許經營等關鍵領域的當地法律和監管環境。麥當勞與其獨立特許經營商之間的業務關係得到了標準和政策的支援，對整體業績和保護麥當勞品牌至關重要。",
        "website_url": "https://www.mcdonalds.com/",
        "ceo": "Christopher Kempczinski",
        "pe_ratio": 26,
        "report_year_from": 1993,
        "report_year_to": 2023,
        "age": 31,
        "eps_negative_percentage": 0,
        "eps_growth_avg": {
            "last_all": 11.99,
            "last_2y": 15.63,
            "last_4y": 6.17,
            "last_8y": 8.91,
            "last_12y": 6.71,
            "last_16y": 9.93,
            "last_20y": 14.72,
            "at_2006_last_3y": 35.11,
            "at_2007_last_3y": 46.3,
            "at_2008_last_3y": 20.72,
            "at_2009_last_3y": 21.36,
            "at_2010_last_3y": 20.39,
            "at_2011_last_3y": -1,
            "at_2012_last_3y": 9.18,
            "at_2013_last_3y": 7.82,
            "at_2014_last_3y": 1.76,
            "at_2015_last_3y": -1.8,
            "at_2016_last_3y": 1.69,
            "at_2017_last_3y": 4.85,
            "at_2018_last_3y": 12.33,
            "at_2019_last_3y": 13.63,
            "at_2020_last_3y": 4.49,
            "at_2021_last_3y": 14.15,
            "at_2022_last_3y": 10.6,
            "at_2023_last_3y": 6.36,
            "at_2024_last_3y": 6.36,
            "at_2006_last_all": 19.03,
            "at_2007_last_all": 32.52,
            "at_2008_last_all": 22.22,
            "at_2009_last_all": 20.48,
            "at_2010_last_all": 19.63,
            "at_2011_last_all": 19.11,
            "at_2012_last_all": 17.48,
            "at_2013_last_all": 16.26,
            "at_2014_last_all": 14.13,
            "at_2015_last_all": 13.14,
            "at_2016_last_all": 13.27,
            "at_2017_last_all": 13.41,
            "at_2018_last_all": 13.71,
            "at_2019_last_all": 13.25,
            "at_2020_last_all": 11.42,
            "at_2021_last_all": 13.55,
            "at_2022_last_all": 13.12,
            "at_2023_last_all": 11.99,
            "at_2024_last_all": 11.99
        },
        "latest_eps": 11.6,
        "latest_price": 295.92,
        "latest_roe": -154.08,
        "latest_gross_margin": 57.73,
        "latest_equity": -4854800,
        "latest_revenue": 6692200,
        "latest_gross_profit": 3863700,
        "latest_net_income": 2317100,
        "latest_debt_ratio": 109.32,
        "latest_current_ratio": 171.13,
        "latest_account_receivable_turnover_ratio": 3.01,
        "latest_inventory_turnover_ratio": 56.57,
        "latest_reinvestment_rate": -5.59,
        "latest_research_to_sale_ratio": null
    },
    "eps_dividends": {
        "1993": {
            "cash": 0.12,
            "stock": 0,
            "eps": 0
        },
        "1994": {
            "cash": 0.12,
            "stock": 0,
            "eps": 0
        },
        "1995": {
            "cash": 0.12,
            "stock": 0,
            "eps": 0
        },
        "1996": {
            "cash": 0.11000000000000001,
            "stock": 0,
            "eps": 0
        },
        "1997": {
            "cash": 0.12,
            "stock": 0,
            "eps": 0
        },
        "1998": {
            "cash": 0.19,
            "stock": 0,
            "eps": 0
        },
        "1999": {
            "cash": 0.2,
            "stock": 0,
            "eps": 0
        },
        "2000": {
            "cash": 0.22,
            "stock": 0,
            "eps": 0
        },
        "2001": {
            "cash": 0.23,
            "stock": 0,
            "eps": 1.39
        },
        "2002": {
            "cash": 0.24,
            "stock": 0,
            "eps": 0.76
        },
        "2003": {
            "cash": 0.4,
            "stock": 0,
            "eps": 1.18
        },
        "2004": {
            "cash": 0.55,
            "stock": 0,
            "eps": 1.92
        },
        "2005": {
            "cash": 0.67,
            "stock": 0,
            "eps": 2.03
        },
        "2006": {
            "cash": 1,
            "stock": 0,
            "eps": 2.37
        },
        "2007": {
            "cash": 1.5,
            "stock": 0,
            "eps": 6.19
        },
        "2008": {
            "cash": 1.6400000000000001,
            "stock": 0,
            "eps": 3.74
        },
        "2009": {
            "cash": 2.05,
            "stock": 0,
            "eps": 4.05
        },
        "2010": {
            "cash": 2.2600000000000002,
            "stock": 0,
            "eps": 4.57
        },
        "2011": {
            "cash": 2.5300000000000002,
            "stock": 0,
            "eps": 5.23
        },
        "2012": {
            "cash": 2.8699999999999997,
            "stock": 0,
            "eps": 5.29
        },
        "2013": {
            "cash": 3.12,
            "stock": 0,
            "eps": 5.44
        },
        "2014": {
            "cash": 3.2800000000000002,
            "stock": 0,
            "eps": 4.82
        },
        "2015": {
            "cash": 3.44,
            "stock": 0,
            "eps": 4.83
        },
        "2016": {
            "cash": 2.7199999999999998,
            "stock": 0,
            "eps": 5.56
        },
        "2017": {
            "cash": 3.83,
            "stock": 0,
            "eps": 6.42
        },
        "2018": {
            "cash": 4.19,
            "stock": 0,
            "eps": 7.61
        },
        "2019": {
            "cash": 4.7299999999999995,
            "stock": 0,
            "eps": 8.02
        },
        "2020": {
            "cash": 5.04,
            "stock": 0,
            "eps": 6.3
        },
        "2021": {
            "cash": 5.25,
            "stock": 0,
            "eps": 9.71
        },
        "2022": {
            "cash": 5.66,
            "stock": 0,
            "eps": 10.13
        },
        "2023": {
            "cash": 6.08,
            "stock": 0,
            "eps": 8.96
        }
    },
    "dividends": {
        "1993-03-19": {
            "cash": 0.03,
            "stock": 0
        },
        "1993-06-18": {
            "cash": 0.03,
            "stock": 0
        },
        "1993-09-17": {
            "cash": 0.03,
            "stock": 0
        },
        "1993-12-17": {
            "cash": 0.03,
            "stock": 0
        },
        "1994-03-18": {
            "cash": 0.03,
            "stock": 0
        },
        "1994-06-17": {
            "cash": 0.03,
            "stock": 0
        },
        "1994-09-16": {
            "cash": 0.03,
            "stock": 0
        },
        "1994-12-16": {
            "cash": 0.03,
            "stock": 0
        },
        "1995-03-17": {
            "cash": 0.03,
            "stock": 0
        },
        "1995-06-16": {
            "cash": 0.03,
            "stock": 0
        },
        "1995-09-15": {
            "cash": 0.03,
            "stock": 0
        },
        "1995-12-15": {
            "cash": 0.03,
            "stock": 0
        },
        "1996-03-15": {
            "cash": 0.03,
            "stock": 0
        },
        "1996-06-14": {
            "cash": 0.04,
            "stock": 0
        },
        "1996-09-13": {
            "cash": 0.04,
            "stock": 0
        },
        "1997-03-14": {
            "cash": 0.04,
            "stock": 0
        },
        "1997-06-13": {
            "cash": 0.04,
            "stock": 0
        },
        "1997-09-12": {
            "cash": 0.04,
            "stock": 0
        },
        "1998-03-13": {
            "cash": 0.04,
            "stock": 0
        },
        "1998-06-12": {
            "cash": 0.05,
            "stock": 0
        },
        "1998-09-11": {
            "cash": 0.05,
            "stock": 0
        },
        "1998-12-11": {
            "cash": 0.05,
            "stock": 0
        },
        "1999-03-31": {
            "cash": 0.05,
            "stock": 0
        },
        "1999-06-15": {
            "cash": 0.05,
            "stock": 0
        },
        "1999-09-15": {
            "cash": 0.05,
            "stock": 0
        },
        "1999-12-15": {
            "cash": 0.05,
            "stock": 0
        },
        "2000-12-01": {
            "cash": 0.22,
            "stock": 0
        },
        "2001-12-03": {
            "cash": 0.23,
            "stock": 0
        },
        "2002-12-02": {
            "cash": 0.24,
            "stock": 0
        },
        "2003-12-01": {
            "cash": 0.4,
            "stock": 0
        },
        "2004-12-01": {
            "cash": 0.55,
            "stock": 0
        },
        "2005-12-01": {
            "cash": 0.67,
            "stock": 0
        },
        "2006-12-01": {
            "cash": 1,
            "stock": 0
        },
        "2007-12-03": {
            "cash": 1.5,
            "stock": 0
        },
        "2008-03-17": {
            "cash": 0.38,
            "stock": 0
        },
        "2008-06-23": {
            "cash": 0.38,
            "stock": 0
        },
        "2008-09-16": {
            "cash": 0.38,
            "stock": 0
        },
        "2008-12-15": {
            "cash": 0.5,
            "stock": 0
        },
        "2009-03-16": {
            "cash": 0.5,
            "stock": 0
        },
        "2009-06-22": {
            "cash": 0.5,
            "stock": 0
        },
        "2009-09-15": {
            "cash": 0.5,
            "stock": 0
        },
        "2009-12-15": {
            "cash": 0.55,
            "stock": 0
        },
        "2010-03-15": {
            "cash": 0.55,
            "stock": 0
        },
        "2010-06-15": {
            "cash": 0.55,
            "stock": 0
        },
        "2010-09-16": {
            "cash": 0.55,
            "stock": 0
        },
        "2010-12-15": {
            "cash": 0.61,
            "stock": 0
        },
        "2011-03-15": {
            "cash": 0.61,
            "stock": 0
        },
        "2011-06-15": {
            "cash": 0.61,
            "stock": 0
        },
        "2011-09-16": {
            "cash": 0.61,
            "stock": 0
        },
        "2011-12-15": {
            "cash": 0.7,
            "stock": 0
        },
        "2012-03-15": {
            "cash": 0.7,
            "stock": 0
        },
        "2012-06-15": {
            "cash": 0.7,
            "stock": 0
        },
        "2012-09-18": {
            "cash": 0.7,
            "stock": 0
        },
        "2012-12-17": {
            "cash": 0.77,
            "stock": 0
        },
        "2013-03-15": {
            "cash": 0.77,
            "stock": 0
        },
        "2013-06-17": {
            "cash": 0.77,
            "stock": 0
        },
        "2013-09-17": {
            "cash": 0.77,
            "stock": 0
        },
        "2013-12-16": {
            "cash": 0.81,
            "stock": 0
        },
        "2014-03-17": {
            "cash": 0.81,
            "stock": 0
        },
        "2014-06-16": {
            "cash": 0.81,
            "stock": 0
        },
        "2014-09-16": {
            "cash": 0.81,
            "stock": 0
        },
        "2014-12-15": {
            "cash": 0.85,
            "stock": 0
        },
        "2015-03-16": {
            "cash": 0.85,
            "stock": 0
        },
        "2015-06-15": {
            "cash": 0.85,
            "stock": 0
        },
        "2015-09-16": {
            "cash": 0.85,
            "stock": 0
        },
        "2015-12-15": {
            "cash": 0.89,
            "stock": 0
        },
        "2016-03-15": {
            "cash": 0.89,
            "stock": 0
        },
        "2016-09-16": {
            "cash": 0.89,
            "stock": 0
        },
        "2016-12-15": {
            "cash": 0.94,
            "stock": 0
        },
        "2017-03-15": {
            "cash": 0.94,
            "stock": 0
        },
        "2017-06-19": {
            "cash": 0.94,
            "stock": 0
        },
        "2017-09-18": {
            "cash": 0.94,
            "stock": 0
        },
        "2017-12-15": {
            "cash": 1.01,
            "stock": 0
        },
        "2018-03-15": {
            "cash": 1.01,
            "stock": 0
        },
        "2018-06-18": {
            "cash": 1.01,
            "stock": 0
        },
        "2018-09-18": {
            "cash": 1.01,
            "stock": 0
        },
        "2018-12-17": {
            "cash": 1.16,
            "stock": 0
        },
        "2019-03-15": {
            "cash": 1.16,
            "stock": 0
        },
        "2019-06-17": {
            "cash": 1.16,
            "stock": 0
        },
        "2019-09-17": {
            "cash": 1.16,
            "stock": 0
        },
        "2019-12-16": {
            "cash": 1.25,
            "stock": 0
        },
        "2020-03-16": {
            "cash": 1.25,
            "stock": 0
        },
        "2020-06-15": {
            "cash": 1.25,
            "stock": 0
        },
        "2020-09-15": {
            "cash": 1.25,
            "stock": 0
        },
        "2020-12-15": {
            "cash": 1.29,
            "stock": 0
        },
        "2021-03-15": {
            "cash": 1.29,
            "stock": 0
        },
        "2021-06-15": {
            "cash": 1.29,
            "stock": 0
        },
        "2021-09-15": {
            "cash": 1.29,
            "stock": 0
        },
        "2021-12-15": {
            "cash": 1.38,
            "stock": 0
        },
        "2022-03-15": {
            "cash": 1.38,
            "stock": 0
        },
        "2022-06-20": {
            "cash": 1.38,
            "stock": 0
        },
        "2022-09-20": {
            "cash": 1.38,
            "stock": 0
        },
        "2022-12-15": {
            "cash": 1.52,
            "stock": 0
        },
        "2023-03-15": {
            "cash": 1.52,
            "stock": 0
        },
        "2023-06-20": {
            "cash": 1.52,
            "stock": 0
        },
        "2023-09-15": {
            "cash": 1.52,
            "stock": 0
        },
        "2023-12-15": {
            "cash": 1.52,
            "stock": 0
        }
    },
    "prices": {
        "200101": "32.29",
        "200102": "29.75",
        "200103": "27.10",
        "200104": "26.85",
        "200105": "28.59",
        "200106": "28.81",
        "200107": "27.73",
        "200108": "29.39",
        "200109": "28.24",
        "200110": "28.46",
        "200111": "27.11",
        "200112": "26.46",
        "200201": "26.63",
        "200202": "26.75",
        "200203": "27.91",
        "200204": "28.03",
        "200205": "29.76",
        "200206": "29.49",
        "200207": "25.78",
        "200208": "23.69",
        "200209": "19.84",
        "200210": "18.00",
        "200211": "18.10",
        "200212": "16.83",
        "200301": "15.85",
        "200302": "13.62",
        "200303": "13.61",
        "200304": "15.71",
        "200305": "17.88",
        "200306": "21.37",
        "200307": "21.87",
        "200308": "22.71",
        "200309": "23.51",
        "200310": "24.28",
        "200311": "25.59",
        "200312": "25.30",
        "200401": "25.23",
        "200402": "27.10",
        "200403": "28.57",
        "200404": "27.81",
        "200405": "26.30",
        "200406": "26.73",
        "200407": "27.14",
        "200408": "26.68",
        "200409": "27.53",
        "200410": "28.51",
        "200411": "30.05",
        "200412": "32.00",
        "200501": "31.70",
        "200502": "32.42",
        "200503": "32.38",
        "200504": "30.51",
        "200505": "30.35",
        "200506": "29.18",
        "200507": "29.77",
        "200508": "32.76",
        "200509": "33.04",
        "200510": "32.52",
        "200511": "33.33",
        "200512": "34.66",
        "200601": "34.82",
        "200602": "35.91",
        "200603": "34.67",
        "200604": "34.69",
        "200605": "34.39",
        "200606": "33.05",
        "200607": "34.30",
        "200608": "35.53",
        "200609": "37.88",
        "200610": "41.24",
        "200611": "41.73",
        "200612": "43.51",
        "200701": "44.05",
        "200702": "44.98",
        "200703": "44.12",
        "200704": "47.50",
        "200705": "50.74",
        "200706": "51.34",
        "200707": "51.04",
        "200708": "48.96",
        "200709": "53.08",
        "200710": "57.09",
        "200711": "58.21",
        "200712": "60.21",
        "200801": "54.46",
        "200802": "55.25",
        "200803": "54.45",
        "200804": "57.39",
        "200805": "59.82",
        "200806": "58.13",
        "200807": "58.85",
        "200808": "62.73",
        "200809": "62.57",
        "200810": "55.91",
        "200811": "56.01",
        "200812": "60.75",
        "200901": "59.53",
        "200902": "56.21",
        "200903": "53.31",
        "200904": "55.19",
        "200905": "55.00",
        "200906": "58.25",
        "200907": "57.07",
        "200908": "55.76",
        "200909": "55.92",
        "200910": "58.02",
        "200911": "62.72",
        "200912": "62.32",
        "201001": "62.72",
        "201002": "64.12",
        "201003": "65.77",
        "201004": "69.54",
        "201005": "69.13",
        "201006": "68.31",
        "201007": "69.51",
        "201008": "72.34",
        "201009": "74.86",
        "201010": "76.84",
        "201011": "78.87",
        "201012": "77.64",
        "201101": "74.47",
        "201102": "75.18",
        "201103": "75.13",
        "201104": "76.96",
        "201105": "80.75",
        "201106": "81.93",
        "201107": "86.24",
        "201108": "87.09",
        "201109": "88.05",
        "201110": "89.65",
        "201111": "93.31",
        "201112": "98.05",
        "201201": "99.92",
        "201202": "99.78",
        "201203": "97.71",
        "201204": "97.07",
        "201205": "92.37",
        "201206": "88.28",
        "201207": "90.07",
        "201208": "88.60",
        "201209": "91.90",
        "201210": "90.65",
        "201211": "85.91",
        "201212": "88.85",
        "201301": "92.25",
        "201302": "94.89",
        "201303": "98.20",
        "201304": "101.18",
        "201305": "100.84",
        "201306": "98.23",
        "201307": "99.33",
        "201308": "96.47",
        "201309": "97.01",
        "201310": "94.93",
        "201311": "97.60",
        "201312": "95.90",
        "201401": "95.12",
        "201402": "95.26",
        "201403": "96.45",
        "201404": "99.38",
        "201405": "102.07",
        "201406": "101.41",
        "201407": "98.39",
        "201408": "93.99",
        "201409": "93.61",
        "201410": "92.29",
        "201411": "95.75",
        "201412": "93.15",
        "201501": "91.80",
        "201502": "94.96",
        "201503": "97.60",
        "201504": "96.64",
        "201505": "97.83",
        "201506": "95.80",
        "201507": "97.37",
        "201508": "98.05",
        "201509": "96.82",
        "201510": "105.59",
        "201511": "112.91",
        "201512": "117.04",
        "201601": "118.08",
        "201602": "118.36",
        "201603": "121.76",
        "201604": "127.54",
        "201605": "126.99",
        "201606": "121.37",
        "201607": "122.80",
        "201608": "117.07",
        "201609": "115.97",
        "201610": "113.15",
        "201611": "116.89",
        "201612": "121.73",
        "201701": "121.46",
        "201702": "125.98",
        "201703": "128.56",
        "201704": "133.32",
        "201705": "146.19",
        "201706": "152.54",
        "201707": "154.94",
        "201708": "157.39",
        "201709": "157.76",
        "201710": "162.95",
        "201711": "168.59",
        "201712": "172.72",
        "201801": "174.54",
        "201802": "162.22",
        "201803": "156.56",
        "201804": "160.81",
        "201805": "162.60",
        "201806": "163.00",
        "201807": "158.29",
        "201808": "159.64",
        "201809": "163.20",
        "201810": "169.08",
        "201811": "183.95",
        "201812": "180.05",
        "201901": "181.33",
        "201902": "178.68",
        "201903": "184.16",
        "201904": "192.49",
        "201905": "198.18",
        "201906": "203.84",
        "201907": "212.93",
        "201908": "217.18",
        "201909": "212.92",
        "201910": "204.78",
        "201911": "193.43",
        "201912": "196.04",
        "202001": "208.83",
        "202002": "212.80",
        "202003": "172.15",
        "202004": "179.06",
        "202005": "181.16",
        "202006": "189.46",
        "202007": "191.37",
        "202008": "207.57",
        "202009": "217.62",
        "202010": "224.50",
        "202011": "215.86",
        "202012": "211.85",
        "202101": "211.42",
        "202102": "212.11",
        "202103": "217.35",
        "202104": "232.04",
        "202105": "232.84",
        "202106": "233.22",
        "202107": "237.25",
        "202108": "237.46",
        "202109": "241.41",
        "202110": "243.19",
        "202111": "252.04",
        "202112": "261.78",
        "202201": "259.27",
        "202202": "254.49",
        "202203": "235.81",
        "202204": "251.15",
        "202205": "244.37",
        "202206": "243.55",
        "202207": "254.60",
        "202208": "261.04",
        "202209": "250.58",
        "202210": "248.12",
        "202211": "273.56",
        "202212": "269.77",
        "202301": "268.53",
        "202302": "265.60",
        "202303": "269.28",
        "202304": "288.44",
        "202305": "292.72",
        "202306": "290.14",
        "202307": "294.55",
        "202308": "285.74",
        "202309": "275.25",
        "202310": "254.22",
        "202311": "273.79",
        "202312": "290.22"
    },
    "quarters": {
        "20011": {
            "year_quarter": 20011,
            "year": 2001,
            "quarter": 1,
            "eps": 0.28,
            "eps_growth_year": -14.81,
            "eps_4q": 1.41,
            "eps_4q_growth_year": -1.91,
            "roe": 4.17,
            "roe_4q": 4.17,
            "gross_profit": 1071400,
            "gross_margin": 30.51,
            "gross_margin_4q_avg": 30.51,
            "net_income": 378300,
            "net_income_4q": null,
            "revenue": 3511700,
            "revenue_4q": null,
            "common_shares": 16600,
            "book_valuer_per_share": 6.91,
            "book_valuer_per_share_4q_avg": 6.91,
            "equity": 8930800,
            "current_ratio": 73.44,
            "debt_ratio": 58.36,
            "inventory_turnover_ratio": 26.17,
            "account_receivable_turnover_ratio": 4.42,
            "reinvestment_rate": 31.02,
            "research_to_sale_ratio": null,
            "price_fair": 0,
            "eps_avg_yearly": 0,
            "eps_latest_yearly": 0,
            "eps_growth_yearly": 0
        },
        "20012": {
            "year_quarter": 20012,
            "year": 2001,
            "quarter": 2,
            "eps": 0.33,
            "eps_growth_year": -13.62,
            "eps_4q": 1.36,
            "eps_4q_growth_year": -6.45,
            "roe": 4.85,
            "roe_4q": 9.02,
            "gross_profit": 1168000,
            "gross_margin": 31.5,
            "gross_margin_4q_avg": 31.01,
            "net_income": 440900,
            "net_income_4q": null,
            "revenue": 3707500,
            "revenue_4q": null,
            "common_shares": 16600,
            "book_valuer_per_share": 7.18,
            "book_valuer_per_share_4q_avg": 7.05,
            "equity": 9243500,
            "current_ratio": 99.29,
            "debt_ratio": 56.78,
            "inventory_turnover_ratio": 28.3,
            "account_receivable_turnover_ratio": 4.75,
            "reinvestment_rate": 27.18,
            "research_to_sale_ratio": null,
            "price_fair": 0,
            "eps_avg_yearly": 0,
            "eps_latest_yearly": 0,
            "eps_growth_yearly": 0
        },
        "20013": {
            "year_quarter": 20013,
            "year": 2001,
            "quarter": 3,
            "eps": 0.46,
            "eps_growth_year": 13.51,
            "eps_4q": 1.41,
            "eps_4q_growth_year": -3.88,
            "roe": 5.74,
            "roe_4q": 14.76,
            "gross_profit": 1235100,
            "gross_margin": 31.84,
            "gross_margin_4q_avg": 31.28,
            "net_income": 545500,
            "net_income_4q": null,
            "revenue": 3879300,
            "revenue_4q": null,
            "common_shares": 16600,
            "book_valuer_per_share": 7.6,
            "book_valuer_per_share_4q_avg": 7.23,
            "equity": 9765200,
            "current_ratio": 105.87,
            "debt_ratio": 56.22,
            "inventory_turnover_ratio": 27.78,
            "account_receivable_turnover_ratio": 4.98,
            "reinvestment_rate": 19.41,
            "research_to_sale_ratio": null,
            "price_fair": 0,
            "eps_avg_yearly": 0,
            "eps_latest_yearly": 0,
            "eps_growth_yearly": 0
        },
        "20014": {
            "year_quarter": 20014,
            "year": 2001,
            "quarter": 4,
            "eps": 0.32,
            "eps_growth_year": -5.61,
            "eps_4q": 1.39,
            "eps_4q_growth_year": -4.43,
            "roe": 2.82,
            "roe_4q": 17.58,
            "gross_profit": 1141600,
            "gross_margin": 30.27,
            "gross_margin_4q_avg": 31.03,
            "net_income": 271900,
            "net_income_4q": null,
            "revenue": 3771500,
            "revenue_4q": null,
            "common_shares": 16600,
            "book_valuer_per_share": 6.38,
            "book_valuer_per_share_4q_avg": 7.02,
            "equity": 9488400,
            "current_ratio": 80.92,
            "debt_ratio": 57.89,
            "inventory_turnover_ratio": 25.83,
            "account_receivable_turnover_ratio": 4.51,
            "reinvestment_rate": 46.14,
            "research_to_sale_ratio": null,
            "price_fair": 0,
            "eps_avg_yearly": 0,
            "eps_latest_yearly": 0,
            "eps_growth_yearly": 0
        },
        "20021": {
            "year_quarter": 20021,
            "year": 2002,
            "quarter": 1,
            "eps": 0.27,
            "eps_growth_year": -1.99,
            "eps_4q": 1.39,
            "eps_4q_growth_year": -1.55,
            "roe": 3.69,
            "roe_4q": 17.1,
            "gross_profit": 1085100,
            "gross_margin": 30.16,
            "gross_margin_4q_avg": 30.94,
            "net_income": 351700,
            "net_income_4q": null,
            "revenue": 3597400,
            "revenue_4q": null,
            "common_shares": 16600,
            "book_valuer_per_share": 6.54,
            "book_valuer_per_share_4q_avg": 6.93,
            "equity": 9576900,
            "current_ratio": 81.9,
            "debt_ratio": 56.85,
            "inventory_turnover_ratio": 24.68,
            "account_receivable_turnover_ratio": 4.13,
            "reinvestment_rate": 40.73,
            "research_to_sale_ratio": null,
            "price_fair": 3.24,
            "eps_avg_yearly": 1.08,
            "eps_latest_yearly": 1.08,
            "eps_growth_yearly": -62.5
        },
        "20022": {
            "year_quarter": 20022,
            "year": 2002,
            "quarter": 2,
            "eps": 0.37,
            "eps_growth_year": 11.07,
            "eps_4q": 1.42,
            "eps_4q_growth_year": 4.97,
            "roe": 4.99,
            "roe_4q": 17.240000000000002,
            "gross_profit": 1202200,
            "gross_margin": 31.13,
            "gross_margin_4q_avg": 30.85,
            "net_income": 497500,
            "net_income_4q": null,
            "revenue": 3862100,
            "revenue_4q": null,
            "common_shares": 16600,
            "book_valuer_per_share": 7.04,
            "book_valuer_per_share_4q_avg": 6.89,
            "equity": 10349600,
            "current_ratio": 91.58,
            "debt_ratio": 55.64,
            "inventory_turnover_ratio": 26.98,
            "account_receivable_turnover_ratio": 4.38,
            "reinvestment_rate": 44.88,
            "research_to_sale_ratio": null,
            "price_fair": 44.8,
            "eps_avg_yearly": 1.28,
            "eps_latest_yearly": 1.48,
            "eps_growth_yearly": 42.82
        },
        "20023": {
            "year_quarter": 20023,
            "year": 2002,
            "quarter": 3,
            "eps": 0.36,
            "eps_growth_year": -22.21,
            "eps_4q": 1.32,
            "eps_4q_growth_year": -6.4,
            "roe": 4.64,
            "roe_4q": 16.139999999999997,
            "gross_profit": 1248000,
            "gross_margin": 30.84,
            "gross_margin_4q_avg": 30.6,
            "net_income": 486700,
            "net_income_4q": null,
            "revenue": 4047000,
            "revenue_4q": null,
            "common_shares": 16600,
            "book_valuer_per_share": 7.26,
            "book_valuer_per_share_4q_avg": 6.81,
            "equity": 10641500,
            "current_ratio": 95.87,
            "debt_ratio": 54.9,
            "inventory_turnover_ratio": 27.84,
            "account_receivable_turnover_ratio": 4.64,
            "reinvestment_rate": 29.41,
            "research_to_sale_ratio": null,
            "price_fair": 46.59,
            "eps_avg_yearly": 1.33,
            "eps_latest_yearly": 1.44,
            "eps_growth_yearly": 24.95
        },
        "20024": {
            "year_quarter": 20024,
            "year": 2002,
            "quarter": 4,
            "eps": -0.24,
            "eps_growth_year": -173.86,
            "eps_4q": 0.77,
            "eps_4q_growth_year": -45.02,
            "roe": -3.29,
            "roe_4q": 10.03,
            "gross_profit": 1123700,
            "gross_margin": 28.82,
            "gross_margin_4q_avg": 30.24,
            "net_income": -343800,
            "net_income_4q": null,
            "revenue": 3899200,
            "revenue_4q": null,
            "common_shares": 16600,
            "book_valuer_per_share": 6.88,
            "book_valuer_per_share_4q_avg": 6.93,
            "equity": 10280900,
            "current_ratio": 70.82,
            "debt_ratio": 57.11,
            "inventory_turnover_ratio": 25.98,
            "account_receivable_turnover_ratio": 4.6,
            "reinvestment_rate": 60.04,
            "research_to_sale_ratio": null,
            "price_fair": 46.59,
            "eps_avg_yearly": 1.33,
            "eps_latest_yearly": 1.44,
            "eps_growth_yearly": 24.95
        },
        "20031": {
            "year_quarter": 20031,
            "year": 2003,
            "quarter": 1,
            "eps": 0.29,
            "eps_growth_year": 5.38,
            "eps_4q": 0.78,
            "eps_4q_growth_year": -43.74,
            "roe": 3.45,
            "roe_4q": 9.79,
            "gross_profit": 1067000,
            "gross_margin": 28.08,
            "gross_margin_4q_avg": 29.72,
            "net_income": 364200,
            "net_income_4q": null,
            "revenue": 3799700,
            "revenue_4q": null,
            "common_shares": 16600,
            "book_valuer_per_share": 7.21,
            "book_valuer_per_share_4q_avg": 7.1,
            "equity": 10821700,
            "current_ratio": 79.27,
            "debt_ratio": 55.67,
            "inventory_turnover_ratio": 25.37,
            "account_receivable_turnover_ratio": 4.55,
            "reinvestment_rate": 63.84,
            "research_to_sale_ratio": null,
            "price_fair": 46.59,
            "eps_avg_yearly": 1.33,
            "eps_latest_yearly": 1.44,
            "eps_growth_yearly": 24.95
        },
        "20032": {
            "year_quarter": 20032,
            "year": 2003,
            "quarter": 2,
            "eps": 0.36,
            "eps_growth_year": -1.99,
            "eps_4q": 0.77,
            "eps_4q_growth_year": -45.71,
            "roe": 4.19,
            "roe_4q": 8.99,
            "gross_profit": 1305800,
            "gross_margin": 30.5,
            "gross_margin_4q_avg": 29.56,
            "net_income": 470900,
            "net_income_4q": null,
            "revenue": 4280800,
            "revenue_4q": null,
            "common_shares": 16600,
            "book_valuer_per_share": 7.82,
            "book_valuer_per_share_4q_avg": 7.29,
            "equity": 11664000,
            "current_ratio": 78.32,
            "debt_ratio": 53.52,
            "inventory_turnover_ratio": 27.65,
            "account_receivable_turnover_ratio": 5.27,
            "reinvestment_rate": 65.37,
            "research_to_sale_ratio": null,
            "price_fair": 47.6,
            "eps_avg_yearly": 1.36,
            "eps_latest_yearly": 1.44,
            "eps_growth_yearly": 42.85
        },
        "20033": {
            "year_quarter": 20033,
            "year": 2003,
            "quarter": 3,
            "eps": 0.43,
            "eps_growth_year": 18.75,
            "eps_4q": 0.84,
            "eps_4q_growth_year": -36.38,
            "roe": 4.7,
            "roe_4q": 9.05,
            "gross_profit": 1428000,
            "gross_margin": 31.7,
            "gross_margin_4q_avg": 29.78,
            "net_income": 547400,
            "net_income_4q": null,
            "revenue": 4504600,
            "revenue_4q": null,
            "common_shares": 16600,
            "book_valuer_per_share": 7.79,
            "book_valuer_per_share_4q_avg": 7.43,
            "equity": 11648600,
            "current_ratio": 73.61,
            "debt_ratio": 53.84,
            "inventory_turnover_ratio": 27.02,
            "account_receivable_turnover_ratio": 5.97,
            "reinvestment_rate": 64.35,
            "research_to_sale_ratio": null,
            "price_fair": 50.12,
            "eps_avg_yearly": 1.43,
            "eps_latest_yearly": 1.72,
            "eps_growth_yearly": 49.83
        },
        "20034": {
            "year_quarter": 20034,
            "year": 2003,
            "quarter": 4,
            "eps": 0.1,
            "eps_growth_year": null,
            "eps_4q": 1.18,
            "eps_4q_growth_year": 54.03,
            "roe": 1.06,
            "roe_4q": 13.399999999999999,
            "gross_profit": 1396000,
            "gross_margin": 30.64,
            "gross_margin_4q_avg": 30.23,
            "net_income": 125700,
            "net_income_4q": null,
            "revenue": 4555400,
            "revenue_4q": null,
            "common_shares": 16600,
            "book_valuer_per_share": 8.18,
            "book_valuer_per_share_4q_avg": 7.75,
            "equity": 11981900,
            "current_ratio": 68.6,
            "debt_ratio": 53.63,
            "inventory_turnover_ratio": 25.73,
            "account_receivable_turnover_ratio": 6.34,
            "reinvestment_rate": 75.73,
            "research_to_sale_ratio": null,
            "price_fair": 3.78,
            "eps_avg_yearly": 1.26,
            "eps_latest_yearly": 0.4,
            "eps_growth_yearly": -9.63
        },
        "20041": {
            "year_quarter": 20041,
            "year": 2004,
            "quarter": 1,
            "eps": 0.39,
            "eps_growth_year": 36.94,
            "eps_4q": 1.29,
            "eps_4q_growth_year": 64.72,
            "roe": 4.2,
            "roe_4q": 14.150000000000002,
            "gross_profit": 1325900,
            "gross_margin": 30.14,
            "gross_margin_4q_avg": 30.75,
            "net_income": 511500,
            "net_income_4q": null,
            "revenue": 4399700,
            "revenue_4q": null,
            "common_shares": 16600,
            "book_valuer_per_share": 8.47,
            "book_valuer_per_share_4q_avg": 8.07,
            "equity": 12368400,
            "current_ratio": 88.12,
            "debt_ratio": 52.09,
            "inventory_turnover_ratio": 24.42,
            "account_receivable_turnover_ratio": 6.33,
            "reinvestment_rate": 68.74,
            "research_to_sale_ratio": null,
            "price_fair": 45.6,
            "eps_avg_yearly": 1.3,
            "eps_latest_yearly": 1.56,
            "eps_growth_yearly": 157.46
        },
        "20042": {
            "year_quarter": 20042,
            "year": 2004,
            "quarter": 2,
            "eps": 0.47,
            "eps_growth_year": 29.42,
            "eps_4q": 1.39,
            "eps_4q_growth_year": 80.07,
            "roe": 4.72,
            "roe_4q": 14.68,
            "gross_profit": 1497800,
            "gross_margin": 31.67,
            "gross_margin_4q_avg": 31.04,
            "net_income": 590700,
            "net_income_4q": null,
            "revenue": 4729000,
            "revenue_4q": null,
            "common_shares": 16600,
            "book_valuer_per_share": 8.73,
            "book_valuer_per_share_4q_avg": 8.29,
            "equity": 12662300,
            "current_ratio": 112.32,
            "debt_ratio": 50.29,
            "inventory_turnover_ratio": 25.63,
            "account_receivable_turnover_ratio": 7.01,
            "reinvestment_rate": 66.14,
            "research_to_sale_ratio": null,
            "price_fair": 48.13,
            "eps_avg_yearly": 1.38,
            "eps_latest_yearly": 1.88,
            "eps_growth_yearly": 148.03
        },
        "20043": {
            "year_quarter": 20043,
            "year": 2004,
            "quarter": 3,
            "eps": 0.61,
            "eps_growth_year": 42.84,
            "eps_4q": 1.57,
            "eps_4q_growth_year": 87.4,
            "roe": 6.08,
            "roe_4q": 16.06,
            "gross_profit": 1586500,
            "gross_margin": 32.21,
            "gross_margin_4q_avg": 31.17,
            "net_income": 778400,
            "net_income_4q": null,
            "revenue": 4925700,
            "revenue_4q": null,
            "common_shares": 16600,
            "book_valuer_per_share": 8.91,
            "book_valuer_per_share_4q_avg": 8.57,
            "equity": 12960600,
            "current_ratio": 98.5,
            "debt_ratio": 50.79,
            "inventory_turnover_ratio": 24.72,
            "account_receivable_turnover_ratio": 7.33,
            "reinvestment_rate": 43.79,
            "research_to_sale_ratio": null,
            "price_fair": 52.27,
            "eps_avg_yearly": 1.49,
            "eps_latest_yearly": 2.44,
            "eps_growth_yearly": 144.82
        },
        "20044": {
            "year_quarter": 20044,
            "year": 2004,
            "quarter": 4,
            "eps": 0.45,
            "eps_growth_year": 339.47,
            "eps_4q": 1.92,
            "eps_4q_growth_year": 63.18,
            "roe": 2.93,
            "roe_4q": 17.93,
            "gross_profit": 1551500,
            "gross_margin": 30.97,
            "gross_margin_4q_avg": 31.25,
            "net_income": 397900,
            "net_income_4q": null,
            "revenue": 5010300,
            "revenue_4q": null,
            "common_shares": 16600,
            "book_valuer_per_share": 9.74,
            "book_valuer_per_share_4q_avg": 8.96,
            "equity": 14201500,
            "current_ratio": 81.18,
            "debt_ratio": 48.98,
            "inventory_turnover_ratio": 24.03,
            "account_receivable_turnover_ratio": 7.19,
            "reinvestment_rate": 80.56,
            "research_to_sale_ratio": null,
            "price_fair": 53.34,
            "eps_avg_yearly": 1.52,
            "eps_latest_yearly": 1.8,
            "eps_growth_yearly": 119.85
        },
        "20051": {
            "year_quarter": 20051,
            "year": 2005,
            "quarter": 1,
            "eps": 0.56,
            "eps_growth_year": 42.97,
            "eps_4q": 2.09,
            "eps_4q_growth_year": 62.85,
            "roe": 5.05,
            "roe_4q": 18.78,
            "gross_profit": 1436700,
            "gross_margin": 29.91,
            "gross_margin_4q_avg": 31.19,
            "net_income": 727900,
            "net_income_4q": null,
            "revenue": 4802800,
            "revenue_4q": null,
            "common_shares": 16600,
            "book_valuer_per_share": 10.12,
            "book_valuer_per_share_4q_avg": 9.38,
            "equity": 14637600,
            "current_ratio": 104.81,
            "debt_ratio": 46.25,
            "inventory_turnover_ratio": 23.61,
            "account_receivable_turnover_ratio": 6.71,
            "reinvestment_rate": 68.65,
            "research_to_sale_ratio": null,
            "price_fair": 55.62,
            "eps_avg_yearly": 1.59,
            "eps_latest_yearly": 2.24,
            "eps_growth_yearly": 117.84
        },
        "20052": {
            "year_quarter": 20052,
            "year": 2005,
            "quarter": 2,
            "eps": 0.41,
            "eps_growth_year": -11.98,
            "eps_4q": 2.04,
            "eps_4q_growth_year": 46.35,
            "roe": 3.66,
            "roe_4q": 17.72,
            "gross_profit": 1579300,
            "gross_margin": 30.99,
            "gross_margin_4q_avg": 31.02,
            "net_income": 530400,
            "net_income_4q": null,
            "revenue": 5095700,
            "revenue_4q": null,
            "common_shares": 16600,
            "book_valuer_per_share": 10.03,
            "book_valuer_per_share_4q_avg": 9.7,
            "equity": 14360600,
            "current_ratio": 98.91,
            "debt_ratio": 46.77,
            "inventory_turnover_ratio": 25.41,
            "account_receivable_turnover_ratio": 7.06,
            "reinvestment_rate": 55.41,
            "research_to_sale_ratio": null,
            "price_fair": 55.77,
            "eps_avg_yearly": 1.59,
            "eps_latest_yearly": 1.64,
            "eps_growth_yearly": 99.09
        },
        "20053": {
            "year_quarter": 20053,
            "year": 2005,
            "quarter": 3,
            "eps": 0.57,
            "eps_growth_year": -6.23,
            "eps_4q": 2,
            "eps_4q_growth_year": 26.92,
            "roe": 5.09,
            "roe_4q": 16.73,
            "gross_profit": 1680600,
            "gross_margin": 31.55,
            "gross_margin_4q_avg": 30.86,
            "net_income": 735400,
            "net_income_4q": null,
            "revenue": 5327100,
            "revenue_4q": null,
            "common_shares": 16600,
            "book_valuer_per_share": 10,
            "book_valuer_per_share_4q_avg": 9.97,
            "equity": 14516200,
            "current_ratio": 91.95,
            "debt_ratio": 47.87,
            "inventory_turnover_ratio": 25.97,
            "account_receivable_turnover_ratio": 7.05,
            "reinvestment_rate": 35.8,
            "research_to_sale_ratio": null,
            "price_fair": 57.62,
            "eps_avg_yearly": 1.65,
            "eps_latest_yearly": 2.28,
            "eps_growth_yearly": 103.48
        },
        "20054": {
            "year_quarter": 20054,
            "year": 2005,
            "quarter": 4,
            "eps": 0.49,
            "eps_growth_year": 7.55,
            "eps_4q": 2.03,
            "eps_4q_growth_year": 5.65,
            "roe": 4.08,
            "roe_4q": 17.88,
            "gross_profit": 1603300,
            "gross_margin": 31.68,
            "gross_margin_4q_avg": 31.03,
            "net_income": 604800,
            "net_income_4q": null,
            "revenue": 5061200,
            "revenue_4q": null,
            "common_shares": 16600,
            "book_valuer_per_share": 10.47,
            "book_valuer_per_share_4q_avg": 10.16,
            "equity": 15146100,
            "current_ratio": 151.4,
            "debt_ratio": 49.49,
            "inventory_turnover_ratio": 24.18,
            "account_receivable_turnover_ratio": 6.53,
            "reinvestment_rate": 34.1,
            "research_to_sale_ratio": null,
            "price_fair": 58.4,
            "eps_avg_yearly": 1.67,
            "eps_latest_yearly": 1.96,
            "eps_growth_yearly": 92.08
        },
        "20061": {
            "year_quarter": 20061,
            "year": 2006,
            "quarter": 1,
            "eps": 0.5,
            "eps_growth_year": -11.44,
            "eps_4q": 1.97,
            "eps_4q_growth_year": -5.94,
            "roe": 3.78,
            "roe_4q": 16.61,
            "gross_profit": 1517500,
            "gross_margin": 30.88,
            "gross_margin_4q_avg": 31.28,
            "net_income": 573400,
            "net_income_4q": null,
            "revenue": 4913900,
            "revenue_4q": null,
            "common_shares": 16600,
            "book_valuer_per_share": 10.53,
            "book_valuer_per_share_4q_avg": 10.26,
            "equity": 15167000,
            "current_ratio": 142.51,
            "debt_ratio": 48.76,
            "inventory_turnover_ratio": 24.02,
            "account_receivable_turnover_ratio": 6.4,
            "reinvestment_rate": 28.11,
            "research_to_sale_ratio": null,
            "price_fair": 60.7,
            "eps_avg_yearly": 1.73,
            "eps_latest_yearly": 2,
            "eps_growth_yearly": 97.12
        },
        "20062": {
            "year_quarter": 20062,
            "year": 2006,
            "quarter": 2,
            "eps": 0.57,
            "eps_growth_year": 38.48,
            "eps_4q": 2.13,
            "eps_4q_growth_year": 4.45,
            "roe": 4.53,
            "roe_4q": 17.48,
            "gross_profit": 1738700,
            "gross_margin": 32.39,
            "gross_margin_4q_avg": 31.63,
            "net_income": 698300,
            "net_income_4q": null,
            "revenue": 5367400,
            "revenue_4q": null,
            "common_shares": 16600,
            "book_valuer_per_share": 11.02,
            "book_valuer_per_share_4q_avg": 10.51,
            "equity": 15638700,
            "current_ratio": 135.34,
            "debt_ratio": 47.47,
            "inventory_turnover_ratio": 25.88,
            "account_receivable_turnover_ratio": 6.71,
            "reinvestment_rate": 32.73,
            "research_to_sale_ratio": null,
            "price_fair": 62.7,
            "eps_avg_yearly": 1.79,
            "eps_latest_yearly": 2.28,
            "eps_growth_yearly": 90.54
        },
        "20063": {
            "year_quarter": 20063,
            "year": 2006,
            "quarter": 3,
            "eps": 0.69,
            "eps_growth_year": 19.73,
            "eps_4q": 2.24,
            "eps_4q_growth_year": 12.09,
            "roe": 5.4,
            "roe_4q": 17.79,
            "gross_profit": 1875200,
            "gross_margin": 34.07,
            "gross_margin_4q_avg": 32.26,
            "net_income": 841700,
            "net_income_4q": null,
            "revenue": 5503200,
            "revenue_4q": null,
            "common_shares": 16600,
            "book_valuer_per_share": 10.81,
            "book_valuer_per_share_4q_avg": 10.71,
            "equity": 15526300,
            "current_ratio": 127.52,
            "debt_ratio": 49.64,
            "inventory_turnover_ratio": 25.34,
            "account_receivable_turnover_ratio": 6.59,
            "reinvestment_rate": 23.76,
            "research_to_sale_ratio": null,
            "price_fair": 66,
            "eps_avg_yearly": 1.89,
            "eps_latest_yearly": 2.76,
            "eps_growth_yearly": 97.33
        },
        "20064": {
            "year_quarter": 20064,
            "year": 2006,
            "quarter": 4,
            "eps": 0.61,
            "eps_growth_year": 25.83,
            "eps_4q": 2.37,
            "eps_4q_growth_year": 16.39,
            "roe": 4.85,
            "roe_4q": 18.560000000000002,
            "gross_profit": 1824200,
            "gross_margin": 33.5,
            "gross_margin_4q_avg": 32.71,
            "net_income": 751700,
            "net_income_4q": null,
            "revenue": 5445300,
            "revenue_4q": null,
            "common_shares": 16600,
            "book_valuer_per_share": 11.12,
            "book_valuer_per_share_4q_avg": 10.87,
            "equity": 15458300,
            "current_ratio": 175.91,
            "debt_ratio": 46.65,
            "inventory_turnover_ratio": 28.19,
            "account_receivable_turnover_ratio": 6.73,
            "reinvestment_rate": 6.55,
            "research_to_sale_ratio": null,
            "price_fair": 67.29,
            "eps_avg_yearly": 1.92,
            "eps_latest_yearly": 2.44,
            "eps_growth_yearly": 87.75
        },
        "20071": {
            "year_quarter": 20071,
            "year": 2007,
            "quarter": 1,
            "eps": 0.64,
            "eps_growth_year": 28.58,
            "eps_4q": 2.51,
            "eps_4q_growth_year": 27.4,
            "roe": 4.91,
            "roe_4q": 19.69,
            "gross_profit": 1723700,
            "gross_margin": 32.57,
            "gross_margin_4q_avg": 33.13,
            "net_income": 766500,
            "net_income_4q": null,
            "revenue": 5292700,
            "revenue_4q": null,
            "common_shares": 16600,
            "book_valuer_per_share": 11.32,
            "book_valuer_per_share_4q_avg": 11.07,
            "equity": 15767000,
            "current_ratio": 126.59,
            "debt_ratio": 46.5,
            "inventory_turnover_ratio": 27.87,
            "account_receivable_turnover_ratio": 6.4,
            "reinvestment_rate": 17.31,
            "research_to_sale_ratio": null,
            "price_fair": 68.69,
            "eps_avg_yearly": 1.96,
            "eps_latest_yearly": 2.56,
            "eps_growth_yearly": 83.49
        },
        "20072": {
            "year_quarter": 20072,
            "year": 2007,
            "quarter": 2,
            "eps": 3.56,
            "eps_growth_year": 522.6,
            "eps_4q": 5.49,
            "eps_4q_growth_year": 158.25,
            "roe": 18.47,
            "roe_4q": 33.629999999999995,
            "gross_profit": 5557900,
            "gross_margin": 95.18,
            "gross_margin_4q_avg": 48.83,
            "net_income": 2849800,
            "net_income_4q": null,
            "revenue": 5839400,
            "revenue_4q": null,
            "common_shares": 16600,
            "book_valuer_per_share": 10.81,
            "book_valuer_per_share_4q_avg": 11.02,
            "equity": 15085700,
            "current_ratio": 127.17,
            "debt_ratio": 47.97,
            "inventory_turnover_ratio": 2.13,
            "account_receivable_turnover_ratio": 7.15,
            "reinvestment_rate": 5.62,
            "research_to_sale_ratio": null,
            "price_fair": 96.69,
            "eps_avg_yearly": 2.76,
            "eps_latest_yearly": 14.24,
            "eps_growth_yearly": 191.52
        },
        "20073": {
            "year_quarter": 20073,
            "year": 2007,
            "quarter": 3,
            "eps": 0.87,
            "eps_growth_year": 27.19,
            "eps_4q": 5.68,
            "eps_4q_growth_year": 153.55,
            "roe": 6.68,
            "roe_4q": 34.91,
            "gross_profit": 2121200,
            "gross_margin": 35.95,
            "gross_margin_4q_avg": 49.3,
            "net_income": 1003700,
            "net_income_4q": null,
            "revenue": 5900900,
            "revenue_4q": null,
            "common_shares": 16600,
            "book_valuer_per_share": 10.72,
            "book_valuer_per_share_4q_avg": 10.99,
            "equity": 14967900,
            "current_ratio": 105.59,
            "debt_ratio": 49.56,
            "inventory_turnover_ratio": 31.87,
            "account_receivable_turnover_ratio": 7.5,
            "reinvestment_rate": 4.81,
            "research_to_sale_ratio": null,
            "price_fair": 100.54,
            "eps_avg_yearly": 2.87,
            "eps_latest_yearly": 3.48,
            "eps_growth_yearly": 167.77
        },
        "20074": {
            "year_quarter": 20074,
            "year": 2007,
            "quarter": 4,
            "eps": 1.12,
            "eps_growth_year": 83.39,
            "eps_4q": 6.19,
            "eps_4q_growth_year": 161.66,
            "roe": 8.42,
            "roe_4q": 38.480000000000004,
            "gross_profit": 2060600,
            "gross_margin": 35.81,
            "gross_margin_4q_avg": 49.88,
            "net_income": 1273200,
            "net_income_4q": null,
            "revenue": 5753600,
            "revenue_4q": null,
            "common_shares": 16600,
            "book_valuer_per_share": 11.14,
            "book_valuer_per_share_4q_avg": 11,
            "equity": 15279800,
            "current_ratio": 79.62,
            "debt_ratio": 48.01,
            "inventory_turnover_ratio": 30.48,
            "account_receivable_turnover_ratio": 6.25,
            "reinvestment_rate": 9.75,
            "research_to_sale_ratio": null,
            "price_fair": 109.46,
            "eps_avg_yearly": 3.13,
            "eps_latest_yearly": 4.48,
            "eps_growth_yearly": 194.14
        },
        "20081": {
            "year_quarter": 20081,
            "year": 2008,
            "quarter": 1,
            "eps": 0.8,
            "eps_growth_year": 25.5,
            "eps_4q": 6.35,
            "eps_4q_growth_year": 153.33,
            "roe": 6.37,
            "roe_4q": 39.94,
            "gross_profit": 1975400,
            "gross_margin": 35.18,
            "gross_margin_4q_avg": 50.53,
            "net_income": 946100,
            "net_income_4q": null,
            "revenue": 5614800,
            "revenue_4q": null,
            "common_shares": 16600,
            "book_valuer_per_share": 10.62,
            "book_valuer_per_share_4q_avg": 10.82,
            "equity": 14414200,
            "current_ratio": 117.44,
            "debt_ratio": 53.39,
            "inventory_turnover_ratio": 30.35,
            "account_receivable_turnover_ratio": 5.76,
            "reinvestment_rate": 16.61,
            "research_to_sale_ratio": null,
            "price_fair": 113.05,
            "eps_avg_yearly": 3.23,
            "eps_latest_yearly": 3.2,
            "eps_growth_yearly": 114.5
        },
        "20082": {
            "year_quarter": 20082,
            "year": 2008,
            "quarter": 2,
            "eps": 1.04,
            "eps_growth_year": -70.9,
            "eps_4q": 3.83,
            "eps_4q_growth_year": -30.25,
            "roe": 8.2,
            "roe_4q": 29.67,
            "gross_profit": 2224800,
            "gross_margin": 36.62,
            "gross_margin_4q_avg": 35.89,
            "net_income": 1190500,
            "net_income_4q": null,
            "revenue": 6075300,
            "revenue_4q": null,
            "common_shares": 16600,
            "book_valuer_per_share": 10.88,
            "book_valuer_per_share_4q_avg": 10.84,
            "equity": 14621600,
            "current_ratio": 128.37,
            "debt_ratio": 52.09,
            "inventory_turnover_ratio": 33.54,
            "account_receivable_turnover_ratio": 6.31,
            "reinvestment_rate": 14.76,
            "research_to_sale_ratio": null,
            "price_fair": 118.04,
            "eps_avg_yearly": 3.37,
            "eps_latest_yearly": 4.16,
            "eps_growth_yearly": 116.87
        },
        "20083": {
            "year_quarter": 20083,
            "year": 2008,
            "quarter": 3,
            "eps": 1.05,
            "eps_growth_year": 20.29,
            "eps_4q": 4.01,
            "eps_4q_growth_year": -29.43,
            "roe": 8.61,
            "roe_4q": 31.6,
            "gross_profit": 2363200,
            "gross_margin": 37.71,
            "gross_margin_4q_avg": 36.33,
            "net_income": 1191300,
            "net_income_4q": null,
            "revenue": 6267300,
            "revenue_4q": null,
            "common_shares": 16600,
            "book_valuer_per_share": 9.67,
            "book_valuer_per_share_4q_avg": 10.58,
            "equity": 13051600,
            "current_ratio": 98.02,
            "debt_ratio": 53.61,
            "inventory_turnover_ratio": 33.98,
            "account_receivable_turnover_ratio": 6.64,
            "reinvestment_rate": -0.6,
            "research_to_sale_ratio": null,
            "price_fair": 121.89,
            "eps_avg_yearly": 3.48,
            "eps_latest_yearly": 4.2,
            "eps_growth_yearly": 109.66
        },
        "20084": {
            "year_quarter": 20084,
            "year": 2008,
            "quarter": 4,
            "eps": 0.85,
            "eps_growth_year": -24.09,
            "eps_4q": 3.74,
            "eps_4q_growth_year": -39.62,
            "roe": 7.45,
            "roe_4q": 30.63,
            "gross_profit": 2075800,
            "gross_margin": 37.3,
            "gross_margin_4q_avg": 36.7,
            "net_income": 985300,
            "net_income_4q": null,
            "revenue": 5565000,
            "revenue_4q": null,
            "common_shares": 16600,
            "book_valuer_per_share": 9.99,
            "book_valuer_per_share_4q_avg": 10.29,
            "equity": 13382600,
            "current_ratio": 138.6,
            "debt_ratio": 52.98,
            "inventory_turnover_ratio": 30.85,
            "account_receivable_turnover_ratio": 6.22,
            "reinvestment_rate": 1,
            "research_to_sale_ratio": null,
            "price_fair": 125.39,
            "eps_avg_yearly": 3.58,
            "eps_latest_yearly": 3.4,
            "eps_growth_yearly": 111.46
        },
        "20091": {
            "year_quarter": 20091,
            "year": 2009,
            "quarter": 1,
            "eps": 0.87,
            "eps_growth_year": 7.96,
            "eps_4q": 3.8,
            "eps_4q_growth_year": -40.16,
            "roe": 7.52,
            "roe_4q": 31.779999999999998,
            "gross_profit": 1860200,
            "gross_margin": 36.64,
            "gross_margin_4q_avg": 37.07,
            "net_income": 979500,
            "net_income_4q": null,
            "revenue": 5077400,
            "revenue_4q": null,
            "common_shares": 16600,
            "book_valuer_per_share": 9.5,
            "book_valuer_per_share_4q_avg": 10.01,
            "equity": 12683100,
            "current_ratio": 155.92,
            "debt_ratio": 54.39,
            "inventory_turnover_ratio": 30.54,
            "account_receivable_turnover_ratio": 5.54,
            "reinvestment_rate": 0.34,
            "research_to_sale_ratio": null,
            "price_fair": 128.1,
            "eps_avg_yearly": 3.66,
            "eps_latest_yearly": 3.48,
            "eps_growth_yearly": 105.94
        },
        "20092": {
            "year_quarter": 20092,
            "year": 2009,
            "quarter": 2,
            "eps": 0.98,
            "eps_growth_year": -5.48,
            "eps_4q": 3.75,
            "eps_4q_growth_year": -2.26,
            "roe": 8.44,
            "roe_4q": 32.019999999999996,
            "gross_profit": 2169900,
            "gross_margin": 38.42,
            "gross_margin_4q_avg": 37.52,
            "net_income": 1093700,
            "net_income_4q": null,
            "revenue": 5647200,
            "revenue_4q": null,
            "common_shares": 16600,
            "book_valuer_per_share": 9.99,
            "book_valuer_per_share_4q_avg": 9.79,
            "equity": 13244600,
            "current_ratio": 126.5,
            "debt_ratio": 54.65,
            "inventory_turnover_ratio": 34.46,
            "account_receivable_turnover_ratio": 6.16,
            "reinvestment_rate": 6.56,
            "research_to_sale_ratio": null,
            "price_fair": 133.09,
            "eps_avg_yearly": 3.8,
            "eps_latest_yearly": 3.92,
            "eps_growth_yearly": 115.79
        },
        "20093": {
            "year_quarter": 20093,
            "year": 2009,
            "quarter": 3,
            "eps": 1.14,
            "eps_growth_year": 8.36,
            "eps_4q": 3.83,
            "eps_4q_growth_year": -4.38,
            "roe": 9.54,
            "roe_4q": 32.949999999999996,
            "gross_profit": 2408300,
            "gross_margin": 39.83,
            "gross_margin_4q_avg": 38.05,
            "net_income": 1261000,
            "net_income_4q": null,
            "revenue": 6046700,
            "revenue_4q": null,
            "common_shares": 16600,
            "book_valuer_per_share": 9.99,
            "book_valuer_per_share_4q_avg": 9.87,
            "equity": 13189600,
            "current_ratio": 101.76,
            "debt_ratio": 56.14,
            "inventory_turnover_ratio": 34.75,
            "account_receivable_turnover_ratio": 6.68,
            "reinvestment_rate": 11.58,
            "research_to_sale_ratio": null,
            "price_fair": 138.08,
            "eps_avg_yearly": 3.95,
            "eps_latest_yearly": 4.56,
            "eps_growth_yearly": 110.12
        },
        "20094": {
            "year_quarter": 20094,
            "year": 2009,
            "quarter": 4,
            "eps": 1.06,
            "eps_growth_year": 24.27,
            "eps_4q": 4.04,
            "eps_4q_growth_year": 8.07,
            "roe": 8.94,
            "roe_4q": 34.44,
            "gross_profit": 2353400,
            "gross_margin": 39.4,
            "gross_margin_4q_avg": 38.57,
            "net_income": 1216800,
            "net_income_4q": null,
            "revenue": 5973400,
            "revenue_4q": null,
            "common_shares": 16600,
            "book_valuer_per_share": 10.78,
            "book_valuer_per_share_4q_avg": 10.07,
            "equity": 14033900,
            "current_ratio": 114.31,
            "debt_ratio": 53.57,
            "inventory_turnover_ratio": 33.99,
            "account_receivable_turnover_ratio": 6.16,
            "reinvestment_rate": 9.43,
            "research_to_sale_ratio": null,
            "price_fair": 143.06,
            "eps_avg_yearly": 4.09,
            "eps_latest_yearly": 4.24,
            "eps_growth_yearly": 111.87
        },
        "20101": {
            "year_quarter": 20101,
            "year": 2010,
            "quarter": 1,
            "eps": 0.99,
            "eps_growth_year": 14.38,
            "eps_4q": 4.16,
            "eps_4q_growth_year": 9.53,
            "roe": 7.74,
            "roe_4q": 34.66,
            "gross_profit": 2159900,
            "gross_margin": 38.5,
            "gross_margin_4q_avg": 39.04,
            "net_income": 1089800,
            "net_income_4q": null,
            "revenue": 5610100,
            "revenue_4q": null,
            "common_shares": 16600,
            "book_valuer_per_share": 10.83,
            "book_valuer_per_share_4q_avg": 10.4,
            "equity": 14116800,
            "current_ratio": 135.15,
            "debt_ratio": 52.67,
            "inventory_turnover_ratio": 33.58,
            "account_receivable_turnover_ratio": 5.64,
            "reinvestment_rate": 3.57,
            "research_to_sale_ratio": null,
            "price_fair": 147.35,
            "eps_avg_yearly": 4.21,
            "eps_latest_yearly": 3.96,
            "eps_growth_yearly": 109.71
        },
        "20102": {
            "year_quarter": 20102,
            "year": 2010,
            "quarter": 2,
            "eps": 1.14,
            "eps_growth_year": 16.83,
            "eps_4q": 4.33,
            "eps_4q_growth_year": 15.58,
            "roe": 9,
            "roe_4q": 35.22,
            "gross_profit": 2396400,
            "gross_margin": 40.31,
            "gross_margin_4q_avg": 39.51,
            "net_income": 1225800,
            "net_income_4q": null,
            "revenue": 5945500,
            "revenue_4q": null,
            "common_shares": 16600,
            "book_valuer_per_share": 10.07,
            "book_valuer_per_share_4q_avg": 10.42,
            "equity": 13131800,
            "current_ratio": 122.6,
            "debt_ratio": 54.21,
            "inventory_turnover_ratio": 36.65,
            "account_receivable_turnover_ratio": 6.28,
            "reinvestment_rate": -0.28,
            "research_to_sale_ratio": null,
            "price_fair": 152.34,
            "eps_avg_yearly": 4.35,
            "eps_latest_yearly": 4.56,
            "eps_growth_yearly": 110
        },
        "20103": {
            "year_quarter": 20103,
            "year": 2010,
            "quarter": 3,
            "eps": 1.29,
            "eps_growth_year": 13.88,
            "eps_4q": 4.49,
            "eps_4q_growth_year": 17.05,
            "roe": 10.37,
            "roe_4q": 36.05,
            "gross_profit": 2606500,
            "gross_margin": 41.34,
            "gross_margin_4q_avg": 39.89,
            "net_income": 1388400,
            "net_income_4q": null,
            "revenue": 6304900,
            "revenue_4q": null,
            "common_shares": 16600,
            "book_valuer_per_share": 10.52,
            "book_valuer_per_share_4q_avg": 10.55,
            "equity": 13637800,
            "current_ratio": 127.87,
            "debt_ratio": 56.24,
            "inventory_turnover_ratio": 37.36,
            "account_receivable_turnover_ratio": 6.38,
            "reinvestment_rate": 11.97,
            "research_to_sale_ratio": null,
            "price_fair": 157.59,
            "eps_avg_yearly": 4.5,
            "eps_latest_yearly": 5.16,
            "eps_growth_yearly": 108.03
        },
        "20104": {
            "year_quarter": 20104,
            "year": 2010,
            "quarter": 4,
            "eps": 1.15,
            "eps_growth_year": 8.78,
            "eps_4q": 4.58,
            "eps_4q_growth_year": 13.36,
            "roe": 8.79,
            "roe_4q": 35.9,
            "gross_profit": 2474500,
            "gross_margin": 39.82,
            "gross_margin_4q_avg": 39.99,
            "net_income": 1242300,
            "net_income_4q": null,
            "revenue": 6214100,
            "revenue_4q": null,
            "common_shares": 16600,
            "book_valuer_per_share": 11.44,
            "book_valuer_per_share_4q_avg": 10.72,
            "equity": 14634200,
            "current_ratio": 149.37,
            "debt_ratio": 54.23,
            "inventory_turnover_ratio": 35.03,
            "account_receivable_turnover_ratio": 5.67,
            "reinvestment_rate": 6.88,
            "research_to_sale_ratio": null,
            "price_fair": 162.31,
            "eps_avg_yearly": 4.64,
            "eps_latest_yearly": 4.6,
            "eps_growth_yearly": 108.21
        },
        "20111": {
            "year_quarter": 20111,
            "year": 2011,
            "quarter": 1,
            "eps": 1.14,
            "eps_growth_year": 14.95,
            "eps_4q": 4.73,
            "eps_4q_growth_year": 13.53,
            "roe": 8.31,
            "roe_4q": 36.47,
            "gross_profit": 2340600,
            "gross_margin": 38.3,
            "gross_margin_4q_avg": 39.94,
            "net_income": 1209000,
            "net_income_4q": null,
            "revenue": 6111600,
            "revenue_4q": null,
            "common_shares": 16600,
            "book_valuer_per_share": 11.36,
            "book_valuer_per_share_4q_avg": 10.85,
            "equity": 14453600,
            "current_ratio": 89.89,
            "debt_ratio": 54.95,
            "inventory_turnover_ratio": 34.07,
            "account_receivable_turnover_ratio": 5.22,
            "reinvestment_rate": 13.88,
            "research_to_sale_ratio": null,
            "price_fair": 166.69,
            "eps_avg_yearly": 4.76,
            "eps_latest_yearly": 4.56,
            "eps_growth_yearly": 106.76
        },
        "20112": {
            "year_quarter": 20112,
            "year": 2011,
            "quarter": 2,
            "eps": 1.34,
            "eps_growth_year": 17.25,
            "eps_4q": 4.92,
            "eps_4q_growth_year": 13.77,
            "roe": 9.59,
            "roe_4q": 37.059999999999995,
            "gross_profit": 2725600,
            "gross_margin": 39.47,
            "gross_margin_4q_avg": 39.73,
            "net_income": 1410200,
            "net_income_4q": null,
            "revenue": 6905400,
            "revenue_4q": null,
            "common_shares": 16600,
            "book_valuer_per_share": 11.85,
            "book_valuer_per_share_4q_avg": 11.29,
            "equity": 14952800,
            "current_ratio": 101.94,
            "debt_ratio": 54.46,
            "inventory_turnover_ratio": 36.91,
            "account_receivable_turnover_ratio": 5.73,
            "reinvestment_rate": 14.74,
            "research_to_sale_ratio": null,
            "price_fair": 12.62,
            "eps_avg_yearly": 4.21,
            "eps_latest_yearly": 5.36,
            "eps_growth_yearly": -2.91
        },
        "20113": {
            "year_quarter": 20113,
            "year": 2011,
            "quarter": 3,
            "eps": 1.43,
            "eps_growth_year": 10.81,
            "eps_4q": 5.06,
            "eps_4q_growth_year": 12.88,
            "roe": 10.66,
            "roe_4q": 37.35,
            "gross_profit": 2906800,
            "gross_margin": 40.56,
            "gross_margin_4q_avg": 39.54,
            "net_income": 1507300,
            "net_income_4q": null,
            "revenue": 7166300,
            "revenue_4q": null,
            "common_shares": 16600,
            "book_valuer_per_share": 10.46,
            "book_valuer_per_share_4q_avg": 11.28,
            "equity": 13338200,
            "current_ratio": 87.08,
            "debt_ratio": 58.68,
            "inventory_turnover_ratio": 37.04,
            "account_receivable_turnover_ratio": 5.84,
            "reinvestment_rate": 8.27,
            "research_to_sale_ratio": null,
            "price_fair": 120.24,
            "eps_avg_yearly": 4.35,
            "eps_latest_yearly": 5.72,
            "eps_growth_yearly": 17.66
        },
        "20114": {
            "year_quarter": 20114,
            "year": 2011,
            "quarter": 4,
            "eps": 1.32,
            "eps_growth_year": 14.53,
            "eps_4q": 5.23,
            "eps_4q_growth_year": 14.25,
            "roe": 9.93,
            "roe_4q": 38.49,
            "gross_profit": 2713600,
            "gross_margin": 39.77,
            "gross_margin_4q_avg": 39.53,
            "net_income": 1376600,
            "net_income_4q": null,
            "revenue": 6822700,
            "revenue_4q": null,
            "common_shares": 16600,
            "book_valuer_per_share": 11.49,
            "book_valuer_per_share_4q_avg": 11.29,
            "equity": 14390200,
            "current_ratio": 125.47,
            "debt_ratio": 56.38,
            "inventory_turnover_ratio": 35.45,
            "account_receivable_turnover_ratio": 5.38,
            "reinvestment_rate": 7.33,
            "research_to_sale_ratio": null,
            "price_fair": 81.57,
            "eps_avg_yearly": 4.4,
            "eps_latest_yearly": 5.28,
            "eps_growth_yearly": 8.55
        },
        "20121": {
            "year_quarter": 20121,
            "year": 2012,
            "quarter": 1,
            "eps": 1.23,
            "eps_growth_year": 8.07,
            "eps_4q": 5.32,
            "eps_4q_growth_year": 12.61,
            "roe": 8.72,
            "roe_4q": 38.9,
            "gross_profit": 2517500,
            "gross_margin": 38.46,
            "gross_margin_4q_avg": 39.57,
            "net_income": 1266700,
            "net_income_4q": null,
            "revenue": 6546600,
            "revenue_4q": null,
            "common_shares": 16600,
            "book_valuer_per_share": 11.75,
            "book_valuer_per_share_4q_avg": 11.39,
            "equity": 14660500,
            "current_ratio": 116.68,
            "debt_ratio": 56.02,
            "inventory_turnover_ratio": 35.27,
            "account_receivable_turnover_ratio": 5.1,
            "reinvestment_rate": 9.17,
            "research_to_sale_ratio": null,
            "price_fair": 108.07,
            "eps_avg_yearly": 4.51,
            "eps_latest_yearly": 4.92,
            "eps_growth_yearly": 13.99
        },
        "20122": {
            "year_quarter": 20122,
            "year": 2012,
            "quarter": 2,
            "eps": 1.3,
            "eps_growth_year": -2.95,
            "eps_4q": 5.28,
            "eps_4q_growth_year": 7.3,
            "roe": 9.39,
            "roe_4q": 38.7,
            "gross_profit": 2715900,
            "gross_margin": 39.27,
            "gross_margin_4q_avg": 39.52,
            "net_income": 1347000,
            "net_income_4q": null,
            "revenue": 6915900,
            "revenue_4q": null,
            "common_shares": 16600,
            "book_valuer_per_share": 11.26,
            "book_valuer_per_share_4q_avg": 11.24,
            "equity": 14035100,
            "current_ratio": 124.23,
            "debt_ratio": 57.89,
            "inventory_turnover_ratio": 37.6,
            "account_receivable_turnover_ratio": 5.48,
            "reinvestment_rate": 13.93,
            "research_to_sale_ratio": null,
            "price_fair": 81.85,
            "eps_avg_yearly": 4.57,
            "eps_latest_yearly": 5.2,
            "eps_growth_yearly": 7.91
        },
        "20123": {
            "year_quarter": 20123,
            "year": 2012,
            "quarter": 3,
            "eps": 1.42,
            "eps_growth_year": -0.8,
            "eps_4q": 5.27,
            "eps_4q_growth_year": 4.11,
            "roe": 10.42,
            "roe_4q": 38.46,
            "gross_profit": 2854600,
            "gross_margin": 39.91,
            "gross_margin_4q_avg": 39.35,
            "net_income": 1455000,
            "net_income_4q": null,
            "revenue": 7152400,
            "revenue_4q": null,
            "common_shares": 16600,
            "book_valuer_per_share": 11.1,
            "book_valuer_per_share_4q_avg": 11.4,
            "equity": 13884100,
            "current_ratio": 101.36,
            "debt_ratio": 58.95,
            "inventory_turnover_ratio": 38.93,
            "account_receivable_turnover_ratio": 5.57,
            "reinvestment_rate": 18.63,
            "research_to_sale_ratio": null,
            "price_fair": 93.15,
            "eps_avg_yearly": 4.66,
            "eps_latest_yearly": 5.68,
            "eps_growth_yearly": 9.98
        },
        "20124": {
            "year_quarter": 20124,
            "year": 2012,
            "quarter": 4,
            "eps": 1.34,
            "eps_growth_year": 1.56,
            "eps_4q": 5.29,
            "eps_4q_growth_year": 1.17,
            "roe": 9.57,
            "roe_4q": 38.1,
            "gross_profit": 2728300,
            "gross_margin": 39.24,
            "gross_margin_4q_avg": 39.22,
            "net_income": 1396100,
            "net_income_4q": null,
            "revenue": 6952100,
            "revenue_4q": null,
            "common_shares": 16600,
            "book_valuer_per_share": 12.46,
            "book_valuer_per_share_4q_avg": 11.64,
            "equity": 15293600,
            "current_ratio": 144.64,
            "debt_ratio": 56.78,
            "inventory_turnover_ratio": 36.6,
            "account_receivable_turnover_ratio": 5.24,
            "reinvestment_rate": 25.42,
            "research_to_sale_ratio": null,
            "price_fair": 111.64,
            "eps_avg_yearly": 4.79,
            "eps_latest_yearly": 5.36,
            "eps_growth_yearly": 13.33
        },
        "20131": {
            "year_quarter": 20131,
            "year": 2013,
            "quarter": 1,
            "eps": 1.23,
            "eps_growth_year": -0.29,
            "eps_4q": 5.29,
            "eps_4q_growth_year": -0.64,
            "roe": 8.32,
            "roe_4q": 37.7,
            "gross_profit": 2484100,
            "gross_margin": 37.61,
            "gross_margin_4q_avg": 39.01,
            "net_income": 1270200,
            "net_income_4q": null,
            "revenue": 6605300,
            "revenue_4q": null,
            "common_shares": 16600,
            "book_valuer_per_share": 12.41,
            "book_valuer_per_share_4q_avg": 11.81,
            "equity": 15228200,
            "current_ratio": 138.91,
            "debt_ratio": 55.37,
            "inventory_turnover_ratio": 36.33,
            "account_receivable_turnover_ratio": 5.07,
            "reinvestment_rate": 17.81,
            "research_to_sale_ratio": null,
            "price_fair": 100.87,
            "eps_avg_yearly": 4.88,
            "eps_latest_yearly": 4.92,
            "eps_growth_yearly": 10.69
        },
        "20132": {
            "year_quarter": 20132,
            "year": 2013,
            "quarter": 2,
            "eps": 1.37,
            "eps_growth_year": 5.69,
            "eps_4q": 5.36,
            "eps_4q_growth_year": 1.51,
            "roe": 9.19,
            "roe_4q": 37.5,
            "gross_profit": 2765200,
            "gross_margin": 39.04,
            "gross_margin_4q_avg": 38.95,
            "net_income": 1396500,
            "net_income_4q": null,
            "revenue": 7083800,
            "revenue_4q": null,
            "common_shares": 16600,
            "book_valuer_per_share": 12.4,
            "book_valuer_per_share_4q_avg": 12.09,
            "equity": 15170700,
            "current_ratio": 165.14,
            "debt_ratio": 55.97,
            "inventory_turnover_ratio": 40.55,
            "account_receivable_turnover_ratio": 5.6,
            "reinvestment_rate": 13.97,
            "research_to_sale_ratio": null,
            "price_fair": 101.32,
            "eps_avg_yearly": 4.97,
            "eps_latest_yearly": 5.48,
            "eps_growth_yearly": 10.38
        },
        "20133": {
            "year_quarter": 20133,
            "year": 2013,
            "quarter": 3,
            "eps": 1.49,
            "eps_growth_year": 4.86,
            "eps_4q": 5.43,
            "eps_4q_growth_year": 3.04,
            "roe": 10.04,
            "roe_4q": 37.12,
            "gross_profit": 2910600,
            "gross_margin": 39.74,
            "gross_margin_4q_avg": 38.91,
            "net_income": 1522200,
            "net_income_4q": null,
            "revenue": 7323400,
            "revenue_4q": null,
            "common_shares": 16600,
            "book_valuer_per_share": 12.37,
            "book_valuer_per_share_4q_avg": 12.41,
            "equity": 15164900,
            "current_ratio": 123.85,
            "debt_ratio": 57.34,
            "inventory_turnover_ratio": 39.95,
            "account_receivable_turnover_ratio": 5.66,
            "reinvestment_rate": 16.88,
            "research_to_sale_ratio": null,
            "price_fair": 93.53,
            "eps_avg_yearly": 5.06,
            "eps_latest_yearly": 5.96,
            "eps_growth_yearly": 8.48
        },
        "20134": {
            "year_quarter": 20134,
            "year": 2013,
            "quarter": 4,
            "eps": 1.35,
            "eps_growth_year": 0.54,
            "eps_4q": 5.44,
            "eps_4q_growth_year": 2.77,
            "roe": 8.96,
            "roe_4q": 36.51,
            "gross_profit": 2742800,
            "gross_margin": 38.67,
            "gross_margin_4q_avg": 38.77,
            "net_income": 1397000,
            "net_income_4q": null,
            "revenue": 7093200,
            "revenue_4q": null,
            "common_shares": 16600,
            "book_valuer_per_share": 13.26,
            "book_valuer_per_share_4q_avg": 12.61,
            "equity": 16009700,
            "current_ratio": 159.31,
            "debt_ratio": 56.29,
            "inventory_turnover_ratio": 36.74,
            "account_receivable_turnover_ratio": 5.45,
            "reinvestment_rate": 22,
            "research_to_sale_ratio": null,
            "price_fair": 91.82,
            "eps_avg_yearly": 5.13,
            "eps_latest_yearly": 5.4,
            "eps_growth_yearly": 7.89
        },
        "20141": {
            "year_quarter": 20141,
            "year": 2014,
            "quarter": 1,
            "eps": 1.19,
            "eps_growth_year": -2.7,
            "eps_4q": 5.41,
            "eps_4q_growth_year": 2.22,
            "roe": 7.49,
            "roe_4q": 35.68,
            "gross_profit": 2516100,
            "gross_margin": 37.55,
            "gross_margin_4q_avg": 38.75,
            "net_income": 1204800,
            "net_income_4q": null,
            "revenue": 6700300,
            "revenue_4q": null,
            "common_shares": 16600,
            "book_valuer_per_share": 13.41,
            "book_valuer_per_share_4q_avg": 12.86,
            "equity": 16147700,
            "current_ratio": 155.95,
            "debt_ratio": 55.6,
            "inventory_turnover_ratio": 36.4,
            "account_receivable_turnover_ratio": 5.26,
            "reinvestment_rate": 24.84,
            "research_to_sale_ratio": null,
            "price_fair": 85.91,
            "eps_avg_yearly": 5.18,
            "eps_latest_yearly": 4.76,
            "eps_growth_yearly": 6.58
        },
        "20142": {
            "year_quarter": 20142,
            "year": 2014,
            "quarter": 2,
            "eps": 1.38,
            "eps_growth_year": 0.64,
            "eps_4q": 5.42,
            "eps_4q_growth_year": 0.97,
            "roe": 8.59,
            "roe_4q": 35.08,
            "gross_profit": 2784300,
            "gross_margin": 38.77,
            "gross_margin_4q_avg": 38.68,
            "net_income": 1387100,
            "net_income_4q": null,
            "revenue": 7181700,
            "revenue_4q": null,
            "common_shares": 16600,
            "book_valuer_per_share": 13.5,
            "book_valuer_per_share_4q_avg": 13.14,
            "equity": 16154900,
            "current_ratio": 174.36,
            "debt_ratio": 57.24,
            "inventory_turnover_ratio": 40.55,
            "account_receivable_turnover_ratio": 5.69,
            "reinvestment_rate": 19.91,
            "research_to_sale_ratio": null,
            "price_fair": 87.97,
            "eps_avg_yearly": 5.24,
            "eps_latest_yearly": 5.52,
            "eps_growth_yearly": 6.78
        },
        "20143": {
            "year_quarter": 20143,
            "year": 2014,
            "quarter": 3,
            "eps": 1.09,
            "eps_growth_year": -26.89,
            "eps_4q": 5.01,
            "eps_4q_growth_year": -7.69,
            "roe": 7.18,
            "roe_4q": 32.22,
            "gross_profit": 2681200,
            "gross_margin": 38.37,
            "gross_margin_4q_avg": 38.34,
            "net_income": 1068400,
            "net_income_4q": null,
            "revenue": 6987100,
            "revenue_4q": null,
            "common_shares": 16600,
            "book_valuer_per_share": 11.11,
            "book_valuer_per_share_4q_avg": 12.82,
            "equity": 13625900,
            "current_ratio": 124.66,
            "debt_ratio": 62.17,
            "inventory_turnover_ratio": 39.92,
            "account_receivable_turnover_ratio": 5.54,
            "reinvestment_rate": 12.56,
            "research_to_sale_ratio": null,
            "price_fair": 15.58,
            "eps_avg_yearly": 5.19,
            "eps_latest_yearly": 4.36,
            "eps_growth_yearly": -1.76
        },
        "20144": {
            "year_quarter": 20144,
            "year": 2014,
            "quarter": 4,
            "eps": 1.16,
            "eps_growth_year": -13.8,
            "eps_4q": 4.83,
            "eps_4q_growth_year": -11.24,
            "roe": 8.29,
            "roe_4q": 31.549999999999997,
            "gross_profit": 2474100,
            "gross_margin": 37.64,
            "gross_margin_4q_avg": 38.08,
            "net_income": 1097500,
            "net_income_4q": null,
            "revenue": 6572200,
            "revenue_4q": null,
            "common_shares": 16600,
            "book_valuer_per_share": 10.51,
            "book_valuer_per_share_4q_avg": 12.13,
            "equity": 12853400,
            "current_ratio": 152.32,
            "debt_ratio": 62.45,
            "inventory_turnover_ratio": 38.12,
            "account_receivable_turnover_ratio": 5.38,
            "reinvestment_rate": 7.51,
            "research_to_sale_ratio": null,
            "price_fair": 65.23,
            "eps_avg_yearly": 5.2,
            "eps_latest_yearly": 4.64,
            "eps_growth_yearly": 2.56
        },
        "20151": {
            "year_quarter": 20151,
            "year": 2015,
            "quarter": 1,
            "eps": 0.95,
            "eps_growth_year": -20.08,
            "eps_4q": 4.59,
            "eps_4q_growth_year": -15.12,
            "roe": 6.69,
            "roe_4q": 30.75,
            "gross_profit": 2201000,
            "gross_margin": 36.94,
            "gross_margin_4q_avg": 37.93,
            "net_income": 811500,
            "net_income_4q": null,
            "revenue": 5958900,
            "revenue_4q": null,
            "common_shares": 16600,
            "book_valuer_per_share": 9.19,
            "book_valuer_per_share_4q_avg": 11.08,
            "equity": 11403300,
            "current_ratio": 130.56,
            "debt_ratio": 64.54,
            "inventory_turnover_ratio": 36,
            "account_receivable_turnover_ratio": 5.17,
            "reinvestment_rate": -0.81,
            "research_to_sale_ratio": null,
            "price_fair": 15.44,
            "eps_avg_yearly": 5.15,
            "eps_latest_yearly": 3.8,
            "eps_growth_yearly": -1.75
        },
        "20152": {
            "year_quarter": 20152,
            "year": 2015,
            "quarter": 2,
            "eps": 1.27,
            "eps_growth_year": -7.95,
            "eps_4q": 4.48,
            "eps_4q_growth_year": -17.29,
            "roe": 10.95,
            "roe_4q": 33.11,
            "gross_profit": 2490400,
            "gross_margin": 38.33,
            "gross_margin_4q_avg": 37.82,
            "net_income": 1202400,
            "net_income_4q": null,
            "revenue": 6497700,
            "revenue_4q": null,
            "common_shares": 16600,
            "book_valuer_per_share": 8.42,
            "book_valuer_per_share_4q_avg": 9.81,
            "equity": 10560900,
            "current_ratio": 216.32,
            "debt_ratio": 69.78,
            "inventory_turnover_ratio": 39.85,
            "account_receivable_turnover_ratio": 5.72,
            "reinvestment_rate": 3.97,
            "research_to_sale_ratio": null,
            "price_fair": 63.01,
            "eps_avg_yearly": 5.13,
            "eps_latest_yearly": 5.08,
            "eps_growth_yearly": 2.28
        },
        "20153": {
            "year_quarter": 20153,
            "year": 2015,
            "quarter": 3,
            "eps": 1.38,
            "eps_growth_year": 26.31,
            "eps_4q": 4.77,
            "eps_4q_growth_year": -4.96,
            "roe": 13.88,
            "roe_4q": 39.81,
            "gross_profit": 2591300,
            "gross_margin": 39.17,
            "gross_margin_4q_avg": 38.02,
            "net_income": 1309200,
            "net_income_4q": null,
            "revenue": 6615100,
            "revenue_4q": null,
            "common_shares": 16600,
            "book_valuer_per_share": 6.24,
            "book_valuer_per_share_4q_avg": 8.59,
            "equity": 8309800,
            "current_ratio": 151.96,
            "debt_ratio": 74.79,
            "inventory_turnover_ratio": 39.92,
            "account_receivable_turnover_ratio": 5.72,
            "reinvestment_rate": -0.86,
            "research_to_sale_ratio": null,
            "price_fair": 65.35,
            "eps_avg_yearly": 5.12,
            "eps_latest_yearly": 5.52,
            "eps_growth_yearly": 2.77
        },
        "20154": {
            "year_quarter": 20154,
            "year": 2015,
            "quarter": 4,
            "eps": 1.23,
            "eps_growth_year": 6.27,
            "eps_4q": 4.84,
            "eps_4q_growth_year": 0.21,
            "roe": 15.67,
            "roe_4q": 47.19,
            "gross_profit": 2506500,
            "gross_margin": 39.53,
            "gross_margin_4q_avg": 38.49,
            "net_income": 1206200,
            "net_income_4q": null,
            "revenue": 6341300,
            "revenue_4q": null,
            "common_shares": 16600,
            "book_valuer_per_share": 5.04,
            "book_valuer_per_share_4q_avg": 7.22,
            "equity": 7087900,
            "current_ratio": 326.84,
            "debt_ratio": 81.32,
            "inventory_turnover_ratio": 38.46,
            "account_receivable_turnover_ratio": 5.21,
            "reinvestment_rate": -3.74,
            "research_to_sale_ratio": null,
            "price_fair": 61.01,
            "eps_avg_yearly": 5.1,
            "eps_latest_yearly": 4.92,
            "eps_growth_yearly": 1.98
        },
        "20161": {
            "year_quarter": 20161,
            "year": 2016,
            "quarter": 1,
            "eps": 1.22,
            "eps_growth_year": 27.5,
            "eps_4q": 5.1,
            "eps_4q_growth_year": 11.16,
            "roe": 20.54,
            "roe_4q": 61.040000000000006,
            "gross_profit": 2313500,
            "gross_margin": 39.19,
            "gross_margin_4q_avg": 39.06,
            "net_income": 1124800,
            "net_income_4q": null,
            "revenue": 5903900,
            "revenue_4q": null,
            "common_shares": 16600,
            "book_valuer_per_share": 1.47,
            "book_valuer_per_share_4q_avg": 5.29,
            "equity": 3863000,
            "current_ratio": 176.71,
            "debt_ratio": 88.57,
            "inventory_turnover_ratio": 37.05,
            "account_receivable_turnover_ratio": 4.8,
            "reinvestment_rate": -1.17,
            "research_to_sale_ratio": null,
            "price_fair": 68.63,
            "eps_avg_yearly": 5.09,
            "eps_latest_yearly": 4.88,
            "eps_growth_yearly": 3.48
        },
        "20162": {
            "year_quarter": 20162,
            "year": 2016,
            "quarter": 2,
            "eps": 1.36,
            "eps_growth_year": 6.51,
            "eps_4q": 5.18,
            "eps_4q_growth_year": 15.74,
            "roe": 48.54,
            "roe_4q": 98.63,
            "gross_profit": 2586000,
            "gross_margin": 41.28,
            "gross_margin_4q_avg": 39.79,
            "net_income": 1092900,
            "net_income_4q": null,
            "revenue": 6265000,
            "revenue_4q": null,
            "common_shares": 16600,
            "book_valuer_per_share": -2.18,
            "book_valuer_per_share_4q_avg": 2.64,
            "equity": 640000,
            "current_ratio": 189.21,
            "debt_ratio": 98.07,
            "inventory_turnover_ratio": 40.63,
            "account_receivable_turnover_ratio": 5.16,
            "reinvestment_rate": -7.57,
            "research_to_sale_ratio": null,
            "price_fair": 76.22,
            "eps_avg_yearly": 5.11,
            "eps_latest_yearly": 5.44,
            "eps_growth_yearly": 4.92
        },
        "20163": {
            "year_quarter": 20163,
            "year": 2016,
            "quarter": 3,
            "eps": 1.55,
            "eps_growth_year": 12.31,
            "eps_4q": 5.35,
            "eps_4q_growth_year": 12.33,
            "roe": -259.2,
            "roe_4q": -174.45000000000002,
            "gross_profit": 2747000,
            "gross_margin": 42.76,
            "gross_margin_4q_avg": 40.69,
            "net_income": 1275400,
            "net_income_4q": null,
            "revenue": 6424100,
            "revenue_4q": null,
            "common_shares": 16600,
            "book_valuer_per_share": -4.97,
            "book_valuer_per_share_4q_avg": -0.16,
            "equity": -1624100,
            "current_ratio": 96.1,
            "debt_ratio": 105,
            "inventory_turnover_ratio": 41.34,
            "account_receivable_turnover_ratio": 4.91,
            "reinvestment_rate": -11.1,
            "research_to_sale_ratio": null,
            "price_fair": 82.79,
            "eps_avg_yearly": 5.14,
            "eps_latest_yearly": 6.2,
            "eps_growth_yearly": 6.11
        },
        "20164": {
            "year_quarter": 20164,
            "year": 2016,
            "quarter": 4,
            "eps": 1.43,
            "eps_growth_year": 16.01,
            "eps_4q": 5.55,
            "eps_4q_growth_year": 14.72,
            "roe": -62.34,
            "roe_4q": -252.45999999999995,
            "gross_profit": 2558200,
            "gross_margin": 42.43,
            "gross_margin_4q_avg": 41.42,
            "net_income": 1193400,
            "net_income_4q": null,
            "revenue": 6028900,
            "revenue_4q": null,
            "common_shares": 16600,
            "book_valuer_per_share": -5.54,
            "book_valuer_per_share_4q_avg": -2.81,
            "equity": -2204300,
            "current_ratio": 139.8,
            "debt_ratio": 107.11,
            "inventory_turnover_ratio": 46.46,
            "account_receivable_turnover_ratio": 4.27,
            "reinvestment_rate": -18.39,
            "research_to_sale_ratio": null,
            "price_fair": 80.43,
            "eps_avg_yearly": 5.16,
            "eps_latest_yearly": 5.72,
            "eps_growth_yearly": 5.58
        },
        "20171": {
            "year_quarter": 20171,
            "year": 2017,
            "quarter": 1,
            "eps": 1.4,
            "eps_growth_year": 15.34,
            "eps_4q": 5.74,
            "eps_4q_growth_year": 12.48,
            "roe": -57.37,
            "roe_4q": -330.36999999999995,
            "gross_profit": 2429400,
            "gross_margin": 42.8,
            "gross_margin_4q_avg": 42.32,
            "net_income": 1214800,
            "net_income_4q": null,
            "revenue": 5675900,
            "revenue_4q": null,
            "common_shares": 16600,
            "book_valuer_per_share": -5.31,
            "book_valuer_per_share_4q_avg": -4.5,
            "equity": -2030800,
            "current_ratio": 183.41,
            "debt_ratio": 106.32,
            "inventory_turnover_ratio": 56.12,
            "account_receivable_turnover_ratio": 4.04,
            "reinvestment_rate": -18.15,
            "research_to_sale_ratio": null,
            "price_fair": 89.05,
            "eps_avg_yearly": 5.21,
            "eps_latest_yearly": 5.6,
            "eps_growth_yearly": 7.11
        },
        "20172": {
            "year_quarter": 20172,
            "year": 2017,
            "quarter": 2,
            "eps": 1.63,
            "eps_growth_year": 20.5,
            "eps_4q": 6.02,
            "eps_4q_growth_year": 16.04,
            "roe": -69.21,
            "roe_4q": -448.12,
            "gross_profit": 2708400,
            "gross_margin": 44.77,
            "gross_margin_4q_avg": 43.19,
            "net_income": 1395100,
            "net_income_4q": null,
            "revenue": 6049700,
            "revenue_4q": null,
            "common_shares": 16600,
            "book_valuer_per_share": -5.37,
            "book_valuer_per_share_4q_avg": -5.3,
            "equity": -2000600,
            "current_ratio": 214.8,
            "debt_ratio": 106.1,
            "inventory_turnover_ratio": 58.88,
            "account_receivable_turnover_ratio": 4.33,
            "reinvestment_rate": -19.87,
            "research_to_sale_ratio": null,
            "price_fair": 96.81,
            "eps_avg_yearly": 5.27,
            "eps_latest_yearly": 6.52,
            "eps_growth_yearly": 8.37
        },
        "20173": {
            "year_quarter": 20173,
            "year": 2017,
            "quarter": 3,
            "eps": 1.66,
            "eps_growth_year": 7.33,
            "eps_4q": 6.13,
            "eps_4q_growth_year": 14.49,
            "roe": -68.77,
            "roe_4q": -257.69,
            "gross_profit": 2817500,
            "gross_margin": 48.96,
            "gross_margin_4q_avg": 44.74,
            "net_income": 1883700,
            "net_income_4q": null,
            "revenue": 5754600,
            "revenue_4q": null,
            "common_shares": 16600,
            "book_valuer_per_share": -7.34,
            "book_valuer_per_share_4q_avg": -5.89,
            "equity": -3477600,
            "current_ratio": 128.08,
            "debt_ratio": 110.68,
            "inventory_turnover_ratio": 52.97,
            "account_receivable_turnover_ratio": 3.8,
            "reinvestment_rate": -20.03,
            "research_to_sale_ratio": null,
            "price_fair": 88.4,
            "eps_avg_yearly": 5.31,
            "eps_latest_yearly": 6.64,
            "eps_growth_yearly": 6.64
        },
        "20174": {
            "year_quarter": 20174,
            "year": 2017,
            "quarter": 4,
            "eps": 1.73,
            "eps_growth_year": 20.66,
            "eps_4q": 6.43,
            "eps_4q_growth_year": 15.74,
            "roe": -41.47,
            "roe_4q": -236.82,
            "gross_profit": 2665500,
            "gross_margin": 49.91,
            "gross_margin_4q_avg": 46.61,
            "net_income": 1398700,
            "net_income_4q": null,
            "revenue": 5340200,
            "revenue_4q": null,
            "common_shares": 16600,
            "book_valuer_per_share": -7.11,
            "book_valuer_per_share_4q_avg": -6.28,
            "equity": -3268000,
            "current_ratio": 184.29,
            "debt_ratio": 109.67,
            "inventory_turnover_ratio": 47.34,
            "account_receivable_turnover_ratio": 3.01,
            "reinvestment_rate": -16.81,
            "research_to_sale_ratio": null,
            "price_fair": 108.38,
            "eps_avg_yearly": 5.41,
            "eps_latest_yearly": 6.92,
            "eps_growth_yearly": 10.04
        },
        "20181": {
            "year_quarter": 20181,
            "year": 2018,
            "quarter": 1,
            "eps": 1.69,
            "eps_growth_year": 20.24,
            "eps_4q": 6.71,
            "eps_4q_growth_year": 16.93,
            "roe": -35.74,
            "roe_4q": -215.19,
            "gross_profit": 2527700,
            "gross_margin": 49.19,
            "gross_margin_4q_avg": 48.21,
            "net_income": 1427400,
            "net_income_4q": null,
            "revenue": 5138900,
            "revenue_4q": null,
            "common_shares": 16600,
            "book_valuer_per_share": -9.07,
            "book_valuer_per_share_4q_avg": -7.22,
            "equity": -4718800,
            "current_ratio": 174,
            "debt_ratio": 113.99,
            "inventory_turnover_ratio": 46.38,
            "account_receivable_turnover_ratio": 2.62,
            "reinvestment_rate": -15.46,
            "research_to_sale_ratio": null,
            "price_fair": 124.08,
            "eps_avg_yearly": 5.53,
            "eps_latest_yearly": 6.76,
            "eps_growth_yearly": 12.43
        },
        "20182": {
            "year_quarter": 20182,
            "year": 2018,
            "quarter": 2,
            "eps": 1.87,
            "eps_growth_year": 14.58,
            "eps_4q": 6.95,
            "eps_4q_growth_year": 15.48,
            "roe": -28.31,
            "roe_4q": -174.29,
            "gross_profit": 2739500,
            "gross_margin": 51.17,
            "gross_margin_4q_avg": 49.81,
            "net_income": 1496300,
            "net_income_4q": null,
            "revenue": 5353900,
            "revenue_4q": null,
            "common_shares": 16600,
            "book_valuer_per_share": -10.57,
            "book_valuer_per_share_4q_avg": -8.52,
            "equity": -5851000,
            "current_ratio": 146.64,
            "debt_ratio": 117.89,
            "inventory_turnover_ratio": 50.57,
            "account_receivable_turnover_ratio": 2.57,
            "reinvestment_rate": -12.13,
            "research_to_sale_ratio": null,
            "price_fair": 119.32,
            "eps_avg_yearly": 5.66,
            "eps_latest_yearly": 7.48,
            "eps_growth_yearly": 11.1
        },
        "20183": {
            "year_quarter": 20183,
            "year": 2018,
            "quarter": 3,
            "eps": 2.09,
            "eps_growth_year": 25.78,
            "eps_4q": 7.38,
            "eps_4q_growth_year": 20.33,
            "roe": -26.64,
            "roe_4q": -132.16,
            "gross_profit": 2822100,
            "gross_margin": 52.56,
            "gross_margin_4q_avg": 50.71,
            "net_income": 1684300,
            "net_income_4q": null,
            "revenue": 5369400,
            "revenue_4q": null,
            "common_shares": 16600,
            "book_valuer_per_share": -11.85,
            "book_valuer_per_share_4q_avg": -9.65,
            "equity": -6792600,
            "current_ratio": 153.12,
            "debt_ratio": 119.95,
            "inventory_turnover_ratio": 55.68,
            "account_receivable_turnover_ratio": 2.39,
            "reinvestment_rate": -8.71,
            "research_to_sale_ratio": null,
            "price_fair": 172.98,
            "eps_avg_yearly": 5.91,
            "eps_latest_yearly": 8.36,
            "eps_growth_yearly": 19.29
        },
        "20184": {
            "year_quarter": 20184,
            "year": 2018,
            "quarter": 4,
            "eps": 1.96,
            "eps_growth_year": 13.69,
            "eps_4q": 7.61,
            "eps_4q_growth_year": 18.47,
            "roe": -21.32,
            "roe_4q": -112.00999999999999,
            "gross_profit": 2743300,
            "gross_margin": 50.84,
            "gross_margin_4q_avg": 50.94,
            "net_income": 1391300,
            "net_income_4q": null,
            "revenue": 5395700,
            "revenue_4q": null,
            "common_shares": 16600,
            "book_valuer_per_share": -11.2,
            "book_valuer_per_share_4q_avg": -10.67,
            "equity": -6258400,
            "current_ratio": 136.31,
            "debt_ratio": 119.07,
            "inventory_turnover_ratio": 57.04,
            "account_receivable_turnover_ratio": 2.29,
            "reinvestment_rate": -0.74,
            "research_to_sale_ratio": null,
            "price_fair": 159.55,
            "eps_avg_yearly": 6.11,
            "eps_latest_yearly": 7.84,
            "eps_growth_yearly": 16.13
        },
        "20191": {
            "year_quarter": 20191,
            "year": 2019,
            "quarter": 1,
            "eps": 1.78,
            "eps_growth_year": 5.29,
            "eps_4q": 7.7,
            "eps_4q_growth_year": 14.79,
            "roe": -21.48,
            "roe_4q": -97.75,
            "gross_profit": 2551500,
            "gross_margin": 50.79,
            "gross_margin_4q_avg": 51.34,
            "net_income": 1375400,
            "net_income_4q": null,
            "revenue": 5024100,
            "revenue_4q": null,
            "common_shares": 16600,
            "book_valuer_per_share": -11.62,
            "book_valuer_per_share_4q_avg": -11.31,
            "equity": -6550900,
            "current_ratio": 146.89,
            "debt_ratio": 114.1,
            "inventory_turnover_ratio": 53.81,
            "account_receivable_turnover_ratio": 2.27,
            "reinvestment_rate": 56.51,
            "research_to_sale_ratio": null,
            "price_fair": 179.05,
            "eps_avg_yearly": 6.31,
            "eps_latest_yearly": 7.12,
            "eps_growth_yearly": 18.36
        },
        "20192": {
            "year_quarter": 20192,
            "year": 2019,
            "quarter": 2,
            "eps": 2.04,
            "eps_growth_year": 9.02,
            "eps_4q": 7.87,
            "eps_4q_growth_year": 13.28,
            "roe": -22.71,
            "roe_4q": -92.14999999999999,
            "gross_profit": 2842600,
            "gross_margin": 52.55,
            "gross_margin_4q_avg": 51.69,
            "net_income": 1516900,
            "net_income_4q": null,
            "revenue": 5409800,
            "revenue_4q": null,
            "common_shares": 16600,
            "book_valuer_per_share": -12.36,
            "book_valuer_per_share_4q_avg": -11.76,
            "equity": -6808800,
            "current_ratio": 120.85,
            "debt_ratio": 114.74,
            "inventory_turnover_ratio": 60.4,
            "account_receivable_turnover_ratio": 2.67,
            "reinvestment_rate": 59.89,
            "research_to_sale_ratio": null,
            "price_fair": 153.48,
            "eps_avg_yearly": 6.51,
            "eps_latest_yearly": 8.16,
            "eps_growth_yearly": 13.59
        },
        "20193": {
            "year_quarter": 20193,
            "year": 2019,
            "quarter": 3,
            "eps": 2.11,
            "eps_growth_year": 1.15,
            "eps_4q": 7.89,
            "eps_4q_growth_year": 7.03,
            "roe": -20.87,
            "roe_4q": -86.38,
            "gross_profit": 2917600,
            "gross_margin": 53.03,
            "gross_margin_4q_avg": 51.8,
            "net_income": 1607900,
            "net_income_4q": null,
            "revenue": 5502300,
            "revenue_4q": null,
            "common_shares": 16600,
            "book_valuer_per_share": -14.79,
            "book_valuer_per_share_4q_avg": -12.49,
            "equity": -8599200,
            "current_ratio": 84.31,
            "debt_ratio": 118.77,
            "inventory_turnover_ratio": 59.56,
            "account_receivable_turnover_ratio": 2.71,
            "reinvestment_rate": 58.9,
            "research_to_sale_ratio": null,
            "price_fair": 149.04,
            "eps_avg_yearly": 6.69,
            "eps_latest_yearly": 8.44,
            "eps_growth_yearly": 12.29
        },
        "20194": {
            "year_quarter": 20194,
            "year": 2019,
            "quarter": 4,
            "eps": 2.09,
            "eps_growth_year": 6.52,
            "eps_4q": 8.02,
            "eps_4q_growth_year": 5.39,
            "roe": -19.15,
            "roe_4q": -84.21,
            "gross_profit": 2867700,
            "gross_margin": 52.83,
            "gross_margin_4q_avg": 52.3,
            "net_income": 1609200,
            "net_income_4q": null,
            "revenue": 5428200,
            "revenue_4q": null,
            "common_shares": 16600,
            "book_valuer_per_share": -14.59,
            "book_valuer_per_share_4q_avg": -13.34,
            "equity": -8210300,
            "current_ratio": 98.26,
            "debt_ratio": 117.28,
            "inventory_turnover_ratio": 55.18,
            "account_receivable_turnover_ratio": 2.57,
            "reinvestment_rate": 63.69,
            "research_to_sale_ratio": null,
            "price_fair": 170.96,
            "eps_avg_yearly": 6.9,
            "eps_latest_yearly": 8.36,
            "eps_growth_yearly": 14.77
        },
        "20201": {
            "year_quarter": 20201,
            "year": 2020,
            "quarter": 1,
            "eps": 1.55,
            "eps_growth_year": -12.78,
            "eps_4q": 7.8,
            "eps_4q_growth_year": 1.22,
            "roe": -12.65,
            "roe_4q": -75.38,
            "gross_profit": 2341900,
            "gross_margin": 49.68,
            "gross_margin_4q_avg": 52.02,
            "net_income": 1106900,
            "net_income_4q": null,
            "revenue": 4714400,
            "revenue_4q": null,
            "common_shares": 16600,
            "book_valuer_per_share": -16.03,
            "book_valuer_per_share_4q_avg": -14.44,
            "equity": -9293400,
            "current_ratio": 189.5,
            "debt_ratio": 118.38,
            "inventory_turnover_ratio": 53.14,
            "account_receivable_turnover_ratio": 2.41,
            "reinvestment_rate": 62.64,
            "research_to_sale_ratio": null,
            "price_fair": 129.3,
            "eps_avg_yearly": 6.99,
            "eps_latest_yearly": 6.2,
            "eps_growth_yearly": 8.51
        },
        "20202": {
            "year_quarter": 20202,
            "year": 2020,
            "quarter": 2,
            "eps": 0.77,
            "eps_growth_year": -62.41,
            "eps_4q": 6.52,
            "eps_4q_growth_year": -17.14,
            "roe": -5.16,
            "roe_4q": -57.83,
            "gross_profit": 1725300,
            "gross_margin": 45.87,
            "gross_margin_4q_avg": 50.35,
            "net_income": 483800,
            "net_income_4q": null,
            "revenue": 3761500,
            "revenue_4q": null,
            "common_shares": 16600,
            "book_valuer_per_share": -16.31,
            "book_valuer_per_share_4q_avg": -15.43,
            "equity": -9463100,
            "current_ratio": 91.21,
            "debt_ratio": 118.95,
            "inventory_turnover_ratio": 49.85,
            "account_receivable_turnover_ratio": 1.65,
            "reinvestment_rate": 64.58,
            "research_to_sale_ratio": null,
            "price_fair": 20.51,
            "eps_avg_yearly": 6.84,
            "eps_latest_yearly": 3.08,
            "eps_growth_yearly": -6.94
        },
        "20203": {
            "year_quarter": 20203,
            "year": 2020,
            "quarter": 3,
            "eps": 2.24,
            "eps_growth_year": 6.07,
            "eps_4q": 6.65,
            "eps_4q_growth_year": -15.77,
            "roe": -19.66,
            "roe_4q": -56.62,
            "gross_profit": 2904700,
            "gross_margin": 53.61,
            "gross_margin_4q_avg": 50.5,
            "net_income": 1762600,
            "net_income_4q": null,
            "revenue": 5418100,
            "revenue_4q": null,
            "common_shares": 16600,
            "book_valuer_per_share": -15.02,
            "book_valuer_per_share_4q_avg": -15.49,
            "equity": -8472100,
            "current_ratio": 107.26,
            "debt_ratio": 116.71,
            "inventory_turnover_ratio": 57.91,
            "account_receivable_turnover_ratio": 2.07,
            "reinvestment_rate": 74.48,
            "research_to_sale_ratio": null,
            "price_fair": 245.35,
            "eps_avg_yearly": 7.01,
            "eps_latest_yearly": 8.96,
            "eps_growth_yearly": 37.3
        },
        "20204": {
            "year_quarter": 20204,
            "year": 2020,
            "quarter": 4,
            "eps": 1.74,
            "eps_growth_year": -16.72,
            "eps_4q": 6.3,
            "eps_4q_growth_year": -21.48,
            "roe": -16.9,
            "roe_4q": -54.37,
            "gross_profit": 2780200,
            "gross_margin": 52.32,
            "gross_margin_4q_avg": 50.37,
            "net_income": 1377200,
            "net_income_4q": null,
            "revenue": 5313800,
            "revenue_4q": null,
            "common_shares": 16600,
            "book_valuer_per_share": -14.22,
            "book_valuer_per_share_4q_avg": -15.4,
            "equity": -7824900,
            "current_ratio": 101,
            "debt_ratio": 114.87,
            "inventory_turnover_ratio": 53.17,
            "account_receivable_turnover_ratio": 2.36,
            "reinvestment_rate": 79.64,
            "research_to_sale_ratio": null,
            "price_fair": 248.06,
            "eps_avg_yearly": 7.09,
            "eps_latest_yearly": 6.96,
            "eps_growth_yearly": 33.65
        },
        "20211": {
            "year_quarter": 20211,
            "year": 2021,
            "quarter": 1,
            "eps": 1.9,
            "eps_growth_year": 22.36,
            "eps_4q": 6.65,
            "eps_4q_growth_year": -14.75,
            "roe": -20.41,
            "roe_4q": -62.129999999999995,
            "gross_profit": 2668300,
            "gross_margin": 52.07,
            "gross_margin_4q_avg": 50.97,
            "net_income": 1537200,
            "net_income_4q": null,
            "revenue": 5124600,
            "revenue_4q": null,
            "common_shares": 16600,
            "book_valuer_per_share": -13.38,
            "book_valuer_per_share_4q_avg": -14.73,
            "equity": -7235500,
            "current_ratio": 119.39,
            "debt_ratio": 114.16,
            "inventory_turnover_ratio": 50.96,
            "account_receivable_turnover_ratio": 2.67,
            "reinvestment_rate": 73.4,
            "research_to_sale_ratio": null,
            "price_fair": 252.44,
            "eps_avg_yearly": 7.21,
            "eps_latest_yearly": 7.6,
            "eps_growth_yearly": 36.47
        },
        "20212": {
            "year_quarter": 20212,
            "year": 2021,
            "quarter": 2,
            "eps": 2.85,
            "eps_growth_year": 270.82,
            "eps_4q": 8.72,
            "eps_4q_growth_year": 33.79,
            "roe": -34.03,
            "roe_4q": -91,
            "gross_profit": 3219500,
            "gross_margin": 54.68,
            "gross_margin_4q_avg": 53.17,
            "net_income": 2219300,
            "net_income_4q": null,
            "revenue": 5887900,
            "revenue_4q": null,
            "common_shares": 16600,
            "book_valuer_per_share": -11.5,
            "book_valuer_per_share_4q_avg": -13.53,
            "equity": -5808000,
            "current_ratio": 144.89,
            "debt_ratio": 111.19,
            "inventory_turnover_ratio": 57.32,
            "account_receivable_turnover_ratio": 3.32,
            "reinvestment_rate": 69.29,
            "research_to_sale_ratio": null,
            "price_fair": 263.11,
            "eps_avg_yearly": 7.52,
            "eps_latest_yearly": 11.4,
            "eps_growth_yearly": 44.87
        },
        "20213": {
            "year_quarter": 20213,
            "year": 2021,
            "quarter": 3,
            "eps": 2.7,
            "eps_growth_year": 20.41,
            "eps_4q": 9.18,
            "eps_4q_growth_year": 38.09,
            "roe": -37.44,
            "roe_4q": -108.78,
            "gross_profit": 3431400,
            "gross_margin": 55.33,
            "gross_margin_4q_avg": 53.6,
            "net_income": 2149900,
            "net_income_4q": null,
            "revenue": 6201300,
            "revenue_4q": null,
            "common_shares": 16600,
            "book_valuer_per_share": -11.27,
            "book_valuer_per_share_4q_avg": -12.59,
            "equity": -5675000,
            "current_ratio": 133.37,
            "debt_ratio": 110.76,
            "inventory_turnover_ratio": 56.59,
            "account_receivable_turnover_ratio": 3.41,
            "reinvestment_rate": 64.59,
            "research_to_sale_ratio": null,
            "price_fair": 272.21,
            "eps_avg_yearly": 7.78,
            "eps_latest_yearly": 10.8,
            "eps_growth_yearly": 43.09
        },
        "20214": {
            "year_quarter": 20214,
            "year": 2021,
            "quarter": 4,
            "eps": 2.26,
            "eps_growth_year": 29.47,
            "eps_4q": 9.69,
            "eps_4q_growth_year": 53.91,
            "roe": -31.9,
            "roe_4q": -123.78,
            "gross_profit": 3261000,
            "gross_margin": 54.27,
            "gross_margin_4q_avg": 54.09,
            "net_income": 1638800,
            "net_income_4q": null,
            "revenue": 6009100,
            "revenue_4q": null,
            "common_shares": 16600,
            "book_valuer_per_share": -9.91,
            "book_valuer_per_share_4q_avg": -11.52,
            "equity": -4601000,
            "current_ratio": 177.82,
            "debt_ratio": 108.54,
            "inventory_turnover_ratio": 52,
            "account_receivable_turnover_ratio": 3.25,
            "reinvestment_rate": 63.44,
            "research_to_sale_ratio": null,
            "price_fair": 276.85,
            "eps_avg_yearly": 7.91,
            "eps_latest_yearly": 9.04,
            "eps_growth_yearly": 37.96
        },
        "20221": {
            "year_quarter": 20221,
            "year": 2022,
            "quarter": 1,
            "eps": 2.04,
            "eps_growth_year": 7.85,
            "eps_4q": 9.84,
            "eps_4q_growth_year": 48.12,
            "roe": -20.85,
            "roe_4q": -124.22,
            "gross_profit": 3050100,
            "gross_margin": 53.84,
            "gross_margin_4q_avg": 54.53,
            "net_income": 1104400,
            "net_income_4q": null,
            "revenue": 5665600,
            "revenue_4q": null,
            "common_shares": 16600,
            "book_valuer_per_share": -11.91,
            "book_valuer_per_share_4q_avg": -11.15,
            "equity": -5990800,
            "current_ratio": 109.96,
            "debt_ratio": 111.77,
            "inventory_turnover_ratio": 49.72,
            "account_receivable_turnover_ratio": 3.2,
            "reinvestment_rate": 63.79,
            "research_to_sale_ratio": null,
            "price_fair": 279.91,
            "eps_avg_yearly": 8,
            "eps_latest_yearly": 8.16,
            "eps_growth_yearly": 36.11
        },
        "20222": {
            "year_quarter": 20222,
            "year": 2022,
            "quarter": 2,
            "eps": 2.73,
            "eps_growth_year": -4.25,
            "eps_4q": 9.72,
            "eps_4q_growth_year": 11.45,
            "roe": -19.22,
            "roe_4q": -109.41,
            "gross_profit": 3302100,
            "gross_margin": 57.75,
            "gross_margin_4q_avg": 55.3,
            "net_income": 1188000,
            "net_income_4q": null,
            "revenue": 5718400,
            "revenue_4q": null,
            "common_shares": 16600,
            "book_valuer_per_share": -12.36,
            "book_valuer_per_share_4q_avg": -11.36,
            "equity": -6369800,
            "current_ratio": 141.36,
            "debt_ratio": 112.93,
            "inventory_turnover_ratio": 52.02,
            "account_receivable_turnover_ratio": 3.26,
            "reinvestment_rate": 56.64,
            "research_to_sale_ratio": null,
            "price_fair": 287.44,
            "eps_avg_yearly": 8.21,
            "eps_latest_yearly": 10.92,
            "eps_growth_yearly": 41.9
        },
        "20223": {
            "year_quarter": 20223,
            "year": 2022,
            "quarter": 3,
            "eps": 2.73,
            "eps_growth_year": 1.28,
            "eps_4q": 9.76,
            "eps_4q_growth_year": 6.27,
            "roe": -30.64,
            "roe_4q": -102.61000000000001,
            "gross_profit": 3446100,
            "gross_margin": 58.69,
            "gross_margin_4q_avg": 56.14,
            "net_income": 1981600,
            "net_income_4q": null,
            "revenue": 5872100,
            "revenue_4q": null,
            "common_shares": 16600,
            "book_valuer_per_share": -12.59,
            "book_valuer_per_share_4q_avg": -11.69,
            "equity": -6566200,
            "current_ratio": 164.68,
            "debt_ratio": 113.54,
            "inventory_turnover_ratio": 55.96,
            "account_receivable_turnover_ratio": 3.15,
            "reinvestment_rate": 49.1,
            "research_to_sale_ratio": null,
            "price_fair": 293.04,
            "eps_avg_yearly": 8.37,
            "eps_latest_yearly": 10.92,
            "eps_growth_yearly": 38.96
        },
        "20224": {
            "year_quarter": 20224,
            "year": 2022,
            "quarter": 4,
            "eps": 2.63,
            "eps_growth_year": 16.54,
            "eps_4q": 10.13,
            "eps_4q_growth_year": 4.49,
            "roe": -30.29,
            "roe_4q": -101,
            "gross_profit": 3408900,
            "gross_margin": 57.52,
            "gross_margin_4q_avg": 56.95,
            "net_income": 1903400,
            "net_income_4q": null,
            "revenue": 5926500,
            "revenue_4q": null,
            "common_shares": 16600,
            "book_valuer_per_share": -12.18,
            "book_valuer_per_share_4q_avg": -12.26,
            "equity": -6003400,
            "current_ratio": 142.66,
            "debt_ratio": 111.9,
            "inventory_turnover_ratio": 52.78,
            "account_receivable_turnover_ratio": 2.96,
            "reinvestment_rate": 2.46,
            "research_to_sale_ratio": null,
            "price_fair": 298.9,
            "eps_avg_yearly": 8.54,
            "eps_latest_yearly": 10.52,
            "eps_growth_yearly": 39.6
        },
        "20231": {
            "year_quarter": 20231,
            "year": 2023,
            "quarter": 1,
            "eps": 2.63,
            "eps_growth_year": 28.73,
            "eps_4q": 10.72,
            "eps_4q_growth_year": 8.88,
            "roe": -30.6,
            "roe_4q": -110.75,
            "gross_profit": 3313600,
            "gross_margin": 56.18,
            "gross_margin_4q_avg": 57.54,
            "net_income": 1802300,
            "net_income_4q": null,
            "revenue": 5897800,
            "revenue_4q": null,
            "common_shares": 16600,
            "book_valuer_per_share": -11.93,
            "book_valuer_per_share_4q_avg": -12.27,
            "equity": -5776100,
            "current_ratio": 147.01,
            "debt_ratio": 111.1,
            "inventory_turnover_ratio": 49.94,
            "account_receivable_turnover_ratio": 2.81,
            "reinvestment_rate": 0.94,
            "research_to_sale_ratio": null,
            "price_fair": 306.34,
            "eps_avg_yearly": 8.75,
            "eps_latest_yearly": 10.52,
            "eps_growth_yearly": 41.89
        },
        "20232": {
            "year_quarter": 20232,
            "year": 2023,
            "quarter": 2,
            "eps": 3.14,
            "eps_growth_year": 15.36,
            "eps_4q": 11.14,
            "eps_4q_growth_year": 14.54,
            "roe": -42.88,
            "roe_4q": -134.41000000000003,
            "gross_profit": 3731000,
            "gross_margin": 57.42,
            "gross_margin_4q_avg": 57.45,
            "net_income": 2310400,
            "net_income_4q": null,
            "revenue": 6497500,
            "revenue_4q": null,
            "common_shares": 16600,
            "book_valuer_per_share": -10.93,
            "book_valuer_per_share_4q_avg": -11.91,
            "equity": -4999100,
            "current_ratio": 134.62,
            "debt_ratio": 109.91,
            "inventory_turnover_ratio": 53.25,
            "account_receivable_turnover_ratio": 3.04,
            "reinvestment_rate": 2.42,
            "research_to_sale_ratio": null,
            "price_fair": 315.96,
            "eps_avg_yearly": 9.03,
            "eps_latest_yearly": 12.56,
            "eps_growth_yearly": 43.09
        },
        "20233": {
            "year_quarter": 20233,
            "year": 2023,
            "quarter": 3,
            "eps": 3.19,
            "eps_growth_year": 16.9,
            "eps_4q": 11.6,
            "eps_4q_growth_year": 18.87,
            "roe": -47.03,
            "roe_4q": -150.79999999999998,
            "gross_profit": 3863700,
            "gross_margin": 57.73,
            "gross_margin_4q_avg": 57.21,
            "net_income": 2317100,
            "net_income_4q": null,
            "revenue": 6692200,
            "revenue_4q": null,
            "common_shares": 16600,
            "book_valuer_per_share": -10.78,
            "book_valuer_per_share_4q_avg": -11.46,
            "equity": -4854800,
            "current_ratio": 171.13,
            "debt_ratio": 109.32,
            "inventory_turnover_ratio": 56.57,
            "account_receivable_turnover_ratio": 3.01,
            "reinvestment_rate": -5.59,
            "research_to_sale_ratio": null,
            "price_fair": 325.41,
            "eps_avg_yearly": 9.3,
            "eps_latest_yearly": 12.76,
            "eps_growth_yearly": 42.63
        }
    },
    "months": {
        "2001-01": {
            "month": "2001-01",
            "price": "32.29",
            "revenue": 0
        },
        "2001-02": {
            "month": "2001-02",
            "price": "29.75",
            "revenue": 0
        },
        "2001-03": {
            "month": "2001-03",
            "price": "27.10",
            "revenue": 0
        },
        "2001-04": {
            "month": "2001-04",
            "price": "26.85",
            "revenue": 0
        },
        "2001-05": {
            "month": "2001-05",
            "price": "28.59",
            "revenue": 0
        },
        "2001-06": {
            "month": "2001-06",
            "price": "28.81",
            "revenue": 0
        },
        "2001-07": {
            "month": "2001-07",
            "price": "27.73",
            "revenue": 0
        },
        "2001-08": {
            "month": "2001-08",
            "price": "29.39",
            "revenue": 0
        },
        "2001-09": {
            "month": "2001-09",
            "price": "28.24",
            "revenue": 0
        },
        "2001-10": {
            "month": "2001-10",
            "price": "28.46",
            "revenue": 0
        },
        "2001-11": {
            "month": "2001-11",
            "price": "27.11",
            "revenue": 0
        },
        "2001-12": {
            "month": "2001-12",
            "price": "26.46",
            "revenue": 0
        },
        "2002-01": {
            "month": "2002-01",
            "price": "26.63",
            "revenue": 0
        },
        "2002-02": {
            "month": "2002-02",
            "price": "26.75",
            "revenue": 0
        },
        "2002-03": {
            "month": "2002-03",
            "price": "27.91",
            "revenue": 0
        },
        "2002-04": {
            "month": "2002-04",
            "price": "28.03",
            "revenue": 0
        },
        "2002-05": {
            "month": "2002-05",
            "price": "29.76",
            "revenue": 0
        },
        "2002-06": {
            "month": "2002-06",
            "price": "29.49",
            "revenue": 0
        },
        "2002-07": {
            "month": "2002-07",
            "price": "25.78",
            "revenue": 0
        },
        "2002-08": {
            "month": "2002-08",
            "price": "23.69",
            "revenue": 0
        },
        "2002-09": {
            "month": "2002-09",
            "price": "19.84",
            "revenue": 0
        },
        "2002-10": {
            "month": "2002-10",
            "price": "18.00",
            "revenue": 0
        },
        "2002-11": {
            "month": "2002-11",
            "price": "18.10",
            "revenue": 0
        },
        "2002-12": {
            "month": "2002-12",
            "price": "16.83",
            "revenue": 0
        },
        "2003-01": {
            "month": "2003-01",
            "price": "15.85",
            "revenue": 0
        },
        "2003-02": {
            "month": "2003-02",
            "price": "13.62",
            "revenue": 0
        },
        "2003-03": {
            "month": "2003-03",
            "price": "13.61",
            "revenue": 0
        },
        "2003-04": {
            "month": "2003-04",
            "price": "15.71",
            "revenue": 0
        },
        "2003-05": {
            "month": "2003-05",
            "price": "17.88",
            "revenue": 0
        },
        "2003-06": {
            "month": "2003-06",
            "price": "21.37",
            "revenue": 0
        },
        "2003-07": {
            "month": "2003-07",
            "price": "21.87",
            "revenue": 0
        },
        "2003-08": {
            "month": "2003-08",
            "price": "22.71",
            "revenue": 0
        },
        "2003-09": {
            "month": "2003-09",
            "price": "23.51",
            "revenue": 0
        },
        "2003-10": {
            "month": "2003-10",
            "price": "24.28",
            "revenue": 0
        },
        "2003-11": {
            "month": "2003-11",
            "price": "25.59",
            "revenue": 0
        },
        "2003-12": {
            "month": "2003-12",
            "price": "25.30",
            "revenue": 0
        },
        "2004-01": {
            "month": "2004-01",
            "price": "25.23",
            "revenue": 0
        },
        "2004-02": {
            "month": "2004-02",
            "price": "27.10",
            "revenue": 0
        },
        "2004-03": {
            "month": "2004-03",
            "price": "28.57",
            "revenue": 0
        },
        "2004-04": {
            "month": "2004-04",
            "price": "27.81",
            "revenue": 0
        },
        "2004-05": {
            "month": "2004-05",
            "price": "26.30",
            "revenue": 0
        },
        "2004-06": {
            "month": "2004-06",
            "price": "26.73",
            "revenue": 0
        },
        "2004-07": {
            "month": "2004-07",
            "price": "27.14",
            "revenue": 0
        },
        "2004-08": {
            "month": "2004-08",
            "price": "26.68",
            "revenue": 0
        },
        "2004-09": {
            "month": "2004-09",
            "price": "27.53",
            "revenue": 0
        },
        "2004-10": {
            "month": "2004-10",
            "price": "28.51",
            "revenue": 0
        },
        "2004-11": {
            "month": "2004-11",
            "price": "30.05",
            "revenue": 0
        },
        "2004-12": {
            "month": "2004-12",
            "price": "32.00",
            "revenue": 0
        },
        "2005-01": {
            "month": "2005-01",
            "price": "31.70",
            "revenue": 0
        },
        "2005-02": {
            "month": "2005-02",
            "price": "32.42",
            "revenue": 0
        },
        "2005-03": {
            "month": "2005-03",
            "price": "32.38",
            "revenue": 0
        },
        "2005-04": {
            "month": "2005-04",
            "price": "30.51",
            "revenue": 0
        },
        "2005-05": {
            "month": "2005-05",
            "price": "30.35",
            "revenue": 0
        },
        "2005-06": {
            "month": "2005-06",
            "price": "29.18",
            "revenue": 0
        },
        "2005-07": {
            "month": "2005-07",
            "price": "29.77",
            "revenue": 0
        },
        "2005-08": {
            "month": "2005-08",
            "price": "32.76",
            "revenue": 0
        },
        "2005-09": {
            "month": "2005-09",
            "price": "33.04",
            "revenue": 0
        },
        "2005-10": {
            "month": "2005-10",
            "price": "32.52",
            "revenue": 0
        },
        "2005-11": {
            "month": "2005-11",
            "price": "33.33",
            "revenue": 0
        },
        "2005-12": {
            "month": "2005-12",
            "price": "34.66",
            "revenue": 0
        },
        "2006-01": {
            "month": "2006-01",
            "price": "34.82",
            "revenue": 0
        },
        "2006-02": {
            "month": "2006-02",
            "price": "35.91",
            "revenue": 0
        },
        "2006-03": {
            "month": "2006-03",
            "price": "34.67",
            "revenue": 0
        },
        "2006-04": {
            "month": "2006-04",
            "price": "34.69",
            "revenue": 0
        },
        "2006-05": {
            "month": "2006-05",
            "price": "34.39",
            "revenue": 0
        },
        "2006-06": {
            "month": "2006-06",
            "price": "33.05",
            "revenue": 0
        },
        "2006-07": {
            "month": "2006-07",
            "price": "34.30",
            "revenue": 0
        },
        "2006-08": {
            "month": "2006-08",
            "price": "35.53",
            "revenue": 0
        },
        "2006-09": {
            "month": "2006-09",
            "price": "37.88",
            "revenue": 0
        },
        "2006-10": {
            "month": "2006-10",
            "price": "41.24",
            "revenue": 0
        },
        "2006-11": {
            "month": "2006-11",
            "price": "41.73",
            "revenue": 0
        },
        "2006-12": {
            "month": "2006-12",
            "price": "43.51",
            "revenue": 0
        },
        "2007-01": {
            "month": "2007-01",
            "price": "44.05",
            "revenue": 0
        },
        "2007-02": {
            "month": "2007-02",
            "price": "44.98",
            "revenue": 0
        },
        "2007-03": {
            "month": "2007-03",
            "price": "44.12",
            "revenue": 0
        },
        "2007-04": {
            "month": "2007-04",
            "price": "47.50",
            "revenue": 0
        },
        "2007-05": {
            "month": "2007-05",
            "price": "50.74",
            "revenue": 0
        },
        "2007-06": {
            "month": "2007-06",
            "price": "51.34",
            "revenue": 0
        },
        "2007-07": {
            "month": "2007-07",
            "price": "51.04",
            "revenue": 0
        },
        "2007-08": {
            "month": "2007-08",
            "price": "48.96",
            "revenue": 0
        },
        "2007-09": {
            "month": "2007-09",
            "price": "53.08",
            "revenue": 0
        },
        "2007-10": {
            "month": "2007-10",
            "price": "57.09",
            "revenue": 0
        },
        "2007-11": {
            "month": "2007-11",
            "price": "58.21",
            "revenue": 0
        },
        "2007-12": {
            "month": "2007-12",
            "price": "60.21",
            "revenue": 0
        },
        "2008-01": {
            "month": "2008-01",
            "price": "54.46",
            "revenue": 0
        },
        "2008-02": {
            "month": "2008-02",
            "price": "55.25",
            "revenue": 0
        },
        "2008-03": {
            "month": "2008-03",
            "price": "54.45",
            "revenue": 0
        },
        "2008-04": {
            "month": "2008-04",
            "price": "57.39",
            "revenue": 0
        },
        "2008-05": {
            "month": "2008-05",
            "price": "59.82",
            "revenue": 0
        },
        "2008-06": {
            "month": "2008-06",
            "price": "58.13",
            "revenue": 0
        },
        "2008-07": {
            "month": "2008-07",
            "price": "58.85",
            "revenue": 0
        },
        "2008-08": {
            "month": "2008-08",
            "price": "62.73",
            "revenue": 0
        },
        "2008-09": {
            "month": "2008-09",
            "price": "62.57",
            "revenue": 0
        },
        "2008-10": {
            "month": "2008-10",
            "price": "55.91",
            "revenue": 0
        },
        "2008-11": {
            "month": "2008-11",
            "price": "56.01",
            "revenue": 0
        },
        "2008-12": {
            "month": "2008-12",
            "price": "60.75",
            "revenue": 0
        },
        "2009-01": {
            "month": "2009-01",
            "price": "59.53",
            "revenue": 0
        },
        "2009-02": {
            "month": "2009-02",
            "price": "56.21",
            "revenue": 0
        },
        "2009-03": {
            "month": "2009-03",
            "price": "53.31",
            "revenue": 0
        },
        "2009-04": {
            "month": "2009-04",
            "price": "55.19",
            "revenue": 0
        },
        "2009-05": {
            "month": "2009-05",
            "price": "55.00",
            "revenue": 0
        },
        "2009-06": {
            "month": "2009-06",
            "price": "58.25",
            "revenue": 0
        },
        "2009-07": {
            "month": "2009-07",
            "price": "57.07",
            "revenue": 0
        },
        "2009-08": {
            "month": "2009-08",
            "price": "55.76",
            "revenue": 0
        },
        "2009-09": {
            "month": "2009-09",
            "price": "55.92",
            "revenue": 0
        },
        "2009-10": {
            "month": "2009-10",
            "price": "58.02",
            "revenue": 0
        },
        "2009-11": {
            "month": "2009-11",
            "price": "62.72",
            "revenue": 0
        },
        "2009-12": {
            "month": "2009-12",
            "price": "62.32",
            "revenue": 0
        },
        "2010-01": {
            "month": "2010-01",
            "price": "62.72",
            "revenue": 0
        },
        "2010-02": {
            "month": "2010-02",
            "price": "64.12",
            "revenue": 0
        },
        "2010-03": {
            "month": "2010-03",
            "price": "65.77",
            "revenue": 0
        },
        "2010-04": {
            "month": "2010-04",
            "price": "69.54",
            "revenue": 0
        },
        "2010-05": {
            "month": "2010-05",
            "price": "69.13",
            "revenue": 0
        },
        "2010-06": {
            "month": "2010-06",
            "price": "68.31",
            "revenue": 0
        },
        "2010-07": {
            "month": "2010-07",
            "price": "69.51",
            "revenue": 0
        },
        "2010-08": {
            "month": "2010-08",
            "price": "72.34",
            "revenue": 0
        },
        "2010-09": {
            "month": "2010-09",
            "price": "74.86",
            "revenue": 0
        },
        "2010-10": {
            "month": "2010-10",
            "price": "76.84",
            "revenue": 0
        },
        "2010-11": {
            "month": "2010-11",
            "price": "78.87",
            "revenue": 0
        },
        "2010-12": {
            "month": "2010-12",
            "price": "77.64",
            "revenue": 0
        },
        "2011-01": {
            "month": "2011-01",
            "price": "74.47",
            "revenue": 0
        },
        "2011-02": {
            "month": "2011-02",
            "price": "75.18",
            "revenue": 0
        },
        "2011-03": {
            "month": "2011-03",
            "price": "75.13",
            "revenue": 0
        },
        "2011-04": {
            "month": "2011-04",
            "price": "76.96",
            "revenue": 0
        },
        "2011-05": {
            "month": "2011-05",
            "price": "80.75",
            "revenue": 0
        },
        "2011-06": {
            "month": "2011-06",
            "price": "81.93",
            "revenue": 0
        },
        "2011-07": {
            "month": "2011-07",
            "price": "86.24",
            "revenue": 0
        },
        "2011-08": {
            "month": "2011-08",
            "price": "87.09",
            "revenue": 0
        },
        "2011-09": {
            "month": "2011-09",
            "price": "88.05",
            "revenue": 0
        },
        "2011-10": {
            "month": "2011-10",
            "price": "89.65",
            "revenue": 0
        },
        "2011-11": {
            "month": "2011-11",
            "price": "93.31",
            "revenue": 0
        },
        "2011-12": {
            "month": "2011-12",
            "price": "98.05",
            "revenue": 0
        },
        "2012-01": {
            "month": "2012-01",
            "price": "99.92",
            "revenue": 0
        },
        "2012-02": {
            "month": "2012-02",
            "price": "99.78",
            "revenue": 0
        },
        "2012-03": {
            "month": "2012-03",
            "price": "97.71",
            "revenue": 0
        },
        "2012-04": {
            "month": "2012-04",
            "price": "97.07",
            "revenue": 0
        },
        "2012-05": {
            "month": "2012-05",
            "price": "92.37",
            "revenue": 0
        },
        "2012-06": {
            "month": "2012-06",
            "price": "88.28",
            "revenue": 0
        },
        "2012-07": {
            "month": "2012-07",
            "price": "90.07",
            "revenue": 0
        },
        "2012-08": {
            "month": "2012-08",
            "price": "88.60",
            "revenue": 0
        },
        "2012-09": {
            "month": "2012-09",
            "price": "91.90",
            "revenue": 0
        },
        "2012-10": {
            "month": "2012-10",
            "price": "90.65",
            "revenue": 0
        },
        "2012-11": {
            "month": "2012-11",
            "price": "85.91",
            "revenue": 0
        },
        "2012-12": {
            "month": "2012-12",
            "price": "88.85",
            "revenue": 0
        },
        "2013-01": {
            "month": "2013-01",
            "price": "92.25",
            "revenue": 0
        },
        "2013-02": {
            "month": "2013-02",
            "price": "94.89",
            "revenue": 0
        },
        "2013-03": {
            "month": "2013-03",
            "price": "98.20",
            "revenue": 0
        },
        "2013-04": {
            "month": "2013-04",
            "price": "101.18",
            "revenue": 0
        },
        "2013-05": {
            "month": "2013-05",
            "price": "100.84",
            "revenue": 0
        },
        "2013-06": {
            "month": "2013-06",
            "price": "98.23",
            "revenue": 0
        },
        "2013-07": {
            "month": "2013-07",
            "price": "99.33",
            "revenue": 0
        },
        "2013-08": {
            "month": "2013-08",
            "price": "96.47",
            "revenue": 0
        },
        "2013-09": {
            "month": "2013-09",
            "price": "97.01",
            "revenue": 0
        },
        "2013-10": {
            "month": "2013-10",
            "price": "94.93",
            "revenue": 0
        },
        "2013-11": {
            "month": "2013-11",
            "price": "97.60",
            "revenue": 0
        },
        "2013-12": {
            "month": "2013-12",
            "price": "95.90",
            "revenue": 0
        },
        "2014-01": {
            "month": "2014-01",
            "price": "95.12",
            "revenue": 0
        },
        "2014-02": {
            "month": "2014-02",
            "price": "95.26",
            "revenue": 0
        },
        "2014-03": {
            "month": "2014-03",
            "price": "96.45",
            "revenue": 0
        },
        "2014-04": {
            "month": "2014-04",
            "price": "99.38",
            "revenue": 0
        },
        "2014-05": {
            "month": "2014-05",
            "price": "102.07",
            "revenue": 0
        },
        "2014-06": {
            "month": "2014-06",
            "price": "101.41",
            "revenue": 0
        },
        "2014-07": {
            "month": "2014-07",
            "price": "98.39",
            "revenue": 0
        },
        "2014-08": {
            "month": "2014-08",
            "price": "93.99",
            "revenue": 0
        },
        "2014-09": {
            "month": "2014-09",
            "price": "93.61",
            "revenue": 0
        },
        "2014-10": {
            "month": "2014-10",
            "price": "92.29",
            "revenue": 0
        },
        "2014-11": {
            "month": "2014-11",
            "price": "95.75",
            "revenue": 0
        },
        "2014-12": {
            "month": "2014-12",
            "price": "93.15",
            "revenue": 0
        },
        "2015-01": {
            "month": "2015-01",
            "price": "91.80",
            "revenue": 0
        },
        "2015-02": {
            "month": "2015-02",
            "price": "94.96",
            "revenue": 0
        },
        "2015-03": {
            "month": "2015-03",
            "price": "97.60",
            "revenue": 0
        },
        "2015-04": {
            "month": "2015-04",
            "price": "96.64",
            "revenue": 0
        },
        "2015-05": {
            "month": "2015-05",
            "price": "97.83",
            "revenue": 0
        },
        "2015-06": {
            "month": "2015-06",
            "price": "95.80",
            "revenue": 0
        },
        "2015-07": {
            "month": "2015-07",
            "price": "97.37",
            "revenue": 0
        },
        "2015-08": {
            "month": "2015-08",
            "price": "98.05",
            "revenue": 0
        },
        "2015-09": {
            "month": "2015-09",
            "price": "96.82",
            "revenue": 0
        },
        "2015-10": {
            "month": "2015-10",
            "price": "105.59",
            "revenue": 0
        },
        "2015-11": {
            "month": "2015-11",
            "price": "112.91",
            "revenue": 0
        },
        "2015-12": {
            "month": "2015-12",
            "price": "117.04",
            "revenue": 0
        },
        "2016-01": {
            "month": "2016-01",
            "price": "118.08",
            "revenue": 0
        },
        "2016-02": {
            "month": "2016-02",
            "price": "118.36",
            "revenue": 0
        },
        "2016-03": {
            "month": "2016-03",
            "price": "121.76",
            "revenue": 0
        },
        "2016-04": {
            "month": "2016-04",
            "price": "127.54",
            "revenue": 0
        },
        "2016-05": {
            "month": "2016-05",
            "price": "126.99",
            "revenue": 0
        },
        "2016-06": {
            "month": "2016-06",
            "price": "121.37",
            "revenue": 0
        },
        "2016-07": {
            "month": "2016-07",
            "price": "122.80",
            "revenue": 0
        },
        "2016-08": {
            "month": "2016-08",
            "price": "117.07",
            "revenue": 0
        },
        "2016-09": {
            "month": "2016-09",
            "price": "115.97",
            "revenue": 0
        },
        "2016-10": {
            "month": "2016-10",
            "price": "113.15",
            "revenue": 0
        },
        "2016-11": {
            "month": "2016-11",
            "price": "116.89",
            "revenue": 0
        },
        "2016-12": {
            "month": "2016-12",
            "price": "121.73",
            "revenue": 0
        },
        "2017-01": {
            "month": "2017-01",
            "price": "121.46",
            "revenue": 0
        },
        "2017-02": {
            "month": "2017-02",
            "price": "125.98",
            "revenue": 0
        },
        "2017-03": {
            "month": "2017-03",
            "price": "128.56",
            "revenue": 0
        },
        "2017-04": {
            "month": "2017-04",
            "price": "133.32",
            "revenue": 0
        },
        "2017-05": {
            "month": "2017-05",
            "price": "146.19",
            "revenue": 0
        },
        "2017-06": {
            "month": "2017-06",
            "price": "152.54",
            "revenue": 0
        },
        "2017-07": {
            "month": "2017-07",
            "price": "154.94",
            "revenue": 0
        },
        "2017-08": {
            "month": "2017-08",
            "price": "157.39",
            "revenue": 0
        },
        "2017-09": {
            "month": "2017-09",
            "price": "157.76",
            "revenue": 0
        },
        "2017-10": {
            "month": "2017-10",
            "price": "162.95",
            "revenue": 0
        },
        "2017-11": {
            "month": "2017-11",
            "price": "168.59",
            "revenue": 0
        },
        "2017-12": {
            "month": "2017-12",
            "price": "172.72",
            "revenue": 0
        },
        "2018-01": {
            "month": "2018-01",
            "price": "174.54",
            "revenue": 0
        },
        "2018-02": {
            "month": "2018-02",
            "price": "162.22",
            "revenue": 0
        },
        "2018-03": {
            "month": "2018-03",
            "price": "156.56",
            "revenue": 0
        },
        "2018-04": {
            "month": "2018-04",
            "price": "160.81",
            "revenue": 0
        },
        "2018-05": {
            "month": "2018-05",
            "price": "162.60",
            "revenue": 0
        },
        "2018-06": {
            "month": "2018-06",
            "price": "163.00",
            "revenue": 0
        },
        "2018-07": {
            "month": "2018-07",
            "price": "158.29",
            "revenue": 0
        },
        "2018-08": {
            "month": "2018-08",
            "price": "159.64",
            "revenue": 0
        },
        "2018-09": {
            "month": "2018-09",
            "price": "163.20",
            "revenue": 0
        },
        "2018-10": {
            "month": "2018-10",
            "price": "169.08",
            "revenue": 0
        },
        "2018-11": {
            "month": "2018-11",
            "price": "183.95",
            "revenue": 0
        },
        "2018-12": {
            "month": "2018-12",
            "price": "180.05",
            "revenue": 0
        },
        "2019-01": {
            "month": "2019-01",
            "price": "181.33",
            "revenue": 0
        },
        "2019-02": {
            "month": "2019-02",
            "price": "178.68",
            "revenue": 0
        },
        "2019-03": {
            "month": "2019-03",
            "price": "184.16",
            "revenue": 0
        },
        "2019-04": {
            "month": "2019-04",
            "price": "192.49",
            "revenue": 0
        },
        "2019-05": {
            "month": "2019-05",
            "price": "198.18",
            "revenue": 0
        },
        "2019-06": {
            "month": "2019-06",
            "price": "203.84",
            "revenue": 0
        },
        "2019-07": {
            "month": "2019-07",
            "price": "212.93",
            "revenue": 0
        },
        "2019-08": {
            "month": "2019-08",
            "price": "217.18",
            "revenue": 0
        },
        "2019-09": {
            "month": "2019-09",
            "price": "212.92",
            "revenue": 0
        },
        "2019-10": {
            "month": "2019-10",
            "price": "204.78",
            "revenue": 0
        },
        "2019-11": {
            "month": "2019-11",
            "price": "193.43",
            "revenue": 0
        },
        "2019-12": {
            "month": "2019-12",
            "price": "196.04",
            "revenue": 0
        },
        "2020-01": {
            "month": "2020-01",
            "price": "208.83",
            "revenue": 0
        },
        "2020-02": {
            "month": "2020-02",
            "price": "212.80",
            "revenue": 0
        },
        "2020-03": {
            "month": "2020-03",
            "price": "172.15",
            "revenue": 0
        },
        "2020-04": {
            "month": "2020-04",
            "price": "179.06",
            "revenue": 0
        },
        "2020-05": {
            "month": "2020-05",
            "price": "181.16",
            "revenue": 0
        },
        "2020-06": {
            "month": "2020-06",
            "price": "189.46",
            "revenue": 0
        },
        "2020-07": {
            "month": "2020-07",
            "price": "191.37",
            "revenue": 0
        },
        "2020-08": {
            "month": "2020-08",
            "price": "207.57",
            "revenue": 0
        },
        "2020-09": {
            "month": "2020-09",
            "price": "217.62",
            "revenue": 0
        },
        "2020-10": {
            "month": "2020-10",
            "price": "224.50",
            "revenue": 0
        },
        "2020-11": {
            "month": "2020-11",
            "price": "215.86",
            "revenue": 0
        },
        "2020-12": {
            "month": "2020-12",
            "price": "211.85",
            "revenue": 0
        },
        "2021-01": {
            "month": "2021-01",
            "price": "211.42",
            "revenue": 0
        },
        "2021-02": {
            "month": "2021-02",
            "price": "212.11",
            "revenue": 0
        },
        "2021-03": {
            "month": "2021-03",
            "price": "217.35",
            "revenue": 0
        },
        "2021-04": {
            "month": "2021-04",
            "price": "232.04",
            "revenue": 0
        },
        "2021-05": {
            "month": "2021-05",
            "price": "232.84",
            "revenue": 0
        },
        "2021-06": {
            "month": "2021-06",
            "price": "233.22",
            "revenue": 0
        },
        "2021-07": {
            "month": "2021-07",
            "price": "237.25",
            "revenue": 0
        },
        "2021-08": {
            "month": "2021-08",
            "price": "237.46",
            "revenue": 0
        },
        "2021-09": {
            "month": "2021-09",
            "price": "241.41",
            "revenue": 0
        },
        "2021-10": {
            "month": "2021-10",
            "price": "243.19",
            "revenue": 0
        },
        "2021-11": {
            "month": "2021-11",
            "price": "252.04",
            "revenue": 0
        },
        "2021-12": {
            "month": "2021-12",
            "price": "261.78",
            "revenue": 0
        },
        "2022-01": {
            "month": "2022-01",
            "price": "259.27",
            "revenue": 0
        },
        "2022-02": {
            "month": "2022-02",
            "price": "254.49",
            "revenue": 0
        },
        "2022-03": {
            "month": "2022-03",
            "price": "235.81",
            "revenue": 0
        },
        "2022-04": {
            "month": "2022-04",
            "price": "251.15",
            "revenue": 0
        },
        "2022-05": {
            "month": "2022-05",
            "price": "244.37",
            "revenue": 0
        },
        "2022-06": {
            "month": "2022-06",
            "price": "243.55",
            "revenue": 0
        },
        "2022-07": {
            "month": "2022-07",
            "price": "254.60",
            "revenue": 0
        },
        "2022-08": {
            "month": "2022-08",
            "price": "261.04",
            "revenue": 0
        },
        "2022-09": {
            "month": "2022-09",
            "price": "250.58",
            "revenue": 0
        },
        "2022-10": {
            "month": "2022-10",
            "price": "248.12",
            "revenue": 0
        },
        "2022-11": {
            "month": "2022-11",
            "price": "273.56",
            "revenue": 0
        },
        "2022-12": {
            "month": "2022-12",
            "price": "269.77",
            "revenue": 0
        },
        "2023-01": {
            "month": "2023-01",
            "price": "268.53",
            "revenue": 0
        },
        "2023-02": {
            "month": "2023-02",
            "price": "265.60",
            "revenue": 0
        },
        "2023-03": {
            "month": "2023-03",
            "price": "269.28",
            "revenue": 0
        },
        "2023-04": {
            "month": "2023-04",
            "price": "288.44",
            "revenue": 0
        },
        "2023-05": {
            "month": "2023-05",
            "price": "292.72",
            "revenue": 0
        },
        "2023-06": {
            "month": "2023-06",
            "price": "290.14",
            "revenue": 0
        },
        "2023-07": {
            "month": "2023-07",
            "price": "294.55",
            "revenue": 0
        },
        "2023-08": {
            "month": "2023-08",
            "price": "285.74",
            "revenue": 0
        },
        "2023-09": {
            "month": "2023-09",
            "price": "275.25",
            "revenue": 0
        },
        "2023-10": {
            "month": "2023-10",
            "price": "254.22",
            "revenue": 0
        },
        "2023-11": {
            "month": "2023-11",
            "price": "273.79",
            "revenue": 0
        },
        "2023-12": {
            "month": "2023-12",
            "price": "290.22",
            "revenue": 0
        }
    }
}
