{
    "summary": {
        "stock_name": "Meta Platforms Inc",
        "stock_id": "META",
        "category": "Computer and Technology",
        "main_business": "",
        "website_url": "https://www.meta.com/",
        "ceo": "",
        "pe_ratio": 32,
        "report_year_from": 2012,
        "report_year_to": 2023,
        "age": 12,
        "eps_negative_percentage": 8,
        "eps_growth_avg": {
            "last_all": 21.83,
            "last_2y": 2.99,
            "last_4y": 8.82,
            "last_8y": 28.87,
            "last_12y": null,
            "last_16y": null,
            "last_20y": null,
            "at_2006_last_3y": null,
            "at_2007_last_3y": null,
            "at_2008_last_3y": null,
            "at_2009_last_3y": null,
            "at_2010_last_3y": null,
            "at_2011_last_3y": null,
            "at_2012_last_3y": null,
            "at_2013_last_3y": null,
            "at_2014_last_3y": null,
            "at_2015_last_3y": -1.1,
            "at_2016_last_3y": 65.56,
            "at_2017_last_3y": 68.3,
            "at_2018_last_3y": 53.94,
            "at_2019_last_3y": 48.63,
            "at_2020_last_3y": 33.63,
            "at_2021_last_3y": 23.7,
            "at_2022_last_3y": 10.82,
            "at_2023_last_3y": 12.24,
            "at_2024_last_3y": 12.24,
            "at_2006_last_all": null,
            "at_2007_last_all": null,
            "at_2008_last_all": null,
            "at_2009_last_all": null,
            "at_2010_last_all": null,
            "at_2011_last_all": null,
            "at_2012_last_all": null,
            "at_2013_last_all": -100,
            "at_2014_last_all": -9.84,
            "at_2015_last_all": -1.1,
            "at_2016_last_all": 24.17,
            "at_2017_last_all": 34.64,
            "at_2018_last_all": 32.68,
            "at_2019_last_all": 27.31,
            "at_2020_last_all": 28.9,
            "at_2021_last_all": 29.78,
            "at_2022_last_all": 23.94,
            "at_2023_last_all": 21.83,
            "at_2024_last_all": 21.83
        },
        "latest_eps": 16.02,
        "latest_price": 512.3,
        "latest_roe": 29.01,
        "latest_gross_margin": 81.85,
        "latest_equity": 142873000,
        "latest_revenue": 34146000,
        "latest_gross_profit": 27949000,
        "latest_net_income": 11583000,
        "latest_debt_ratio": 33.94,
        "latest_current_ratio": 256.72,
        "latest_account_receivable_turnover_ratio": 2.68,
        "latest_inventory_turnover_ratio": null,
        "latest_reinvestment_rate": 52.66,
        "latest_research_to_sale_ratio": 26.39
    },
    "eps_dividends": {
        "2001": {
            "cash": 0,
            "stock": 0,
            "eps": 0
        },
        "2002": {
            "cash": 0,
            "stock": 0,
            "eps": 0
        },
        "2003": {
            "cash": 0,
            "stock": 0,
            "eps": 0
        },
        "2004": {
            "cash": 0,
            "stock": 0,
            "eps": 0
        },
        "2005": {
            "cash": 0,
            "stock": 0,
            "eps": 0
        },
        "2006": {
            "cash": 0,
            "stock": 0,
            "eps": 0
        },
        "2007": {
            "cash": 0,
            "stock": 0,
            "eps": 0
        },
        "2008": {
            "cash": 0,
            "stock": 0,
            "eps": 0
        },
        "2009": {
            "cash": 0,
            "stock": 0,
            "eps": 0
        },
        "2010": {
            "cash": 0,
            "stock": 0,
            "eps": 0
        },
        "2011": {
            "cash": 0,
            "stock": 0,
            "eps": 0.31
        },
        "2012": {
            "cash": 0,
            "stock": 0,
            "eps": 0
        },
        "2013": {
            "cash": 0,
            "stock": 0,
            "eps": 0.61
        },
        "2014": {
            "cash": 0,
            "stock": 0,
            "eps": 1.1
        },
        "2015": {
            "cash": 0,
            "stock": 0,
            "eps": 1.28
        },
        "2016": {
            "cash": 0,
            "stock": 0,
            "eps": 3.49
        },
        "2017": {
            "cash": 0,
            "stock": 0,
            "eps": 6.16
        },
        "2018": {
            "cash": 0,
            "stock": 0,
            "eps": 7.57
        },
        "2019": {
            "cash": 0,
            "stock": 0,
            "eps": 7.2
        },
        "2020": {
            "cash": 0,
            "stock": 0,
            "eps": 10.08
        },
        "2021": {
            "cash": 0,
            "stock": 0,
            "eps": 13.79
        },
        "2022": {
            "cash": 0,
            "stock": 0,
            "eps": 9.84
        },
        "2023": {
            "cash": 0,
            "stock": 0,
            "eps": 9.92
        }
    },
    "dividends": [],
    "prices": {
        "200101": "無",
        "200102": "無",
        "200103": "無",
        "200104": "無",
        "200105": "無",
        "200106": "無",
        "200107": "無",
        "200108": "無",
        "200109": "無",
        "200110": "無",
        "200111": "無",
        "200112": "無",
        "200201": "無",
        "200202": "無",
        "200203": "無",
        "200204": "無",
        "200205": "無",
        "200206": "無",
        "200207": "無",
        "200208": "無",
        "200209": "無",
        "200210": "無",
        "200211": "無",
        "200212": "無",
        "200301": "無",
        "200302": "無",
        "200303": "無",
        "200304": "無",
        "200305": "無",
        "200306": "無",
        "200307": "無",
        "200308": "無",
        "200309": "無",
        "200310": "無",
        "200311": "無",
        "200312": "無",
        "200401": "無",
        "200402": "無",
        "200403": "無",
        "200404": "無",
        "200405": "無",
        "200406": "無",
        "200407": "無",
        "200408": "無",
        "200409": "無",
        "200410": "無",
        "200411": "無",
        "200412": "無",
        "200501": "無",
        "200502": "無",
        "200503": "無",
        "200504": "無",
        "200505": "無",
        "200506": "無",
        "200507": "無",
        "200508": "無",
        "200509": "無",
        "200510": "無",
        "200511": "無",
        "200512": "無",
        "200601": "無",
        "200602": "無",
        "200603": "無",
        "200604": "無",
        "200605": "無",
        "200606": "無",
        "200607": "無",
        "200608": "無",
        "200609": "無",
        "200610": "無",
        "200611": "無",
        "200612": "無",
        "200701": "無",
        "200702": "無",
        "200703": "無",
        "200704": "無",
        "200705": "無",
        "200706": "無",
        "200707": "無",
        "200708": "無",
        "200709": "無",
        "200710": "無",
        "200711": "無",
        "200712": "無",
        "200801": "無",
        "200802": "無",
        "200803": "無",
        "200804": "無",
        "200805": "無",
        "200806": "無",
        "200807": "無",
        "200808": "無",
        "200809": "無",
        "200810": "無",
        "200811": "無",
        "200812": "無",
        "200901": "無",
        "200902": "無",
        "200903": "無",
        "200904": "無",
        "200905": "無",
        "200906": "無",
        "200907": "無",
        "200908": "無",
        "200909": "無",
        "200910": "無",
        "200911": "無",
        "200912": "無",
        "201001": "無",
        "201002": "無",
        "201003": "無",
        "201004": "無",
        "201005": "無",
        "201006": "無",
        "201007": "無",
        "201008": "無",
        "201009": "無",
        "201010": "無",
        "201011": "無",
        "201012": "無",
        "201101": "無",
        "201102": "無",
        "201103": "無",
        "201104": "無",
        "201105": "無",
        "201106": "無",
        "201107": "無",
        "201108": "無",
        "201109": "無",
        "201110": "無",
        "201111": "無",
        "201112": "無",
        "201201": "無",
        "201202": "無",
        "201203": "無",
        "201204": "無",
        "201205": "31.87",
        "201206": "29.54",
        "201207": "21.71",
        "201208": "20.11",
        "201209": "20.63",
        "201210": "20.62",
        "201211": "22.89",
        "201212": "27.13",
        "201301": "30.33",
        "201302": "28.09",
        "201303": "26.81",
        "201304": "26.61",
        "201305": "26.14",
        "201306": "23.94",
        "201307": "27.91",
        "201308": "38.75",
        "201309": "45.76",
        "201310": "50.51",
        "201311": "47.38",
        "201312": "52.57",
        "201401": "56.93",
        "201402": "66.37",
        "201403": "67.09",
        "201404": "59.61",
        "201405": "60.09",
        "201406": "64.85",
        "201407": "69.03",
        "201408": "73.97",
        "201409": "77.28",
        "201410": "76.54",
        "201411": "74.90",
        "201412": "77.69",
        "201501": "76.72",
        "201502": "76.95",
        "201503": "81.01",
        "201504": "82.09",
        "201505": "79.42",
        "201506": "83.28",
        "201507": "92.05",
        "201508": "91.78",
        "201509": "91.44",
        "201510": "97.13",
        "201511": "105.97",
        "201512": "105.38",
        "201601": "98.98",
        "201602": "105.92",
        "201603": "110.78",
        "201604": "111.93",
        "201605": "118.46",
        "201606": "115.28",
        "201607": "119.17",
        "201608": "124.47",
        "201609": "128.51",
        "201610": "129.71",
        "201611": "120.68",
        "201612": "118.04",
        "201701": "126.82",
        "201702": "133.83",
        "201703": "139.41",
        "201704": "142.97",
        "201705": "150.23",
        "201706": "152.08",
        "201707": "160.53",
        "201708": "169.16",
        "201709": "170.59",
        "201710": "173.31",
        "201711": "179.70",
        "201712": "177.42",
        "201801": "184.96",
        "201802": "180.27",
        "201803": "173.49",
        "201804": "163.81",
        "201805": "182.93",
        "201806": "195.27",
        "201807": "199.97",
        "201808": "177.49",
        "201809": "164.38",
        "201810": "154.19",
        "201811": "141.64",
        "201812": "137.16",
        "201901": "145.42",
        "201902": "164.81",
        "201903": "167.41",
        "201904": "180.54",
        "201905": "186.08",
        "201906": "181.27",
        "201907": "199.60",
        "201908": "184.50",
        "201909": "185.74",
        "201910": "184.38",
        "201911": "195.72",
        "201912": "201.95",
        "202001": "216.64",
        "202002": "207.51",
        "202003": "165.75",
        "202004": "177.00",
        "202005": "216.55",
        "202006": "232.05",
        "202007": "239.21",
        "202008": "268.79",
        "202009": "266.55",
        "202010": "269.78",
        "202011": "276.31",
        "202012": "276.53",
        "202101": "264.61",
        "202102": "266.34",
        "202103": "275.51",
        "202104": "307.75",
        "202105": "317.34",
        "202106": "336.43",
        "202107": "353.38",
        "202108": "363.02",
        "202109": "363.97",
        "202110": "328.67",
        "202111": "336.53",
        "202112": "330.85",
        "202201": "319.41",
        "202202": "228.44",
        "202203": "207.26",
        "202204": "208.24",
        "202205": "197.74",
        "202206": "173.50",
        "202207": "167.36",
        "202208": "168.56",
        "202209": "149.96",
        "202210": "127.92",
        "202211": "106.40",
        "202212": "117.96",
        "202301": "137.25",
        "202302": "176.48",
        "202303": "193.94",
        "202304": "217.20",
        "202305": "243.36",
        "202306": "277.06",
        "202307": "303.14",
        "202308": "299.86",
        "202309": "301.12",
        "202310": "310.87",
        "202311": "328.49",
        "202312": "338.95"
    },
    "quarters": {
        "20011": {
            "year_quarter": 20011,
            "year": 2001,
            "quarter": 1,
            "eps": null,
            "eps_growth_year": null,
            "eps_4q": null,
            "eps_4q_growth_year": null,
            "roe": null,
            "roe_4q": 0,
            "gross_profit": null,
            "gross_margin": null,
            "gross_margin_4q_avg": 0,
            "net_income": null,
            "net_income_4q": null,
            "revenue": null,
            "revenue_4q": null,
            "common_shares": null,
            "book_valuer_per_share": null,
            "book_valuer_per_share_4q_avg": 0,
            "equity": null,
            "current_ratio": null,
            "debt_ratio": null,
            "inventory_turnover_ratio": null,
            "account_receivable_turnover_ratio": null,
            "reinvestment_rate": null,
            "research_to_sale_ratio": null,
            "price_fair": 0,
            "eps_avg_yearly": 0,
            "eps_latest_yearly": 0,
            "eps_growth_yearly": 0
        },
        "20012": {
            "year_quarter": 20012,
            "year": 2001,
            "quarter": 2,
            "eps": null,
            "eps_growth_year": null,
            "eps_4q": null,
            "eps_4q_growth_year": null,
            "roe": null,
            "roe_4q": 0,
            "gross_profit": null,
            "gross_margin": null,
            "gross_margin_4q_avg": 0,
            "net_income": null,
            "net_income_4q": null,
            "revenue": null,
            "revenue_4q": null,
            "common_shares": null,
            "book_valuer_per_share": null,
            "book_valuer_per_share_4q_avg": 0,
            "equity": null,
            "current_ratio": null,
            "debt_ratio": null,
            "inventory_turnover_ratio": null,
            "account_receivable_turnover_ratio": null,
            "reinvestment_rate": null,
            "research_to_sale_ratio": null,
            "price_fair": 0,
            "eps_avg_yearly": 0,
            "eps_latest_yearly": 0,
            "eps_growth_yearly": 0
        },
        "20013": {
            "year_quarter": 20013,
            "year": 2001,
            "quarter": 3,
            "eps": null,
            "eps_growth_year": null,
            "eps_4q": null,
            "eps_4q_growth_year": null,
            "roe": null,
            "roe_4q": 0,
            "gross_profit": null,
            "gross_margin": null,
            "gross_margin_4q_avg": 0,
            "net_income": null,
            "net_income_4q": null,
            "revenue": null,
            "revenue_4q": null,
            "common_shares": null,
            "book_valuer_per_share": null,
            "book_valuer_per_share_4q_avg": 0,
            "equity": null,
            "current_ratio": null,
            "debt_ratio": null,
            "inventory_turnover_ratio": null,
            "account_receivable_turnover_ratio": null,
            "reinvestment_rate": null,
            "research_to_sale_ratio": null,
            "price_fair": 0,
            "eps_avg_yearly": 0,
            "eps_latest_yearly": 0,
            "eps_growth_yearly": 0
        },
        "20014": {
            "year_quarter": 20014,
            "year": 2001,
            "quarter": 4,
            "eps": null,
            "eps_growth_year": null,
            "eps_4q": null,
            "eps_4q_growth_year": null,
            "roe": null,
            "roe_4q": 0,
            "gross_profit": null,
            "gross_margin": null,
            "gross_margin_4q_avg": 0,
            "net_income": null,
            "net_income_4q": null,
            "revenue": null,
            "revenue_4q": null,
            "common_shares": null,
            "book_valuer_per_share": null,
            "book_valuer_per_share_4q_avg": 0,
            "equity": null,
            "current_ratio": null,
            "debt_ratio": null,
            "inventory_turnover_ratio": null,
            "account_receivable_turnover_ratio": null,
            "reinvestment_rate": null,
            "research_to_sale_ratio": null,
            "price_fair": 0,
            "eps_avg_yearly": 0,
            "eps_latest_yearly": 0,
            "eps_growth_yearly": 0
        },
        "20021": {
            "year_quarter": 20021,
            "year": 2002,
            "quarter": 1,
            "eps": null,
            "eps_growth_year": null,
            "eps_4q": null,
            "eps_4q_growth_year": null,
            "roe": null,
            "roe_4q": 0,
            "gross_profit": null,
            "gross_margin": null,
            "gross_margin_4q_avg": 0,
            "net_income": null,
            "net_income_4q": null,
            "revenue": null,
            "revenue_4q": null,
            "common_shares": null,
            "book_valuer_per_share": null,
            "book_valuer_per_share_4q_avg": 0,
            "equity": null,
            "current_ratio": null,
            "debt_ratio": null,
            "inventory_turnover_ratio": null,
            "account_receivable_turnover_ratio": null,
            "reinvestment_rate": null,
            "research_to_sale_ratio": null,
            "price_fair": 0,
            "eps_avg_yearly": 0,
            "eps_latest_yearly": 0,
            "eps_growth_yearly": 0
        },
        "20022": {
            "year_quarter": 20022,
            "year": 2002,
            "quarter": 2,
            "eps": null,
            "eps_growth_year": null,
            "eps_4q": null,
            "eps_4q_growth_year": null,
            "roe": null,
            "roe_4q": 0,
            "gross_profit": null,
            "gross_margin": null,
            "gross_margin_4q_avg": 0,
            "net_income": null,
            "net_income_4q": null,
            "revenue": null,
            "revenue_4q": null,
            "common_shares": null,
            "book_valuer_per_share": null,
            "book_valuer_per_share_4q_avg": 0,
            "equity": null,
            "current_ratio": null,
            "debt_ratio": null,
            "inventory_turnover_ratio": null,
            "account_receivable_turnover_ratio": null,
            "reinvestment_rate": null,
            "research_to_sale_ratio": null,
            "price_fair": 0,
            "eps_avg_yearly": 0,
            "eps_latest_yearly": 0,
            "eps_growth_yearly": 0
        },
        "20023": {
            "year_quarter": 20023,
            "year": 2002,
            "quarter": 3,
            "eps": null,
            "eps_growth_year": null,
            "eps_4q": null,
            "eps_4q_growth_year": null,
            "roe": null,
            "roe_4q": 0,
            "gross_profit": null,
            "gross_margin": null,
            "gross_margin_4q_avg": 0,
            "net_income": null,
            "net_income_4q": null,
            "revenue": null,
            "revenue_4q": null,
            "common_shares": null,
            "book_valuer_per_share": null,
            "book_valuer_per_share_4q_avg": 0,
            "equity": null,
            "current_ratio": null,
            "debt_ratio": null,
            "inventory_turnover_ratio": null,
            "account_receivable_turnover_ratio": null,
            "reinvestment_rate": null,
            "research_to_sale_ratio": null,
            "price_fair": 0,
            "eps_avg_yearly": 0,
            "eps_latest_yearly": 0,
            "eps_growth_yearly": 0
        },
        "20024": {
            "year_quarter": 20024,
            "year": 2002,
            "quarter": 4,
            "eps": null,
            "eps_growth_year": null,
            "eps_4q": null,
            "eps_4q_growth_year": null,
            "roe": null,
            "roe_4q": 0,
            "gross_profit": null,
            "gross_margin": null,
            "gross_margin_4q_avg": 0,
            "net_income": null,
            "net_income_4q": null,
            "revenue": null,
            "revenue_4q": null,
            "common_shares": null,
            "book_valuer_per_share": null,
            "book_valuer_per_share_4q_avg": 0,
            "equity": null,
            "current_ratio": null,
            "debt_ratio": null,
            "inventory_turnover_ratio": null,
            "account_receivable_turnover_ratio": null,
            "reinvestment_rate": null,
            "research_to_sale_ratio": null,
            "price_fair": 0,
            "eps_avg_yearly": 0,
            "eps_latest_yearly": 0,
            "eps_growth_yearly": 0
        },
        "20031": {
            "year_quarter": 20031,
            "year": 2003,
            "quarter": 1,
            "eps": null,
            "eps_growth_year": null,
            "eps_4q": null,
            "eps_4q_growth_year": null,
            "roe": null,
            "roe_4q": 0,
            "gross_profit": null,
            "gross_margin": null,
            "gross_margin_4q_avg": 0,
            "net_income": null,
            "net_income_4q": null,
            "revenue": null,
            "revenue_4q": null,
            "common_shares": null,
            "book_valuer_per_share": null,
            "book_valuer_per_share_4q_avg": 0,
            "equity": null,
            "current_ratio": null,
            "debt_ratio": null,
            "inventory_turnover_ratio": null,
            "account_receivable_turnover_ratio": null,
            "reinvestment_rate": null,
            "research_to_sale_ratio": null,
            "price_fair": 0,
            "eps_avg_yearly": 0,
            "eps_latest_yearly": 0,
            "eps_growth_yearly": 0
        },
        "20032": {
            "year_quarter": 20032,
            "year": 2003,
            "quarter": 2,
            "eps": null,
            "eps_growth_year": null,
            "eps_4q": null,
            "eps_4q_growth_year": null,
            "roe": null,
            "roe_4q": 0,
            "gross_profit": null,
            "gross_margin": null,
            "gross_margin_4q_avg": 0,
            "net_income": null,
            "net_income_4q": null,
            "revenue": null,
            "revenue_4q": null,
            "common_shares": null,
            "book_valuer_per_share": null,
            "book_valuer_per_share_4q_avg": 0,
            "equity": null,
            "current_ratio": null,
            "debt_ratio": null,
            "inventory_turnover_ratio": null,
            "account_receivable_turnover_ratio": null,
            "reinvestment_rate": null,
            "research_to_sale_ratio": null,
            "price_fair": 0,
            "eps_avg_yearly": 0,
            "eps_latest_yearly": 0,
            "eps_growth_yearly": 0
        },
        "20033": {
            "year_quarter": 20033,
            "year": 2003,
            "quarter": 3,
            "eps": null,
            "eps_growth_year": null,
            "eps_4q": null,
            "eps_4q_growth_year": null,
            "roe": null,
            "roe_4q": 0,
            "gross_profit": null,
            "gross_margin": null,
            "gross_margin_4q_avg": 0,
            "net_income": null,
            "net_income_4q": null,
            "revenue": null,
            "revenue_4q": null,
            "common_shares": null,
            "book_valuer_per_share": null,
            "book_valuer_per_share_4q_avg": 0,
            "equity": null,
            "current_ratio": null,
            "debt_ratio": null,
            "inventory_turnover_ratio": null,
            "account_receivable_turnover_ratio": null,
            "reinvestment_rate": null,
            "research_to_sale_ratio": null,
            "price_fair": 0,
            "eps_avg_yearly": 0,
            "eps_latest_yearly": 0,
            "eps_growth_yearly": 0
        },
        "20034": {
            "year_quarter": 20034,
            "year": 2003,
            "quarter": 4,
            "eps": null,
            "eps_growth_year": null,
            "eps_4q": null,
            "eps_4q_growth_year": null,
            "roe": null,
            "roe_4q": 0,
            "gross_profit": null,
            "gross_margin": null,
            "gross_margin_4q_avg": 0,
            "net_income": null,
            "net_income_4q": null,
            "revenue": null,
            "revenue_4q": null,
            "common_shares": null,
            "book_valuer_per_share": null,
            "book_valuer_per_share_4q_avg": 0,
            "equity": null,
            "current_ratio": null,
            "debt_ratio": null,
            "inventory_turnover_ratio": null,
            "account_receivable_turnover_ratio": null,
            "reinvestment_rate": null,
            "research_to_sale_ratio": null,
            "price_fair": 0,
            "eps_avg_yearly": 0,
            "eps_latest_yearly": 0,
            "eps_growth_yearly": 0
        },
        "20041": {
            "year_quarter": 20041,
            "year": 2004,
            "quarter": 1,
            "eps": null,
            "eps_growth_year": null,
            "eps_4q": null,
            "eps_4q_growth_year": null,
            "roe": null,
            "roe_4q": 0,
            "gross_profit": null,
            "gross_margin": null,
            "gross_margin_4q_avg": 0,
            "net_income": null,
            "net_income_4q": null,
            "revenue": null,
            "revenue_4q": null,
            "common_shares": null,
            "book_valuer_per_share": null,
            "book_valuer_per_share_4q_avg": 0,
            "equity": null,
            "current_ratio": null,
            "debt_ratio": null,
            "inventory_turnover_ratio": null,
            "account_receivable_turnover_ratio": null,
            "reinvestment_rate": null,
            "research_to_sale_ratio": null,
            "price_fair": 0,
            "eps_avg_yearly": 0,
            "eps_latest_yearly": 0,
            "eps_growth_yearly": 0
        },
        "20042": {
            "year_quarter": 20042,
            "year": 2004,
            "quarter": 2,
            "eps": null,
            "eps_growth_year": null,
            "eps_4q": null,
            "eps_4q_growth_year": null,
            "roe": null,
            "roe_4q": 0,
            "gross_profit": null,
            "gross_margin": null,
            "gross_margin_4q_avg": 0,
            "net_income": null,
            "net_income_4q": null,
            "revenue": null,
            "revenue_4q": null,
            "common_shares": null,
            "book_valuer_per_share": null,
            "book_valuer_per_share_4q_avg": 0,
            "equity": null,
            "current_ratio": null,
            "debt_ratio": null,
            "inventory_turnover_ratio": null,
            "account_receivable_turnover_ratio": null,
            "reinvestment_rate": null,
            "research_to_sale_ratio": null,
            "price_fair": 0,
            "eps_avg_yearly": 0,
            "eps_latest_yearly": 0,
            "eps_growth_yearly": 0
        },
        "20043": {
            "year_quarter": 20043,
            "year": 2004,
            "quarter": 3,
            "eps": null,
            "eps_growth_year": null,
            "eps_4q": null,
            "eps_4q_growth_year": null,
            "roe": null,
            "roe_4q": 0,
            "gross_profit": null,
            "gross_margin": null,
            "gross_margin_4q_avg": 0,
            "net_income": null,
            "net_income_4q": null,
            "revenue": null,
            "revenue_4q": null,
            "common_shares": null,
            "book_valuer_per_share": null,
            "book_valuer_per_share_4q_avg": 0,
            "equity": null,
            "current_ratio": null,
            "debt_ratio": null,
            "inventory_turnover_ratio": null,
            "account_receivable_turnover_ratio": null,
            "reinvestment_rate": null,
            "research_to_sale_ratio": null,
            "price_fair": 0,
            "eps_avg_yearly": 0,
            "eps_latest_yearly": 0,
            "eps_growth_yearly": 0
        },
        "20044": {
            "year_quarter": 20044,
            "year": 2004,
            "quarter": 4,
            "eps": null,
            "eps_growth_year": null,
            "eps_4q": null,
            "eps_4q_growth_year": null,
            "roe": null,
            "roe_4q": 0,
            "gross_profit": null,
            "gross_margin": null,
            "gross_margin_4q_avg": 0,
            "net_income": null,
            "net_income_4q": null,
            "revenue": null,
            "revenue_4q": null,
            "common_shares": null,
            "book_valuer_per_share": null,
            "book_valuer_per_share_4q_avg": 0,
            "equity": null,
            "current_ratio": null,
            "debt_ratio": null,
            "inventory_turnover_ratio": null,
            "account_receivable_turnover_ratio": null,
            "reinvestment_rate": null,
            "research_to_sale_ratio": null,
            "price_fair": 0,
            "eps_avg_yearly": 0,
            "eps_latest_yearly": 0,
            "eps_growth_yearly": 0
        },
        "20051": {
            "year_quarter": 20051,
            "year": 2005,
            "quarter": 1,
            "eps": null,
            "eps_growth_year": null,
            "eps_4q": null,
            "eps_4q_growth_year": null,
            "roe": null,
            "roe_4q": 0,
            "gross_profit": null,
            "gross_margin": null,
            "gross_margin_4q_avg": 0,
            "net_income": null,
            "net_income_4q": null,
            "revenue": null,
            "revenue_4q": null,
            "common_shares": null,
            "book_valuer_per_share": null,
            "book_valuer_per_share_4q_avg": 0,
            "equity": null,
            "current_ratio": null,
            "debt_ratio": null,
            "inventory_turnover_ratio": null,
            "account_receivable_turnover_ratio": null,
            "reinvestment_rate": null,
            "research_to_sale_ratio": null,
            "price_fair": 0,
            "eps_avg_yearly": 0,
            "eps_latest_yearly": 0,
            "eps_growth_yearly": 0
        },
        "20052": {
            "year_quarter": 20052,
            "year": 2005,
            "quarter": 2,
            "eps": null,
            "eps_growth_year": null,
            "eps_4q": null,
            "eps_4q_growth_year": null,
            "roe": null,
            "roe_4q": 0,
            "gross_profit": null,
            "gross_margin": null,
            "gross_margin_4q_avg": 0,
            "net_income": null,
            "net_income_4q": null,
            "revenue": null,
            "revenue_4q": null,
            "common_shares": null,
            "book_valuer_per_share": null,
            "book_valuer_per_share_4q_avg": 0,
            "equity": null,
            "current_ratio": null,
            "debt_ratio": null,
            "inventory_turnover_ratio": null,
            "account_receivable_turnover_ratio": null,
            "reinvestment_rate": null,
            "research_to_sale_ratio": null,
            "price_fair": 0,
            "eps_avg_yearly": 0,
            "eps_latest_yearly": 0,
            "eps_growth_yearly": 0
        },
        "20053": {
            "year_quarter": 20053,
            "year": 2005,
            "quarter": 3,
            "eps": null,
            "eps_growth_year": null,
            "eps_4q": null,
            "eps_4q_growth_year": null,
            "roe": null,
            "roe_4q": 0,
            "gross_profit": null,
            "gross_margin": null,
            "gross_margin_4q_avg": 0,
            "net_income": null,
            "net_income_4q": null,
            "revenue": null,
            "revenue_4q": null,
            "common_shares": null,
            "book_valuer_per_share": null,
            "book_valuer_per_share_4q_avg": 0,
            "equity": null,
            "current_ratio": null,
            "debt_ratio": null,
            "inventory_turnover_ratio": null,
            "account_receivable_turnover_ratio": null,
            "reinvestment_rate": null,
            "research_to_sale_ratio": null,
            "price_fair": 0,
            "eps_avg_yearly": 0,
            "eps_latest_yearly": 0,
            "eps_growth_yearly": 0
        },
        "20054": {
            "year_quarter": 20054,
            "year": 2005,
            "quarter": 4,
            "eps": null,
            "eps_growth_year": null,
            "eps_4q": null,
            "eps_4q_growth_year": null,
            "roe": null,
            "roe_4q": 0,
            "gross_profit": null,
            "gross_margin": null,
            "gross_margin_4q_avg": 0,
            "net_income": null,
            "net_income_4q": null,
            "revenue": null,
            "revenue_4q": null,
            "common_shares": null,
            "book_valuer_per_share": null,
            "book_valuer_per_share_4q_avg": 0,
            "equity": null,
            "current_ratio": null,
            "debt_ratio": null,
            "inventory_turnover_ratio": null,
            "account_receivable_turnover_ratio": null,
            "reinvestment_rate": null,
            "research_to_sale_ratio": null,
            "price_fair": 0,
            "eps_avg_yearly": 0,
            "eps_latest_yearly": 0,
            "eps_growth_yearly": 0
        },
        "20061": {
            "year_quarter": 20061,
            "year": 2006,
            "quarter": 1,
            "eps": null,
            "eps_growth_year": null,
            "eps_4q": null,
            "eps_4q_growth_year": null,
            "roe": null,
            "roe_4q": 0,
            "gross_profit": null,
            "gross_margin": null,
            "gross_margin_4q_avg": 0,
            "net_income": null,
            "net_income_4q": null,
            "revenue": null,
            "revenue_4q": null,
            "common_shares": null,
            "book_valuer_per_share": null,
            "book_valuer_per_share_4q_avg": 0,
            "equity": null,
            "current_ratio": null,
            "debt_ratio": null,
            "inventory_turnover_ratio": null,
            "account_receivable_turnover_ratio": null,
            "reinvestment_rate": null,
            "research_to_sale_ratio": null,
            "price_fair": 0,
            "eps_avg_yearly": 0,
            "eps_latest_yearly": 0,
            "eps_growth_yearly": 0
        },
        "20062": {
            "year_quarter": 20062,
            "year": 2006,
            "quarter": 2,
            "eps": null,
            "eps_growth_year": null,
            "eps_4q": null,
            "eps_4q_growth_year": null,
            "roe": null,
            "roe_4q": 0,
            "gross_profit": null,
            "gross_margin": null,
            "gross_margin_4q_avg": 0,
            "net_income": null,
            "net_income_4q": null,
            "revenue": null,
            "revenue_4q": null,
            "common_shares": null,
            "book_valuer_per_share": null,
            "book_valuer_per_share_4q_avg": 0,
            "equity": null,
            "current_ratio": null,
            "debt_ratio": null,
            "inventory_turnover_ratio": null,
            "account_receivable_turnover_ratio": null,
            "reinvestment_rate": null,
            "research_to_sale_ratio": null,
            "price_fair": 0,
            "eps_avg_yearly": 0,
            "eps_latest_yearly": 0,
            "eps_growth_yearly": 0
        },
        "20063": {
            "year_quarter": 20063,
            "year": 2006,
            "quarter": 3,
            "eps": null,
            "eps_growth_year": null,
            "eps_4q": null,
            "eps_4q_growth_year": null,
            "roe": null,
            "roe_4q": 0,
            "gross_profit": null,
            "gross_margin": null,
            "gross_margin_4q_avg": 0,
            "net_income": null,
            "net_income_4q": null,
            "revenue": null,
            "revenue_4q": null,
            "common_shares": null,
            "book_valuer_per_share": null,
            "book_valuer_per_share_4q_avg": 0,
            "equity": null,
            "current_ratio": null,
            "debt_ratio": null,
            "inventory_turnover_ratio": null,
            "account_receivable_turnover_ratio": null,
            "reinvestment_rate": null,
            "research_to_sale_ratio": null,
            "price_fair": 0,
            "eps_avg_yearly": 0,
            "eps_latest_yearly": 0,
            "eps_growth_yearly": 0
        },
        "20064": {
            "year_quarter": 20064,
            "year": 2006,
            "quarter": 4,
            "eps": null,
            "eps_growth_year": null,
            "eps_4q": null,
            "eps_4q_growth_year": null,
            "roe": null,
            "roe_4q": 0,
            "gross_profit": null,
            "gross_margin": null,
            "gross_margin_4q_avg": 0,
            "net_income": null,
            "net_income_4q": null,
            "revenue": null,
            "revenue_4q": null,
            "common_shares": null,
            "book_valuer_per_share": null,
            "book_valuer_per_share_4q_avg": 0,
            "equity": null,
            "current_ratio": null,
            "debt_ratio": null,
            "inventory_turnover_ratio": null,
            "account_receivable_turnover_ratio": null,
            "reinvestment_rate": null,
            "research_to_sale_ratio": null,
            "price_fair": 0,
            "eps_avg_yearly": 0,
            "eps_latest_yearly": 0,
            "eps_growth_yearly": 0
        },
        "20071": {
            "year_quarter": 20071,
            "year": 2007,
            "quarter": 1,
            "eps": null,
            "eps_growth_year": null,
            "eps_4q": null,
            "eps_4q_growth_year": null,
            "roe": null,
            "roe_4q": 0,
            "gross_profit": null,
            "gross_margin": null,
            "gross_margin_4q_avg": 0,
            "net_income": null,
            "net_income_4q": null,
            "revenue": null,
            "revenue_4q": null,
            "common_shares": null,
            "book_valuer_per_share": null,
            "book_valuer_per_share_4q_avg": 0,
            "equity": null,
            "current_ratio": null,
            "debt_ratio": null,
            "inventory_turnover_ratio": null,
            "account_receivable_turnover_ratio": null,
            "reinvestment_rate": null,
            "research_to_sale_ratio": null,
            "price_fair": 0,
            "eps_avg_yearly": 0,
            "eps_latest_yearly": 0,
            "eps_growth_yearly": 0
        },
        "20072": {
            "year_quarter": 20072,
            "year": 2007,
            "quarter": 2,
            "eps": null,
            "eps_growth_year": null,
            "eps_4q": null,
            "eps_4q_growth_year": null,
            "roe": null,
            "roe_4q": 0,
            "gross_profit": null,
            "gross_margin": null,
            "gross_margin_4q_avg": 0,
            "net_income": null,
            "net_income_4q": null,
            "revenue": null,
            "revenue_4q": null,
            "common_shares": null,
            "book_valuer_per_share": null,
            "book_valuer_per_share_4q_avg": 0,
            "equity": null,
            "current_ratio": null,
            "debt_ratio": null,
            "inventory_turnover_ratio": null,
            "account_receivable_turnover_ratio": null,
            "reinvestment_rate": null,
            "research_to_sale_ratio": null,
            "price_fair": 0,
            "eps_avg_yearly": 0,
            "eps_latest_yearly": 0,
            "eps_growth_yearly": 0
        },
        "20073": {
            "year_quarter": 20073,
            "year": 2007,
            "quarter": 3,
            "eps": null,
            "eps_growth_year": null,
            "eps_4q": null,
            "eps_4q_growth_year": null,
            "roe": null,
            "roe_4q": 0,
            "gross_profit": null,
            "gross_margin": null,
            "gross_margin_4q_avg": 0,
            "net_income": null,
            "net_income_4q": null,
            "revenue": null,
            "revenue_4q": null,
            "common_shares": null,
            "book_valuer_per_share": null,
            "book_valuer_per_share_4q_avg": 0,
            "equity": null,
            "current_ratio": null,
            "debt_ratio": null,
            "inventory_turnover_ratio": null,
            "account_receivable_turnover_ratio": null,
            "reinvestment_rate": null,
            "research_to_sale_ratio": null,
            "price_fair": 0,
            "eps_avg_yearly": 0,
            "eps_latest_yearly": 0,
            "eps_growth_yearly": 0
        },
        "20074": {
            "year_quarter": 20074,
            "year": 2007,
            "quarter": 4,
            "eps": null,
            "eps_growth_year": null,
            "eps_4q": null,
            "eps_4q_growth_year": null,
            "roe": null,
            "roe_4q": 0,
            "gross_profit": null,
            "gross_margin": null,
            "gross_margin_4q_avg": 0,
            "net_income": null,
            "net_income_4q": null,
            "revenue": null,
            "revenue_4q": null,
            "common_shares": null,
            "book_valuer_per_share": null,
            "book_valuer_per_share_4q_avg": 0,
            "equity": null,
            "current_ratio": null,
            "debt_ratio": null,
            "inventory_turnover_ratio": null,
            "account_receivable_turnover_ratio": null,
            "reinvestment_rate": null,
            "research_to_sale_ratio": null,
            "price_fair": 0,
            "eps_avg_yearly": 0,
            "eps_latest_yearly": 0,
            "eps_growth_yearly": 0
        },
        "20081": {
            "year_quarter": 20081,
            "year": 2008,
            "quarter": 1,
            "eps": null,
            "eps_growth_year": null,
            "eps_4q": null,
            "eps_4q_growth_year": null,
            "roe": null,
            "roe_4q": 0,
            "gross_profit": null,
            "gross_margin": null,
            "gross_margin_4q_avg": 0,
            "net_income": null,
            "net_income_4q": null,
            "revenue": null,
            "revenue_4q": null,
            "common_shares": null,
            "book_valuer_per_share": null,
            "book_valuer_per_share_4q_avg": 0,
            "equity": null,
            "current_ratio": null,
            "debt_ratio": null,
            "inventory_turnover_ratio": null,
            "account_receivable_turnover_ratio": null,
            "reinvestment_rate": null,
            "research_to_sale_ratio": null,
            "price_fair": 0,
            "eps_avg_yearly": 0,
            "eps_latest_yearly": 0,
            "eps_growth_yearly": 0
        },
        "20082": {
            "year_quarter": 20082,
            "year": 2008,
            "quarter": 2,
            "eps": null,
            "eps_growth_year": null,
            "eps_4q": null,
            "eps_4q_growth_year": null,
            "roe": null,
            "roe_4q": 0,
            "gross_profit": null,
            "gross_margin": null,
            "gross_margin_4q_avg": 0,
            "net_income": null,
            "net_income_4q": null,
            "revenue": null,
            "revenue_4q": null,
            "common_shares": null,
            "book_valuer_per_share": null,
            "book_valuer_per_share_4q_avg": 0,
            "equity": null,
            "current_ratio": null,
            "debt_ratio": null,
            "inventory_turnover_ratio": null,
            "account_receivable_turnover_ratio": null,
            "reinvestment_rate": null,
            "research_to_sale_ratio": null,
            "price_fair": 0,
            "eps_avg_yearly": 0,
            "eps_latest_yearly": 0,
            "eps_growth_yearly": 0
        },
        "20083": {
            "year_quarter": 20083,
            "year": 2008,
            "quarter": 3,
            "eps": null,
            "eps_growth_year": null,
            "eps_4q": null,
            "eps_4q_growth_year": null,
            "roe": null,
            "roe_4q": 0,
            "gross_profit": null,
            "gross_margin": null,
            "gross_margin_4q_avg": 0,
            "net_income": null,
            "net_income_4q": null,
            "revenue": null,
            "revenue_4q": null,
            "common_shares": null,
            "book_valuer_per_share": null,
            "book_valuer_per_share_4q_avg": 0,
            "equity": null,
            "current_ratio": null,
            "debt_ratio": null,
            "inventory_turnover_ratio": null,
            "account_receivable_turnover_ratio": null,
            "reinvestment_rate": null,
            "research_to_sale_ratio": null,
            "price_fair": 0,
            "eps_avg_yearly": 0,
            "eps_latest_yearly": 0,
            "eps_growth_yearly": 0
        },
        "20084": {
            "year_quarter": 20084,
            "year": 2008,
            "quarter": 4,
            "eps": null,
            "eps_growth_year": null,
            "eps_4q": null,
            "eps_4q_growth_year": null,
            "roe": null,
            "roe_4q": 0,
            "gross_profit": null,
            "gross_margin": null,
            "gross_margin_4q_avg": 0,
            "net_income": null,
            "net_income_4q": null,
            "revenue": null,
            "revenue_4q": null,
            "common_shares": null,
            "book_valuer_per_share": null,
            "book_valuer_per_share_4q_avg": 0,
            "equity": null,
            "current_ratio": null,
            "debt_ratio": null,
            "inventory_turnover_ratio": null,
            "account_receivable_turnover_ratio": null,
            "reinvestment_rate": null,
            "research_to_sale_ratio": null,
            "price_fair": 0,
            "eps_avg_yearly": 0,
            "eps_latest_yearly": 0,
            "eps_growth_yearly": 0
        },
        "20091": {
            "year_quarter": 20091,
            "year": 2009,
            "quarter": 1,
            "eps": null,
            "eps_growth_year": null,
            "eps_4q": null,
            "eps_4q_growth_year": null,
            "roe": null,
            "roe_4q": 0,
            "gross_profit": null,
            "gross_margin": null,
            "gross_margin_4q_avg": 0,
            "net_income": null,
            "net_income_4q": null,
            "revenue": null,
            "revenue_4q": null,
            "common_shares": null,
            "book_valuer_per_share": null,
            "book_valuer_per_share_4q_avg": 0,
            "equity": null,
            "current_ratio": null,
            "debt_ratio": null,
            "inventory_turnover_ratio": null,
            "account_receivable_turnover_ratio": null,
            "reinvestment_rate": null,
            "research_to_sale_ratio": null,
            "price_fair": 0,
            "eps_avg_yearly": 0,
            "eps_latest_yearly": 0,
            "eps_growth_yearly": 0
        },
        "20092": {
            "year_quarter": 20092,
            "year": 2009,
            "quarter": 2,
            "eps": null,
            "eps_growth_year": null,
            "eps_4q": null,
            "eps_4q_growth_year": null,
            "roe": null,
            "roe_4q": 0,
            "gross_profit": null,
            "gross_margin": null,
            "gross_margin_4q_avg": 0,
            "net_income": null,
            "net_income_4q": null,
            "revenue": null,
            "revenue_4q": null,
            "common_shares": null,
            "book_valuer_per_share": null,
            "book_valuer_per_share_4q_avg": 0,
            "equity": null,
            "current_ratio": null,
            "debt_ratio": null,
            "inventory_turnover_ratio": null,
            "account_receivable_turnover_ratio": null,
            "reinvestment_rate": null,
            "research_to_sale_ratio": null,
            "price_fair": 0,
            "eps_avg_yearly": 0,
            "eps_latest_yearly": 0,
            "eps_growth_yearly": 0
        },
        "20093": {
            "year_quarter": 20093,
            "year": 2009,
            "quarter": 3,
            "eps": null,
            "eps_growth_year": null,
            "eps_4q": null,
            "eps_4q_growth_year": null,
            "roe": null,
            "roe_4q": 0,
            "gross_profit": null,
            "gross_margin": null,
            "gross_margin_4q_avg": 0,
            "net_income": null,
            "net_income_4q": null,
            "revenue": null,
            "revenue_4q": null,
            "common_shares": null,
            "book_valuer_per_share": null,
            "book_valuer_per_share_4q_avg": 0,
            "equity": null,
            "current_ratio": null,
            "debt_ratio": null,
            "inventory_turnover_ratio": null,
            "account_receivable_turnover_ratio": null,
            "reinvestment_rate": null,
            "research_to_sale_ratio": null,
            "price_fair": 0,
            "eps_avg_yearly": 0,
            "eps_latest_yearly": 0,
            "eps_growth_yearly": 0
        },
        "20094": {
            "year_quarter": 20094,
            "year": 2009,
            "quarter": 4,
            "eps": null,
            "eps_growth_year": null,
            "eps_4q": null,
            "eps_4q_growth_year": null,
            "roe": null,
            "roe_4q": 0,
            "gross_profit": null,
            "gross_margin": null,
            "gross_margin_4q_avg": 0,
            "net_income": null,
            "net_income_4q": null,
            "revenue": null,
            "revenue_4q": null,
            "common_shares": null,
            "book_valuer_per_share": null,
            "book_valuer_per_share_4q_avg": 0,
            "equity": null,
            "current_ratio": null,
            "debt_ratio": null,
            "inventory_turnover_ratio": null,
            "account_receivable_turnover_ratio": null,
            "reinvestment_rate": null,
            "research_to_sale_ratio": null,
            "price_fair": 0,
            "eps_avg_yearly": 0,
            "eps_latest_yearly": 0,
            "eps_growth_yearly": 0
        },
        "20101": {
            "year_quarter": 20101,
            "year": 2010,
            "quarter": 1,
            "eps": null,
            "eps_growth_year": null,
            "eps_4q": null,
            "eps_4q_growth_year": null,
            "roe": null,
            "roe_4q": 0,
            "gross_profit": null,
            "gross_margin": null,
            "gross_margin_4q_avg": 0,
            "net_income": null,
            "net_income_4q": null,
            "revenue": 345000,
            "revenue_4q": null,
            "common_shares": null,
            "book_valuer_per_share": null,
            "book_valuer_per_share_4q_avg": 0,
            "equity": null,
            "current_ratio": null,
            "debt_ratio": null,
            "inventory_turnover_ratio": null,
            "account_receivable_turnover_ratio": null,
            "reinvestment_rate": null,
            "research_to_sale_ratio": 7.25,
            "price_fair": 0,
            "eps_avg_yearly": 0,
            "eps_latest_yearly": 0,
            "eps_growth_yearly": 0
        },
        "20102": {
            "year_quarter": 20102,
            "year": 2010,
            "quarter": 2,
            "eps": null,
            "eps_growth_year": null,
            "eps_4q": null,
            "eps_4q_growth_year": null,
            "roe": null,
            "roe_4q": 0,
            "gross_profit": null,
            "gross_margin": null,
            "gross_margin_4q_avg": 0,
            "net_income": null,
            "net_income_4q": null,
            "revenue": 431000,
            "revenue_4q": null,
            "common_shares": null,
            "book_valuer_per_share": null,
            "book_valuer_per_share_4q_avg": 0,
            "equity": null,
            "current_ratio": null,
            "debt_ratio": null,
            "inventory_turnover_ratio": null,
            "account_receivable_turnover_ratio": null,
            "reinvestment_rate": null,
            "research_to_sale_ratio": 7.42,
            "price_fair": 0,
            "eps_avg_yearly": 0,
            "eps_latest_yearly": 0,
            "eps_growth_yearly": 0
        },
        "20103": {
            "year_quarter": 20103,
            "year": 2010,
            "quarter": 3,
            "eps": null,
            "eps_growth_year": null,
            "eps_4q": null,
            "eps_4q_growth_year": null,
            "roe": null,
            "roe_4q": 0,
            "gross_profit": null,
            "gross_margin": null,
            "gross_margin_4q_avg": 0,
            "net_income": null,
            "net_income_4q": null,
            "revenue": 467000,
            "revenue_4q": null,
            "common_shares": null,
            "book_valuer_per_share": null,
            "book_valuer_per_share_4q_avg": 0,
            "equity": null,
            "current_ratio": null,
            "debt_ratio": null,
            "inventory_turnover_ratio": null,
            "account_receivable_turnover_ratio": null,
            "reinvestment_rate": null,
            "research_to_sale_ratio": 8.78,
            "price_fair": 0,
            "eps_avg_yearly": 0,
            "eps_latest_yearly": 0,
            "eps_growth_yearly": 0
        },
        "20104": {
            "year_quarter": 20104,
            "year": 2010,
            "quarter": 4,
            "eps": null,
            "eps_growth_year": null,
            "eps_4q": null,
            "eps_4q_growth_year": null,
            "roe": null,
            "roe_4q": 0,
            "gross_profit": null,
            "gross_margin": null,
            "gross_margin_4q_avg": 0,
            "net_income": null,
            "net_income_4q": null,
            "revenue": 731000,
            "revenue_4q": null,
            "common_shares": null,
            "book_valuer_per_share": null,
            "book_valuer_per_share_4q_avg": 0,
            "equity": null,
            "current_ratio": null,
            "debt_ratio": null,
            "inventory_turnover_ratio": null,
            "account_receivable_turnover_ratio": null,
            "reinvestment_rate": null,
            "research_to_sale_ratio": 6.29,
            "price_fair": 0,
            "eps_avg_yearly": 0,
            "eps_latest_yearly": 0,
            "eps_growth_yearly": 0
        },
        "20111": {
            "year_quarter": 20111,
            "year": 2011,
            "quarter": 1,
            "eps": 0.07,
            "eps_growth_year": null,
            "eps_4q": null,
            "eps_4q_growth_year": null,
            "roe": null,
            "roe_4q": 0,
            "gross_profit": 564000,
            "gross_margin": 77.15,
            "gross_margin_4q_avg": 19.29,
            "net_income": 233000,
            "net_income_4q": null,
            "revenue": 731000,
            "revenue_4q": null,
            "common_shares": null,
            "book_valuer_per_share": null,
            "book_valuer_per_share_4q_avg": 0,
            "equity": null,
            "current_ratio": null,
            "debt_ratio": null,
            "inventory_turnover_ratio": null,
            "account_receivable_turnover_ratio": null,
            "reinvestment_rate": null,
            "research_to_sale_ratio": 7.8,
            "price_fair": 0,
            "eps_avg_yearly": 0,
            "eps_latest_yearly": 0,
            "eps_growth_yearly": 0
        },
        "20112": {
            "year_quarter": 20112,
            "year": 2011,
            "quarter": 2,
            "eps": 0.07,
            "eps_growth_year": null,
            "eps_4q": null,
            "eps_4q_growth_year": null,
            "roe": null,
            "roe_4q": 0,
            "gross_profit": 685000,
            "gross_margin": 76.54,
            "gross_margin_4q_avg": 38.42,
            "net_income": 240000,
            "net_income_4q": null,
            "revenue": 895000,
            "revenue_4q": null,
            "common_shares": null,
            "book_valuer_per_share": null,
            "book_valuer_per_share_4q_avg": 0,
            "equity": null,
            "current_ratio": null,
            "debt_ratio": null,
            "inventory_turnover_ratio": null,
            "account_receivable_turnover_ratio": null,
            "reinvestment_rate": null,
            "research_to_sale_ratio": 11.06,
            "price_fair": 2.8,
            "eps_avg_yearly": 0.28,
            "eps_latest_yearly": 0.28,
            "eps_growth_yearly": 0
        },
        "20113": {
            "year_quarter": 20113,
            "year": 2011,
            "quarter": 3,
            "eps": 0.07,
            "eps_growth_year": null,
            "eps_4q": null,
            "eps_4q_growth_year": null,
            "roe": null,
            "roe_4q": 0,
            "gross_profit": 718000,
            "gross_margin": 75.26,
            "gross_margin_4q_avg": 57.24,
            "net_income": 227000,
            "net_income_4q": null,
            "revenue": 954000,
            "revenue_4q": null,
            "common_shares": null,
            "book_valuer_per_share": null,
            "book_valuer_per_share_4q_avg": 0,
            "equity": null,
            "current_ratio": null,
            "debt_ratio": null,
            "inventory_turnover_ratio": null,
            "account_receivable_turnover_ratio": null,
            "reinvestment_rate": null,
            "research_to_sale_ratio": 11.32,
            "price_fair": 2.8,
            "eps_avg_yearly": 0.28,
            "eps_latest_yearly": 0.28,
            "eps_growth_yearly": 0
        },
        "20114": {
            "year_quarter": 20114,
            "year": 2011,
            "quarter": 4,
            "eps": 0.1,
            "eps_growth_year": null,
            "eps_4q": 0.31,
            "eps_4q_growth_year": null,
            "roe": null,
            "roe_4q": 0,
            "gross_profit": 884000,
            "gross_margin": 78.16,
            "gross_margin_4q_avg": 76.78,
            "net_income": 302000,
            "net_income_4q": null,
            "revenue": 1131000,
            "revenue_4q": null,
            "common_shares": 0,
            "book_valuer_per_share": 1.93,
            "book_valuer_per_share_4q_avg": 0.48,
            "equity": 4899000,
            "current_ratio": 512.12,
            "debt_ratio": 22.62,
            "inventory_turnover_ratio": null,
            "account_receivable_turnover_ratio": null,
            "reinvestment_rate": null,
            "research_to_sale_ratio": 10.96,
            "price_fair": 11.2,
            "eps_avg_yearly": 0.32,
            "eps_latest_yearly": 0.4,
            "eps_growth_yearly": 57.14
        },
        "20121": {
            "year_quarter": 20121,
            "year": 2012,
            "quarter": 1,
            "eps": 0.09,
            "eps_growth_year": 25.38,
            "eps_4q": 0.33,
            "eps_4q_growth_year": null,
            "roe": 4.03,
            "roe_4q": 4.03,
            "gross_profit": 781000,
            "gross_margin": 73.82,
            "gross_margin_4q_avg": 75.95,
            "net_income": 205000,
            "net_income_4q": null,
            "revenue": 1058000,
            "revenue_4q": null,
            "common_shares": null,
            "book_valuer_per_share": 2.09,
            "book_valuer_per_share_4q_avg": 1.01,
            "equity": 5272000,
            "current_ratio": 451.78,
            "debt_ratio": 23.14,
            "inventory_turnover_ratio": null,
            "account_receivable_turnover_ratio": 2.06,
            "reinvestment_rate": null,
            "research_to_sale_ratio": 14.46,
            "price_fair": 11.55,
            "eps_avg_yearly": 0.33,
            "eps_latest_yearly": 0.36,
            "eps_growth_yearly": 32.86
        },
        "20122": {
            "year_quarter": 20122,
            "year": 2012,
            "quarter": 2,
            "eps": -0.08,
            "eps_growth_year": -212.36,
            "eps_4q": 0.17,
            "eps_4q_growth_year": null,
            "roe": -1.69,
            "roe_4q": 2.3400000000000003,
            "gross_profit": 817000,
            "gross_margin": 69,
            "gross_margin_4q_avg": 74.06,
            "net_income": -157000,
            "net_income_4q": null,
            "revenue": 1184000,
            "revenue_4q": null,
            "common_shares": 0,
            "book_valuer_per_share": 5.84,
            "book_valuer_per_share_4q_avg": 2.47,
            "equity": 13309000,
            "current_ratio": 1157.35,
            "debt_ratio": 10.85,
            "inventory_turnover_ratio": null,
            "account_receivable_turnover_ratio": 1.46,
            "reinvestment_rate": null,
            "research_to_sale_ratio": 59.54,
            "price_fair": 11.55,
            "eps_avg_yearly": 0.33,
            "eps_latest_yearly": 0.36,
            "eps_growth_yearly": 32.86
        },
        "20123": {
            "year_quarter": 20123,
            "year": 2012,
            "quarter": 3,
            "eps": -0.02,
            "eps_growth_year": -134.75,
            "eps_4q": 0.08,
            "eps_4q_growth_year": null,
            "roe": -0.43,
            "roe_4q": 1.9100000000000001,
            "gross_profit": 940000,
            "gross_margin": 74.48,
            "gross_margin_4q_avg": 73.87,
            "net_income": -59000,
            "net_income_4q": null,
            "revenue": 1262000,
            "revenue_4q": null,
            "common_shares": 0,
            "book_valuer_per_share": 5.89,
            "book_valuer_per_share_4q_avg": 3.94,
            "equity": 14174000,
            "current_ratio": 1137.5,
            "debt_ratio": 11.62,
            "inventory_turnover_ratio": null,
            "account_receivable_turnover_ratio": 1.08,
            "reinvestment_rate": null,
            "research_to_sale_ratio": 19.33,
            "price_fair": 11.55,
            "eps_avg_yearly": 0.33,
            "eps_latest_yearly": 0.36,
            "eps_growth_yearly": 32.86
        },
        "20124": {
            "year_quarter": 20124,
            "year": 2012,
            "quarter": 4,
            "eps": 0.01,
            "eps_growth_year": -85.11,
            "eps_4q": -0,
            "eps_4q_growth_year": -101.26,
            "roe": 0.49,
            "roe_4q": 2.4000000000000004,
            "gross_profit": 1187000,
            "gross_margin": 74.89,
            "gross_margin_4q_avg": 73.05,
            "net_income": 64000,
            "net_income_4q": null,
            "revenue": 1585000,
            "revenue_4q": null,
            "common_shares": null,
            "book_valuer_per_share": 4.37,
            "book_valuer_per_share_4q_avg": 4.55,
            "equity": 11755000,
            "current_ratio": 1071.01,
            "debt_ratio": 22.17,
            "inventory_turnover_ratio": null,
            "account_receivable_turnover_ratio": 1.34,
            "reinvestment_rate": null,
            "research_to_sale_ratio": 18.74,
            "price_fair": 11.55,
            "eps_avg_yearly": 0.33,
            "eps_latest_yearly": 0.36,
            "eps_growth_yearly": 32.86
        },
        "20131": {
            "year_quarter": 20131,
            "year": 2013,
            "quarter": 1,
            "eps": 0.11,
            "eps_growth_year": 27.56,
            "eps_4q": 0.02,
            "eps_4q_growth_year": -93.7,
            "roe": 1.86,
            "roe_4q": 0.2300000000000002,
            "gross_profit": 1045000,
            "gross_margin": 71.67,
            "gross_margin_4q_avg": 72.51,
            "net_income": 219000,
            "net_income_4q": null,
            "revenue": 1458000,
            "revenue_4q": null,
            "common_shares": 0,
            "book_valuer_per_share": 4.28,
            "book_valuer_per_share_4q_avg": 5.1,
            "equity": 11824000,
            "current_ratio": 1038.76,
            "debt_ratio": 22.02,
            "inventory_turnover_ratio": null,
            "account_receivable_turnover_ratio": 1.29,
            "reinvestment_rate": null,
            "research_to_sale_ratio": 20.1,
            "price_fair": 12.32,
            "eps_avg_yearly": 0.35,
            "eps_latest_yearly": 0.44,
            "eps_growth_yearly": 826.29
        },
        "20132": {
            "year_quarter": 20132,
            "year": 2013,
            "quarter": 2,
            "eps": 0.13,
            "eps_growth_year": null,
            "eps_4q": 0.24,
            "eps_4q_growth_year": 37.89,
            "roe": 2.76,
            "roe_4q": 4.680000000000001,
            "gross_profit": 1348000,
            "gross_margin": 74.35,
            "gross_margin_4q_avg": 73.85,
            "net_income": 333000,
            "net_income_4q": null,
            "revenue": 1813000,
            "revenue_4q": null,
            "common_shares": 0,
            "book_valuer_per_share": 4.41,
            "book_valuer_per_share_4q_avg": 4.74,
            "equity": 12349000,
            "current_ratio": 1057.5,
            "debt_ratio": 21.46,
            "inventory_turnover_ratio": null,
            "account_receivable_turnover_ratio": 1.94,
            "reinvestment_rate": null,
            "research_to_sale_ratio": 18.97,
            "price_fair": 13.3,
            "eps_avg_yearly": 0.38,
            "eps_latest_yearly": 0.52,
            "eps_growth_yearly": 700.69
        },
        "20133": {
            "year_quarter": 20133,
            "year": 2013,
            "quarter": 3,
            "eps": 0.17,
            "eps_growth_year": null,
            "eps_4q": 0.43,
            "eps_4q_growth_year": 456.04,
            "roe": 3.35,
            "roe_4q": 8.459999999999999,
            "gross_profit": 1509000,
            "gross_margin": 74.85,
            "gross_margin_4q_avg": 73.94,
            "net_income": 425000,
            "net_income_4q": null,
            "revenue": 2016000,
            "revenue_4q": null,
            "common_shares": 0,
            "book_valuer_per_share": 4.66,
            "book_valuer_per_share_4q_avg": 4.43,
            "equity": 13048000,
            "current_ratio": 1072.05,
            "debt_ratio": 12.62,
            "inventory_turnover_ratio": null,
            "account_receivable_turnover_ratio": 2.43,
            "reinvestment_rate": null,
            "research_to_sale_ratio": 18.3,
            "price_fair": 14.8,
            "eps_avg_yearly": 0.42,
            "eps_latest_yearly": 0.68,
            "eps_growth_yearly": 618.18
        },
        "20134": {
            "year_quarter": 20134,
            "year": 2013,
            "quarter": 4,
            "eps": 0.2,
            "eps_growth_year": 1332.98,
            "eps_4q": 0.62,
            "eps_4q_growth_year": null,
            "roe": 3.67,
            "roe_4q": 11.639999999999999,
            "gross_profit": 2094000,
            "gross_margin": 81.01,
            "gross_margin_4q_avg": 75.47,
            "net_income": 523000,
            "net_income_4q": null,
            "revenue": 2585000,
            "revenue_4q": null,
            "common_shares": 0,
            "book_valuer_per_share": 5.4,
            "book_valuer_per_share_4q_avg": 4.69,
            "equity": 15470000,
            "current_ratio": 1188.18,
            "debt_ratio": 13.55,
            "inventory_turnover_ratio": null,
            "account_receivable_turnover_ratio": 2.6,
            "reinvestment_rate": null,
            "research_to_sale_ratio": 15.78,
            "price_fair": 16.45,
            "eps_avg_yearly": 0.47,
            "eps_latest_yearly": 0.8,
            "eps_growth_yearly": 549.73
        },
        "20141": {
            "year_quarter": 20141,
            "year": 2014,
            "quarter": 1,
            "eps": 0.25,
            "eps_growth_year": 115,
            "eps_4q": 0.75,
            "eps_4q_growth_year": 3525.73,
            "roe": 3.99,
            "roe_4q": 13.77,
            "gross_profit": 2040000,
            "gross_margin": 81.53,
            "gross_margin_4q_avg": 77.94,
            "net_income": 642000,
            "net_income_4q": null,
            "revenue": 2502000,
            "revenue_4q": null,
            "common_shares": 0,
            "book_valuer_per_share": 5.87,
            "book_valuer_per_share_4q_avg": 5.09,
            "equity": 16737000,
            "current_ratio": 1355.83,
            "debt_ratio": 12.04,
            "inventory_turnover_ratio": null,
            "account_receivable_turnover_ratio": 2.37,
            "reinvestment_rate": null,
            "research_to_sale_ratio": 17.87,
            "price_fair": 18.51,
            "eps_avg_yearly": 0.53,
            "eps_latest_yearly": 1,
            "eps_growth_yearly": 499.76
        },
        "20142": {
            "year_quarter": 20142,
            "year": 2014,
            "quarter": 2,
            "eps": 0.3,
            "eps_growth_year": 127.28,
            "eps_4q": 0.92,
            "eps_4q_growth_year": 288.81,
            "roe": 4.51,
            "roe_4q": 15.52,
            "gross_profit": 2437000,
            "gross_margin": 83.75,
            "gross_margin_4q_avg": 80.29,
            "net_income": 791000,
            "net_income_4q": null,
            "revenue": 2910000,
            "revenue_4q": null,
            "common_shares": 0,
            "book_valuer_per_share": 6.48,
            "book_valuer_per_share_4q_avg": 5.6,
            "equity": 18346000,
            "current_ratio": 1281.47,
            "debt_ratio": 11.67,
            "inventory_turnover_ratio": null,
            "account_receivable_turnover_ratio": 2.65,
            "reinvestment_rate": null,
            "research_to_sale_ratio": 16.91,
            "price_fair": 20.86,
            "eps_avg_yearly": 0.6,
            "eps_latest_yearly": 1.2,
            "eps_growth_yearly": 457.78
        },
        "20143": {
            "year_quarter": 20143,
            "year": 2014,
            "quarter": 3,
            "eps": 0.3,
            "eps_growth_year": 79.32,
            "eps_4q": 1.06,
            "eps_4q_growth_year": 145.02,
            "roe": 4.07,
            "roe_4q": 16.240000000000002,
            "gross_profit": 2638000,
            "gross_margin": 82.36,
            "gross_margin_4q_avg": 82.16,
            "net_income": 806000,
            "net_income_4q": null,
            "revenue": 3203000,
            "revenue_4q": null,
            "common_shares": 0,
            "book_valuer_per_share": 6.64,
            "book_valuer_per_share_4q_avg": 6.1,
            "equity": 21238000,
            "current_ratio": 1305.92,
            "debt_ratio": 12.2,
            "inventory_turnover_ratio": null,
            "account_receivable_turnover_ratio": 2.51,
            "reinvestment_rate": null,
            "research_to_sale_ratio": 18.98,
            "price_fair": 22.78,
            "eps_avg_yearly": 0.65,
            "eps_latest_yearly": 1.2,
            "eps_growth_yearly": 416.17
        },
        "20144": {
            "year_quarter": 20144,
            "year": 2014,
            "quarter": 4,
            "eps": 0.25,
            "eps_growth_year": 22,
            "eps_4q": 1.1,
            "eps_4q_growth_year": 77.29,
            "roe": 2.45,
            "roe_4q": 15.020000000000001,
            "gross_profit": 3198000,
            "gross_margin": 83.04,
            "gross_margin_4q_avg": 82.67,
            "net_income": 701000,
            "net_income_4q": null,
            "revenue": 3851000,
            "revenue_4q": null,
            "common_shares": 0,
            "book_valuer_per_share": 5.07,
            "book_valuer_per_share_4q_avg": 6.02,
            "equity": 36096000,
            "current_ratio": 940.31,
            "debt_ratio": 9.68,
            "inventory_turnover_ratio": null,
            "account_receivable_turnover_ratio": 2.53,
            "reinvestment_rate": null,
            "research_to_sale_ratio": 28.85,
            "price_fair": 23.8,
            "eps_avg_yearly": 0.68,
            "eps_latest_yearly": 1,
            "eps_growth_yearly": 375.93
        },
        "20151": {
            "year_quarter": 20151,
            "year": 2015,
            "quarter": 1,
            "eps": 0.18,
            "eps_growth_year": -26.63,
            "eps_4q": 1.04,
            "eps_4q_growth_year": 37.64,
            "roe": 1.39,
            "roe_4q": 12.42,
            "gross_profit": 2889000,
            "gross_margin": 81.54,
            "gross_margin_4q_avg": 82.67,
            "net_income": 512000,
            "net_income_4q": null,
            "revenue": 3543000,
            "revenue_4q": null,
            "common_shares": 0,
            "book_valuer_per_share": 5.6,
            "book_valuer_per_share_4q_avg": 5.95,
            "equity": 37501000,
            "current_ratio": 859.34,
            "debt_ratio": 10.73,
            "inventory_turnover_ratio": null,
            "account_receivable_turnover_ratio": 2.22,
            "reinvestment_rate": null,
            "research_to_sale_ratio": 29.69,
            "price_fair": 23.91,
            "eps_avg_yearly": 0.68,
            "eps_latest_yearly": 0.72,
            "eps_growth_yearly": 338.4
        },
        "20152": {
            "year_quarter": 20152,
            "year": 2015,
            "quarter": 2,
            "eps": 0.25,
            "eps_growth_year": -16.6,
            "eps_4q": 0.99,
            "eps_4q_growth_year": 6.94,
            "roe": 1.87,
            "roe_4q": 9.780000000000001,
            "gross_profit": 3374000,
            "gross_margin": 83.47,
            "gross_margin_4q_avg": 82.6,
            "net_income": 719000,
            "net_income_4q": null,
            "revenue": 4042000,
            "revenue_4q": null,
            "common_shares": 0,
            "book_valuer_per_share": 6.33,
            "book_valuer_per_share_4q_avg": 5.91,
            "equity": 39452000,
            "current_ratio": 901.17,
            "debt_ratio": 10.6,
            "inventory_turnover_ratio": null,
            "account_receivable_turnover_ratio": 2.43,
            "reinvestment_rate": null,
            "research_to_sale_ratio": 28.7,
            "price_fair": 25.85,
            "eps_avg_yearly": 0.74,
            "eps_latest_yearly": 1,
            "eps_growth_yearly": 350.36
        },
        "20153": {
            "year_quarter": 20153,
            "year": 2015,
            "quarter": 3,
            "eps": 0.31,
            "eps_growth_year": 2.66,
            "eps_4q": 1,
            "eps_4q_growth_year": -5.92,
            "roe": 2.22,
            "roe_4q": 7.93,
            "gross_profit": 3781000,
            "gross_margin": 84,
            "gross_margin_4q_avg": 83.01,
            "net_income": 896000,
            "net_income_4q": null,
            "revenue": 4501000,
            "revenue_4q": null,
            "common_shares": 0,
            "book_valuer_per_share": 7.06,
            "book_valuer_per_share_4q_avg": 6.02,
            "equity": 41420000,
            "current_ratio": 1068.02,
            "debt_ratio": 10.87,
            "inventory_turnover_ratio": null,
            "account_receivable_turnover_ratio": 2.35,
            "reinvestment_rate": 55.76,
            "research_to_sale_ratio": 28.02,
            "price_fair": 28.43,
            "eps_avg_yearly": 0.81,
            "eps_latest_yearly": 1.24,
            "eps_growth_yearly": 357.75
        },
        "20154": {
            "year_quarter": 20154,
            "year": 2015,
            "quarter": 4,
            "eps": 0.54,
            "eps_growth_year": 117.27,
            "eps_4q": 1.29,
            "eps_4q_growth_year": 16.78,
            "roe": 3.65,
            "roe_4q": 9.13,
            "gross_profit": 5017000,
            "gross_margin": 85.89,
            "gross_margin_4q_avg": 83.73,
            "net_income": 1561000,
            "net_income_4q": null,
            "revenue": 5841000,
            "revenue_4q": null,
            "common_shares": 0,
            "book_valuer_per_share": 8.07,
            "book_valuer_per_share_4q_avg": 6.77,
            "equity": 44218000,
            "current_ratio": 1124.78,
            "debt_ratio": 10.5,
            "inventory_turnover_ratio": null,
            "account_receivable_turnover_ratio": 2.56,
            "reinvestment_rate": 46.84,
            "research_to_sale_ratio": 22.5,
            "price_fair": 33.17,
            "eps_avg_yearly": 0.95,
            "eps_latest_yearly": 2.16,
            "eps_growth_yearly": 367.39
        },
        "20161": {
            "year_quarter": 20161,
            "year": 2016,
            "quarter": 1,
            "eps": 0.6,
            "eps_growth_year": 231.38,
            "eps_4q": 1.71,
            "eps_4q_growth_year": 64.42,
            "roe": 3.8,
            "roe_4q": 11.54,
            "gross_profit": 4544000,
            "gross_margin": 84.43,
            "gross_margin_4q_avg": 84.45,
            "net_income": 1738000,
            "net_income_4q": null,
            "revenue": 5382000,
            "revenue_4q": null,
            "common_shares": 0,
            "book_valuer_per_share": 9.11,
            "book_valuer_per_share_4q_avg": 7.64,
            "equity": 47150000,
            "current_ratio": 1316.31,
            "debt_ratio": 9.46,
            "inventory_turnover_ratio": null,
            "account_receivable_turnover_ratio": 2.19,
            "reinvestment_rate": 44.9,
            "research_to_sale_ratio": 24.95,
            "price_fair": 38.66,
            "eps_avg_yearly": 1.1,
            "eps_latest_yearly": 2.4,
            "eps_growth_yearly": 373.88
        },
        "20162": {
            "year_quarter": 20162,
            "year": 2016,
            "quarter": 2,
            "eps": 0.78,
            "eps_growth_year": 209.81,
            "eps_4q": 2.24,
            "eps_4q_growth_year": 126.4,
            "roe": 4.68,
            "roe_4q": 14.350000000000001,
            "gross_profit": 5519000,
            "gross_margin": 85.75,
            "gross_margin_4q_avg": 85.02,
            "net_income": 2283000,
            "net_income_4q": null,
            "revenue": 6436000,
            "revenue_4q": null,
            "common_shares": 0,
            "book_valuer_per_share": 10.27,
            "book_valuer_per_share_4q_avg": 8.63,
            "equity": 50383000,
            "current_ratio": 1221.62,
            "debt_ratio": 9.61,
            "inventory_turnover_ratio": null,
            "account_receivable_turnover_ratio": 2.5,
            "reinvestment_rate": 39.62,
            "research_to_sale_ratio": 22.86,
            "price_fair": 43.7,
            "eps_avg_yearly": 1.25,
            "eps_latest_yearly": 3.12,
            "eps_growth_yearly": 355.75
        },
        "20163": {
            "year_quarter": 20163,
            "year": 2016,
            "quarter": 3,
            "eps": 0.9,
            "eps_growth_year": 186.39,
            "eps_4q": 2.82,
            "eps_4q_growth_year": 183.15,
            "roe": 5.03,
            "roe_4q": 17.16,
            "gross_profit": 6024000,
            "gross_margin": 85.92,
            "gross_margin_4q_avg": 85.5,
            "net_income": 2627000,
            "net_income_4q": null,
            "revenue": 7011000,
            "revenue_4q": null,
            "common_shares": 0,
            "book_valuer_per_share": 11.56,
            "book_valuer_per_share_4q_avg": 9.75,
            "equity": 54115000,
            "current_ratio": 1168.71,
            "debt_ratio": 9.32,
            "inventory_turnover_ratio": null,
            "account_receivable_turnover_ratio": 2.39,
            "reinvestment_rate": 37.12,
            "research_to_sale_ratio": 21.99,
            "price_fair": 49.19,
            "eps_avg_yearly": 1.41,
            "eps_latest_yearly": 3.6,
            "eps_growth_yearly": 336.14
        },
        "20164": {
            "year_quarter": 20164,
            "year": 2016,
            "quarter": 4,
            "eps": 1.21,
            "eps_growth_year": 123.36,
            "eps_4q": 3.49,
            "eps_4q_growth_year": 170.74,
            "roe": 6.3,
            "roe_4q": 19.81,
            "gross_profit": 7762000,
            "gross_margin": 88.11,
            "gross_margin_4q_avg": 86.05,
            "net_income": 3569000,
            "net_income_4q": null,
            "revenue": 8809000,
            "revenue_4q": null,
            "common_shares": 0,
            "book_valuer_per_share": 13.33,
            "book_valuer_per_share_4q_avg": 11.07,
            "equity": 59194000,
            "current_ratio": 1196.56,
            "debt_ratio": 8.88,
            "inventory_turnover_ratio": null,
            "account_receivable_turnover_ratio": 2.49,
            "reinvestment_rate": 33.02,
            "research_to_sale_ratio": 17.74,
            "price_fair": 56.7,
            "eps_avg_yearly": 1.62,
            "eps_latest_yearly": 4.84,
            "eps_growth_yearly": 323.74
        },
        "20171": {
            "year_quarter": 20171,
            "year": 2017,
            "quarter": 1,
            "eps": 1.04,
            "eps_growth_year": 73.96,
            "eps_4q": 3.93,
            "eps_4q_growth_year": 130.38,
            "roe": 5.05,
            "roe_4q": 21.06,
            "gross_profit": 6873000,
            "gross_margin": 85.57,
            "gross_margin_4q_avg": 86.34,
            "net_income": 3064000,
            "net_income_4q": null,
            "revenue": 8032000,
            "revenue_4q": null,
            "common_shares": 0,
            "book_valuer_per_share": 14.39,
            "book_valuer_per_share_4q_avg": 12.39,
            "equity": 62188000,
            "current_ratio": 1261.27,
            "debt_ratio": 9.5,
            "inventory_turnover_ratio": null,
            "account_receivable_turnover_ratio": 2.17,
            "reinvestment_rate": 32.49,
            "research_to_sale_ratio": 22.83,
            "price_fair": 64.84,
            "eps_avg_yearly": 1.85,
            "eps_latest_yearly": 4.16,
            "eps_growth_yearly": 70.23
        },
        "20172": {
            "year_quarter": 20172,
            "year": 2017,
            "quarter": 2,
            "eps": 1.32,
            "eps_growth_year": 68.83,
            "eps_4q": 4.47,
            "eps_4q_growth_year": 99.89,
            "roe": 6.05,
            "roe_4q": 22.43,
            "gross_profit": 8084000,
            "gross_margin": 86.73,
            "gross_margin_4q_avg": 86.58,
            "net_income": 3894000,
            "net_income_4q": null,
            "revenue": 9321000,
            "revenue_4q": null,
            "common_shares": 0,
            "book_valuer_per_share": 15.9,
            "book_valuer_per_share_4q_avg": 13.8,
            "equity": 66481000,
            "current_ratio": 1230.89,
            "debt_ratio": 9.97,
            "inventory_turnover_ratio": null,
            "account_receivable_turnover_ratio": 2.55,
            "reinvestment_rate": 32.09,
            "research_to_sale_ratio": 20.59,
            "price_fair": 75.25,
            "eps_avg_yearly": 2.15,
            "eps_latest_yearly": 5.28,
            "eps_growth_yearly": 72.41
        },
        "20173": {
            "year_quarter": 20173,
            "year": 2017,
            "quarter": 3,
            "eps": 1.59,
            "eps_growth_year": 77.66,
            "eps_4q": 5.16,
            "eps_4q_growth_year": 83.22,
            "roe": 6.84,
            "roe_4q": 24.240000000000002,
            "gross_profit": 8880000,
            "gross_margin": 85.98,
            "gross_margin_4q_avg": 86.6,
            "net_income": 4707000,
            "net_income_4q": null,
            "revenue": 10328000,
            "revenue_4q": null,
            "common_shares": 0,
            "book_valuer_per_share": 17.53,
            "book_valuer_per_share_4q_avg": 15.29,
            "equity": 71208000,
            "current_ratio": 1337.46,
            "debt_ratio": 9.86,
            "inventory_turnover_ratio": null,
            "account_receivable_turnover_ratio": 2.48,
            "reinvestment_rate": 31.95,
            "research_to_sale_ratio": 19.87,
            "price_fair": 87.68,
            "eps_avg_yearly": 2.51,
            "eps_latest_yearly": 6.36,
            "eps_growth_yearly": 69.83
        },
        "20174": {
            "year_quarter": 20174,
            "year": 2017,
            "quarter": 4,
            "eps": 2.21,
            "eps_growth_year": 82.31,
            "eps_4q": 6.16,
            "eps_4q_growth_year": 76.66,
            "roe": 8.99,
            "roe_4q": 26.93,
            "gross_profit": 11361000,
            "gross_margin": 87.58,
            "gross_margin_4q_avg": 86.47,
            "net_income": 6542000,
            "net_income_4q": null,
            "revenue": 12972000,
            "revenue_4q": null,
            "common_shares": 0,
            "book_valuer_per_share": 18.67,
            "book_valuer_per_share_4q_avg": 16.62,
            "equity": 74347000,
            "current_ratio": 1291.57,
            "debt_ratio": 12.04,
            "inventory_turnover_ratio": null,
            "account_receivable_turnover_ratio": 2.53,
            "reinvestment_rate": 30.37,
            "research_to_sale_ratio": 15.02,
            "price_fair": 105.26,
            "eps_avg_yearly": 3.01,
            "eps_latest_yearly": 8.84,
            "eps_growth_yearly": 75.17
        },
        "20181": {
            "year_quarter": 20181,
            "year": 2018,
            "quarter": 1,
            "eps": 1.69,
            "eps_growth_year": 62.74,
            "eps_4q": 6.81,
            "eps_4q_growth_year": 73.39,
            "roe": 6.56,
            "roe_4q": 28.44,
            "gross_profit": 10039000,
            "gross_margin": 83.9,
            "gross_margin_4q_avg": 86.05,
            "net_income": 4988000,
            "net_income_4q": null,
            "revenue": 11966000,
            "revenue_4q": null,
            "common_shares": 0,
            "book_valuer_per_share": 19.85,
            "book_valuer_per_share_4q_avg": 17.99,
            "equity": 77620000,
            "current_ratio": 991.19,
            "debt_ratio": 12.73,
            "inventory_turnover_ratio": null,
            "account_receivable_turnover_ratio": 2.19,
            "reinvestment_rate": 32.68,
            "research_to_sale_ratio": 18.7,
            "price_fair": 117.86,
            "eps_avg_yearly": 3.37,
            "eps_latest_yearly": 6.76,
            "eps_growth_yearly": 63.04
        },
        "20182": {
            "year_quarter": 20182,
            "year": 2018,
            "quarter": 2,
            "eps": 1.74,
            "eps_growth_year": 32.06,
            "eps_4q": 7.24,
            "eps_4q_growth_year": 61.98,
            "roe": 6.5,
            "roe_4q": 28.889999999999997,
            "gross_profit": 11017000,
            "gross_margin": 83.27,
            "gross_margin_4q_avg": 85.18,
            "net_income": 5106000,
            "net_income_4q": null,
            "revenue": 13231000,
            "revenue_4q": null,
            "common_shares": 0,
            "book_valuer_per_share": 20.6,
            "book_valuer_per_share_4q_avg": 19.16,
            "equity": 79382000,
            "current_ratio": 1067.09,
            "debt_ratio": 12.08,
            "inventory_turnover_ratio": null,
            "account_receivable_turnover_ratio": 2.47,
            "reinvestment_rate": 33.52,
            "research_to_sale_ratio": 19.07,
            "price_fair": 130.46,
            "eps_avg_yearly": 3.73,
            "eps_latest_yearly": 6.96,
            "eps_growth_yearly": 58.78
        },
        "20183": {
            "year_quarter": 20183,
            "year": 2018,
            "quarter": 3,
            "eps": 1.76,
            "eps_growth_year": 10.75,
            "eps_4q": 7.41,
            "eps_4q_growth_year": 43.46,
            "roe": 6.43,
            "roe_4q": 28.479999999999997,
            "gross_profit": 11309000,
            "gross_margin": 82.39,
            "gross_margin_4q_avg": 84.29,
            "net_income": 5137000,
            "net_income_4q": null,
            "revenue": 13727000,
            "revenue_4q": null,
            "common_shares": 0,
            "book_valuer_per_share": 21.09,
            "book_valuer_per_share_4q_avg": 20.05,
            "equity": 80342000,
            "current_ratio": 899.8,
            "debt_ratio": 13.1,
            "inventory_turnover_ratio": null,
            "account_receivable_turnover_ratio": 2.36,
            "reinvestment_rate": 35.69,
            "research_to_sale_ratio": 19.36,
            "price_fair": 143.24,
            "eps_avg_yearly": 4.09,
            "eps_latest_yearly": 7.04,
            "eps_growth_yearly": 59.06
        },
        "20184": {
            "year_quarter": 20184,
            "year": 2018,
            "quarter": 4,
            "eps": 2.38,
            "eps_growth_year": 7.78,
            "eps_4q": 7.58,
            "eps_4q_growth_year": 23.03,
            "roe": 8.37,
            "roe_4q": 27.859999999999996,
            "gross_profit": 14118000,
            "gross_margin": 83.47,
            "gross_margin_4q_avg": 83.26,
            "net_income": 6882000,
            "net_income_4q": null,
            "revenue": 16914000,
            "revenue_4q": null,
            "common_shares": 0,
            "book_valuer_per_share": 22.61,
            "book_valuer_per_share_4q_avg": 21.04,
            "equity": 84127000,
            "current_ratio": 719.4,
            "debt_ratio": 13.57,
            "inventory_turnover_ratio": null,
            "account_receivable_turnover_ratio": 2.48,
            "reinvestment_rate": 37,
            "research_to_sale_ratio": 16.88,
            "price_fair": 161.88,
            "eps_avg_yearly": 4.63,
            "eps_latest_yearly": 9.52,
            "eps_growth_yearly": 72.04
        },
        "20191": {
            "year_quarter": 20191,
            "year": 2019,
            "quarter": 1,
            "eps": 1.58,
            "eps_growth_year": -6.95,
            "eps_4q": 7.46,
            "eps_4q_growth_year": 9.52,
            "roe": 2.85,
            "roe_4q": 24.15,
            "gross_profit": 12261000,
            "gross_margin": 81.32,
            "gross_margin_4q_avg": 82.61,
            "net_income": 2429000,
            "net_income_4q": null,
            "revenue": 15077000,
            "revenue_4q": null,
            "common_shares": 17,
            "book_valuer_per_share": 23.47,
            "book_valuer_per_share_4q_avg": 21.94,
            "equity": 86516000,
            "current_ratio": 537.95,
            "debt_ratio": 20.97,
            "inventory_turnover_ratio": null,
            "account_receivable_turnover_ratio": 2.14,
            "reinvestment_rate": 51.9,
            "research_to_sale_ratio": 18.97,
            "price_fair": 174.13,
            "eps_avg_yearly": 4.98,
            "eps_latest_yearly": 6.32,
            "eps_growth_yearly": 70.63
        },
        "20192": {
            "year_quarter": 20192,
            "year": 2019,
            "quarter": 2,
            "eps": 1.29,
            "eps_growth_year": -26.17,
            "eps_4q": 7.01,
            "eps_4q_growth_year": -3.19,
            "roe": 2.98,
            "roe_4q": 20.63,
            "gross_profit": 13579000,
            "gross_margin": 80.42,
            "gross_margin_4q_avg": 81.9,
            "net_income": 2616000,
            "net_income_4q": null,
            "revenue": 16886000,
            "revenue_4q": null,
            "common_shares": 17,
            "book_valuer_per_share": 24.33,
            "book_valuer_per_share_4q_avg": 22.88,
            "equity": 88762000,
            "current_ratio": 446.58,
            "debt_ratio": 24.14,
            "inventory_turnover_ratio": null,
            "account_receivable_turnover_ratio": 2.41,
            "reinvestment_rate": 55.03,
            "research_to_sale_ratio": 19.63,
            "price_fair": 183.23,
            "eps_avg_yearly": 5.24,
            "eps_latest_yearly": 5.16,
            "eps_growth_yearly": 56.32
        },
        "20193": {
            "year_quarter": 20193,
            "year": 2019,
            "quarter": 3,
            "eps": 2.12,
            "eps_growth_year": 20.18,
            "eps_4q": 7.36,
            "eps_4q_growth_year": -0.62,
            "roe": 6.67,
            "roe_4q": 20.869999999999997,
            "gross_profit": 14497000,
            "gross_margin": 82.13,
            "gross_margin_4q_avg": 81.84,
            "net_income": 6091000,
            "net_income_4q": null,
            "revenue": 17652000,
            "revenue_4q": null,
            "common_shares": 17,
            "book_valuer_per_share": 26.21,
            "book_valuer_per_share_4q_avg": 24.16,
            "equity": 93999000,
            "current_ratio": 465.78,
            "debt_ratio": 24.45,
            "inventory_turnover_ratio": null,
            "account_receivable_turnover_ratio": 2.32,
            "reinvestment_rate": 55.35,
            "research_to_sale_ratio": 20.1,
            "price_fair": 199.06,
            "eps_avg_yearly": 5.69,
            "eps_latest_yearly": 8.48,
            "eps_growth_yearly": 66.41
        },
        "20194": {
            "year_quarter": 20194,
            "year": 2019,
            "quarter": 4,
            "eps": 2.21,
            "eps_growth_year": -7.12,
            "eps_4q": 7.19,
            "eps_4q_growth_year": -5.11,
            "roe": 7.54,
            "roe_4q": 20.040000000000003,
            "gross_profit": 17591000,
            "gross_margin": 83.44,
            "gross_margin_4q_avg": 81.83,
            "net_income": 7349000,
            "net_income_4q": null,
            "revenue": 21082000,
            "revenue_4q": null,
            "common_shares": 17,
            "book_valuer_per_share": 28.56,
            "book_valuer_per_share_4q_avg": 25.64,
            "equity": 101054000,
            "current_ratio": 439.95,
            "debt_ratio": 24.23,
            "inventory_turnover_ratio": null,
            "account_receivable_turnover_ratio": 2.45,
            "reinvestment_rate": 55.51,
            "research_to_sale_ratio": 18.39,
            "price_fair": 213.68,
            "eps_avg_yearly": 6.11,
            "eps_latest_yearly": 8.84,
            "eps_growth_yearly": 48.92
        },
        "20201": {
            "year_quarter": 20201,
            "year": 2020,
            "quarter": 1,
            "eps": 1.71,
            "eps_growth_year": 8.45,
            "eps_4q": 7.33,
            "eps_4q_growth_year": -1.83,
            "roe": 4.75,
            "roe_4q": 21.94,
            "gross_profit": 14278000,
            "gross_margin": 80.5,
            "gross_margin_4q_avg": 81.62,
            "net_income": 4902000,
            "net_income_4q": null,
            "revenue": 17737000,
            "revenue_4q": null,
            "common_shares": 17,
            "book_valuer_per_share": 30.04,
            "book_valuer_per_share_4q_avg": 27.29,
            "equity": 105304000,
            "current_ratio": 460.21,
            "debt_ratio": 23.9,
            "inventory_turnover_ratio": null,
            "account_receivable_turnover_ratio": 2.11,
            "reinvestment_rate": 54.56,
            "research_to_sale_ratio": 22.64,
            "price_fair": 223.39,
            "eps_avg_yearly": 6.38,
            "eps_latest_yearly": 6.84,
            "eps_growth_yearly": 40.49
        },
        "20202": {
            "year_quarter": 20202,
            "year": 2020,
            "quarter": 2,
            "eps": 1.8,
            "eps_growth_year": 39.8,
            "eps_4q": 7.84,
            "eps_4q_growth_year": 11.87,
            "roe": 4.8,
            "roe_4q": 23.759999999999998,
            "gross_profit": 14858000,
            "gross_margin": 79.51,
            "gross_margin_4q_avg": 81.4,
            "net_income": 5178000,
            "net_income_4q": null,
            "revenue": 18687000,
            "revenue_4q": null,
            "common_shares": 17,
            "book_valuer_per_share": 31.78,
            "book_valuer_per_share_4q_avg": 29.15,
            "equity": 110447000,
            "current_ratio": 602.49,
            "debt_ratio": 20.93,
            "inventory_turnover_ratio": null,
            "account_receivable_turnover_ratio": 2.53,
            "reinvestment_rate": 53.99,
            "research_to_sale_ratio": 23.88,
            "price_fair": 232.31,
            "eps_avg_yearly": 6.64,
            "eps_latest_yearly": 7.2,
            "eps_growth_yearly": 34.3
        },
        "20203": {
            "year_quarter": 20203,
            "year": 2020,
            "quarter": 3,
            "eps": 2.71,
            "eps_growth_year": 28.06,
            "eps_4q": 8.43,
            "eps_4q_growth_year": 14.53,
            "roe": 6.88,
            "roe_4q": 23.97,
            "gross_profit": 17276000,
            "gross_margin": 80.47,
            "gross_margin_4q_avg": 80.98,
            "net_income": 7846000,
            "net_income_4q": null,
            "revenue": 21470000,
            "revenue_4q": null,
            "common_shares": 17,
            "book_valuer_per_share": 34.37,
            "book_valuer_per_share_4q_avg": 31.19,
            "equity": 117731000,
            "current_ratio": 550.9,
            "debt_ratio": 19.6,
            "inventory_turnover_ratio": null,
            "account_receivable_turnover_ratio": 2.77,
            "reinvestment_rate": 61.4,
            "research_to_sale_ratio": 22.18,
            "price_fair": 248.15,
            "eps_avg_yearly": 7.09,
            "eps_latest_yearly": 10.84,
            "eps_growth_yearly": 43.1
        },
        "20204": {
            "year_quarter": 20204,
            "year": 2020,
            "quarter": 4,
            "eps": 3.86,
            "eps_growth_year": 74.8,
            "eps_4q": 10.09,
            "eps_4q_growth_year": 40.23,
            "roe": 9.12,
            "roe_4q": 25.55,
            "gross_profit": 22862000,
            "gross_margin": 81.44,
            "gross_margin_4q_avg": 80.48,
            "net_income": 11219000,
            "net_income_4q": null,
            "revenue": 28072000,
            "revenue_4q": null,
            "common_shares": 17,
            "book_valuer_per_share": 38.12,
            "book_valuer_per_share_4q_avg": 33.58,
            "equity": 128290000,
            "current_ratio": 505.11,
            "debt_ratio": 19.47,
            "inventory_turnover_ratio": null,
            "account_receivable_turnover_ratio": 2.9,
            "reinvestment_rate": 58.84,
            "research_to_sale_ratio": 18.55,
            "price_fair": 271.34,
            "eps_avg_yearly": 7.75,
            "eps_latest_yearly": 15.44,
            "eps_growth_yearly": 45.09
        },
        "20211": {
            "year_quarter": 20211,
            "year": 2021,
            "quarter": 1,
            "eps": 3.3,
            "eps_growth_year": 92.8,
            "eps_4q": 11.67,
            "eps_4q_growth_year": 59.33,
            "roe": 7.25,
            "roe_4q": 28.049999999999997,
            "gross_profit": 21040000,
            "gross_margin": 80.39,
            "gross_margin_4q_avg": 80.45,
            "net_income": 9497000,
            "net_income_4q": null,
            "revenue": 26171000,
            "revenue_4q": null,
            "common_shares": 17,
            "book_valuer_per_share": 40.16,
            "book_valuer_per_share_4q_avg": 36.11,
            "equity": 133657000,
            "current_ratio": 608.02,
            "debt_ratio": 18.26,
            "inventory_turnover_ratio": null,
            "account_receivable_turnover_ratio": 2.42,
            "reinvestment_rate": 56.83,
            "research_to_sale_ratio": 19.86,
            "price_fair": 291.11,
            "eps_avg_yearly": 8.32,
            "eps_latest_yearly": 13.2,
            "eps_growth_yearly": 44.98
        },
        "20212": {
            "year_quarter": 20212,
            "year": 2021,
            "quarter": 2,
            "eps": 3.61,
            "eps_growth_year": 100.87,
            "eps_4q": 13.49,
            "eps_4q_growth_year": 72.07,
            "roe": 7.65,
            "roe_4q": 30.9,
            "gross_profit": 23678000,
            "gross_margin": 81.43,
            "gross_margin_4q_avg": 80.93,
            "net_income": 10394000,
            "net_income_4q": null,
            "revenue": 29077000,
            "revenue_4q": null,
            "common_shares": 17,
            "book_valuer_per_share": 41.93,
            "book_valuer_per_share_4q_avg": 38.65,
            "equity": 138227000,
            "current_ratio": 542.54,
            "debt_ratio": 18.98,
            "inventory_turnover_ratio": null,
            "account_receivable_turnover_ratio": 2.65,
            "reinvestment_rate": 55.18,
            "research_to_sale_ratio": 20.97,
            "price_fair": 311.15,
            "eps_avg_yearly": 8.89,
            "eps_latest_yearly": 14.44,
            "eps_growth_yearly": 40.6
        },
        "20213": {
            "year_quarter": 20213,
            "year": 2021,
            "quarter": 3,
            "eps": 3.22,
            "eps_growth_year": 18.49,
            "eps_4q": 13.99,
            "eps_4q_growth_year": 65.89,
            "roe": 6.77,
            "roe_4q": 30.79,
            "gross_profit": 23239000,
            "gross_margin": 80.11,
            "gross_margin_4q_avg": 80.84,
            "net_income": 9194000,
            "net_income_4q": null,
            "revenue": 29010000,
            "revenue_4q": null,
            "common_shares": 17,
            "book_valuer_per_share": 40.79,
            "book_valuer_per_share_4q_avg": 40.25,
            "equity": 133360000,
            "current_ratio": 423.43,
            "debt_ratio": 21.36,
            "inventory_turnover_ratio": null,
            "account_receivable_turnover_ratio": 2.44,
            "reinvestment_rate": 54.88,
            "research_to_sale_ratio": 21.77,
            "price_fair": 325.41,
            "eps_avg_yearly": 9.3,
            "eps_latest_yearly": 12.88,
            "eps_growth_yearly": 32.78
        },
        "20214": {
            "year_quarter": 20214,
            "year": 2021,
            "quarter": 4,
            "eps": 3.66,
            "eps_growth_year": -5.22,
            "eps_4q": 13.79,
            "eps_4q_growth_year": 36.69,
            "roe": 7.97,
            "roe_4q": 29.64,
            "gross_profit": 27323000,
            "gross_margin": 81.15,
            "gross_margin_4q_avg": 80.77,
            "net_income": 10285000,
            "net_income_4q": null,
            "revenue": 33671000,
            "revenue_4q": null,
            "common_shares": 17,
            "book_valuer_per_share": 38.32,
            "book_valuer_per_share_4q_avg": 40.3,
            "equity": 124879000,
            "current_ratio": 315.43,
            "debt_ratio": 24.77,
            "inventory_turnover_ratio": null,
            "account_receivable_turnover_ratio": 2.58,
            "reinvestment_rate": 55.47,
            "research_to_sale_ratio": 20.93,
            "price_fair": 338.1,
            "eps_avg_yearly": 9.66,
            "eps_latest_yearly": 14.64,
            "eps_growth_yearly": 26.45
        },
        "20221": {
            "year_quarter": 20221,
            "year": 2022,
            "quarter": 1,
            "eps": 2.72,
            "eps_growth_year": -17.38,
            "eps_4q": 13.21,
            "eps_4q_growth_year": 13.21,
            "roe": 6.02,
            "roe_4q": 28.409999999999997,
            "gross_profit": 21903000,
            "gross_margin": 78.48,
            "gross_margin_4q_avg": 80.29,
            "net_income": 7465000,
            "net_income_4q": null,
            "revenue": 27908000,
            "revenue_4q": null,
            "common_shares": 17,
            "book_valuer_per_share": 37.73,
            "book_valuer_per_share_4q_avg": 39.69,
            "equity": 123228000,
            "current_ratio": 281.06,
            "debt_ratio": 24.96,
            "inventory_turnover_ratio": null,
            "account_receivable_turnover_ratio": 2.19,
            "reinvestment_rate": 55.78,
            "research_to_sale_ratio": 27.62,
            "price_fair": 347.11,
            "eps_avg_yearly": 9.92,
            "eps_latest_yearly": 10.88,
            "eps_growth_yearly": 25.91
        },
        "20222": {
            "year_quarter": 20222,
            "year": 2022,
            "quarter": 2,
            "eps": 2.46,
            "eps_growth_year": -31.78,
            "eps_4q": 12.07,
            "eps_4q_growth_year": -10.53,
            "roe": 5.37,
            "roe_4q": 26.13,
            "gross_profit": 23630000,
            "gross_margin": 81.99,
            "gross_margin_4q_avg": 80.43,
            "net_income": 6687000,
            "net_income_4q": null,
            "revenue": 28822000,
            "revenue_4q": null,
            "common_shares": 17,
            "book_valuer_per_share": 38.77,
            "book_valuer_per_share_4q_avg": 38.9,
            "equity": 125767000,
            "current_ratio": 252,
            "debt_ratio": 25.92,
            "inventory_turnover_ratio": null,
            "account_receivable_turnover_ratio": 2.52,
            "reinvestment_rate": 59.33,
            "research_to_sale_ratio": 30.15,
            "price_fair": 331.02,
            "eps_avg_yearly": 10.1,
            "eps_latest_yearly": 9.84,
            "eps_growth_yearly": 22.78
        },
        "20223": {
            "year_quarter": 20223,
            "year": 2022,
            "quarter": 3,
            "eps": 1.64,
            "eps_growth_year": -49.14,
            "eps_4q": 10.49,
            "eps_4q_growth_year": -25.04,
            "roe": 3.52,
            "roe_4q": 22.88,
            "gross_profit": 21998000,
            "gross_margin": 79.38,
            "gross_margin_4q_avg": 80.25,
            "net_income": 4395000,
            "net_income_4q": null,
            "revenue": 27714000,
            "revenue_4q": null,
            "common_shares": 16,
            "book_valuer_per_share": 38.63,
            "book_valuer_per_share_4q_avg": 38.36,
            "equity": 124094000,
            "current_ratio": 257.04,
            "debt_ratio": 30.63,
            "inventory_turnover_ratio": null,
            "account_receivable_turnover_ratio": 2.44,
            "reinvestment_rate": 61.57,
            "research_to_sale_ratio": 33.09,
            "price_fair": 243.25,
            "eps_avg_yearly": 10.07,
            "eps_latest_yearly": 6.56,
            "eps_growth_yearly": 14.16
        },
        "20224": {
            "year_quarter": 20224,
            "year": 2022,
            "quarter": 4,
            "eps": 3.02,
            "eps_growth_year": -17.52,
            "eps_4q": 9.84,
            "eps_4q_growth_year": -28.6,
            "roe": 4.93,
            "roe_4q": 19.84,
            "gross_profit": 25324000,
            "gross_margin": 78.73,
            "gross_margin_4q_avg": 79.65,
            "net_income": 6163000,
            "net_income_4q": null,
            "revenue": 32165000,
            "revenue_4q": null,
            "common_shares": 38,
            "book_valuer_per_share": 39.98,
            "book_valuer_per_share_4q_avg": 38.78,
            "equity": 125713000,
            "current_ratio": 220.34,
            "debt_ratio": 32.31,
            "inventory_turnover_ratio": null,
            "account_receivable_turnover_ratio": 2.61,
            "reinvestment_rate": 57.56,
            "research_to_sale_ratio": 25.03,
            "price_fair": 357.96,
            "eps_avg_yearly": 10.23,
            "eps_latest_yearly": 12.08,
            "eps_growth_yearly": 26.39
        },
        "20231": {
            "year_quarter": 20231,
            "year": 2023,
            "quarter": 1,
            "eps": 2.39,
            "eps_growth_year": -12.36,
            "eps_4q": 9.51,
            "eps_4q_growth_year": -28.05,
            "roe": 4.56,
            "roe_4q": 18.38,
            "gross_profit": 22427000,
            "gross_margin": 78.29,
            "gross_margin_4q_avg": 79.6,
            "net_income": 5709000,
            "net_income_4q": null,
            "revenue": 28645000,
            "revenue_4q": null,
            "common_shares": 15,
            "book_valuer_per_share": 40.22,
            "book_valuer_per_share_4q_avg": 39.4,
            "equity": 124795000,
            "current_ratio": 206.78,
            "debt_ratio": 32.36,
            "inventory_turnover_ratio": null,
            "account_receivable_turnover_ratio": 2.34,
            "reinvestment_rate": 57.35,
            "research_to_sale_ratio": 31.07,
            "price_fair": 365.05,
            "eps_avg_yearly": 10.43,
            "eps_latest_yearly": 9.56,
            "eps_growth_yearly": 29.58
        },
        "20232": {
            "year_quarter": 20232,
            "year": 2023,
            "quarter": 2,
            "eps": 3.04,
            "eps_growth_year": 23.36,
            "eps_4q": 10.08,
            "eps_4q_growth_year": -16.43,
            "roe": 6.02,
            "roe_4q": 19.029999999999998,
            "gross_profit": 26012000,
            "gross_margin": 81.29,
            "gross_margin_4q_avg": 79.42,
            "net_income": 7788000,
            "net_income_4q": null,
            "revenue": 31999000,
            "revenue_4q": null,
            "common_shares": 15,
            "book_valuer_per_share": 43.73,
            "book_valuer_per_share_4q_avg": 40.64,
            "equity": 134033000,
            "current_ratio": 232.48,
            "debt_ratio": 35.15,
            "inventory_turnover_ratio": null,
            "account_receivable_turnover_ratio": 2.72,
            "reinvestment_rate": 55.28,
            "research_to_sale_ratio": 28.73,
            "price_fair": 380.36,
            "eps_avg_yearly": 10.87,
            "eps_latest_yearly": 12.16,
            "eps_growth_yearly": 40.97
        },
        "20233": {
            "year_quarter": 20233,
            "year": 2023,
            "quarter": 3,
            "eps": 4.49,
            "eps_growth_year": 174.72,
            "eps_4q": 12.94,
            "eps_4q_growth_year": 23.42,
            "roe": 8.37,
            "roe_4q": 23.88,
            "gross_profit": 27949000,
            "gross_margin": 81.85,
            "gross_margin_4q_avg": 80.04,
            "net_income": 11583000,
            "net_income_4q": null,
            "revenue": 34146000,
            "revenue_4q": null,
            "common_shares": 15,
            "book_valuer_per_share": 47.22,
            "book_valuer_per_share_4q_avg": 42.79,
            "equity": 142873000,
            "current_ratio": 256.72,
            "debt_ratio": 33.94,
            "inventory_turnover_ratio": null,
            "account_receivable_turnover_ratio": 2.68,
            "reinvestment_rate": 52.66,
            "research_to_sale_ratio": 26.39,
            "price_fair": 401.1,
            "eps_avg_yearly": 11.46,
            "eps_latest_yearly": 17.96,
            "eps_growth_yearly": 36.81
        }
    },
    "months": {
        "2012-05": {
            "month": "2012-05",
            "price": "31.87",
            "revenue": 0
        },
        "2012-06": {
            "month": "2012-06",
            "price": "29.54",
            "revenue": 0
        },
        "2012-07": {
            "month": "2012-07",
            "price": "21.71",
            "revenue": 0
        },
        "2012-08": {
            "month": "2012-08",
            "price": "20.11",
            "revenue": 0
        },
        "2012-09": {
            "month": "2012-09",
            "price": "20.63",
            "revenue": 0
        },
        "2012-10": {
            "month": "2012-10",
            "price": "20.62",
            "revenue": 0
        },
        "2012-11": {
            "month": "2012-11",
            "price": "22.89",
            "revenue": 0
        },
        "2012-12": {
            "month": "2012-12",
            "price": "27.13",
            "revenue": 0
        },
        "2013-01": {
            "month": "2013-01",
            "price": "30.33",
            "revenue": 0
        },
        "2013-02": {
            "month": "2013-02",
            "price": "28.09",
            "revenue": 0
        },
        "2013-03": {
            "month": "2013-03",
            "price": "26.81",
            "revenue": 0
        },
        "2013-04": {
            "month": "2013-04",
            "price": "26.61",
            "revenue": 0
        },
        "2013-05": {
            "month": "2013-05",
            "price": "26.14",
            "revenue": 0
        },
        "2013-06": {
            "month": "2013-06",
            "price": "23.94",
            "revenue": 0
        },
        "2013-07": {
            "month": "2013-07",
            "price": "27.91",
            "revenue": 0
        },
        "2013-08": {
            "month": "2013-08",
            "price": "38.75",
            "revenue": 0
        },
        "2013-09": {
            "month": "2013-09",
            "price": "45.76",
            "revenue": 0
        },
        "2013-10": {
            "month": "2013-10",
            "price": "50.51",
            "revenue": 0
        },
        "2013-11": {
            "month": "2013-11",
            "price": "47.38",
            "revenue": 0
        },
        "2013-12": {
            "month": "2013-12",
            "price": "52.57",
            "revenue": 0
        },
        "2014-01": {
            "month": "2014-01",
            "price": "56.93",
            "revenue": 0
        },
        "2014-02": {
            "month": "2014-02",
            "price": "66.37",
            "revenue": 0
        },
        "2014-03": {
            "month": "2014-03",
            "price": "67.09",
            "revenue": 0
        },
        "2014-04": {
            "month": "2014-04",
            "price": "59.61",
            "revenue": 0
        },
        "2014-05": {
            "month": "2014-05",
            "price": "60.09",
            "revenue": 0
        },
        "2014-06": {
            "month": "2014-06",
            "price": "64.85",
            "revenue": 0
        },
        "2014-07": {
            "month": "2014-07",
            "price": "69.03",
            "revenue": 0
        },
        "2014-08": {
            "month": "2014-08",
            "price": "73.97",
            "revenue": 0
        },
        "2014-09": {
            "month": "2014-09",
            "price": "77.28",
            "revenue": 0
        },
        "2014-10": {
            "month": "2014-10",
            "price": "76.54",
            "revenue": 0
        },
        "2014-11": {
            "month": "2014-11",
            "price": "74.90",
            "revenue": 0
        },
        "2014-12": {
            "month": "2014-12",
            "price": "77.69",
            "revenue": 0
        },
        "2015-01": {
            "month": "2015-01",
            "price": "76.72",
            "revenue": 0
        },
        "2015-02": {
            "month": "2015-02",
            "price": "76.95",
            "revenue": 0
        },
        "2015-03": {
            "month": "2015-03",
            "price": "81.01",
            "revenue": 0
        },
        "2015-04": {
            "month": "2015-04",
            "price": "82.09",
            "revenue": 0
        },
        "2015-05": {
            "month": "2015-05",
            "price": "79.42",
            "revenue": 0
        },
        "2015-06": {
            "month": "2015-06",
            "price": "83.28",
            "revenue": 0
        },
        "2015-07": {
            "month": "2015-07",
            "price": "92.05",
            "revenue": 0
        },
        "2015-08": {
            "month": "2015-08",
            "price": "91.78",
            "revenue": 0
        },
        "2015-09": {
            "month": "2015-09",
            "price": "91.44",
            "revenue": 0
        },
        "2015-10": {
            "month": "2015-10",
            "price": "97.13",
            "revenue": 0
        },
        "2015-11": {
            "month": "2015-11",
            "price": "105.97",
            "revenue": 0
        },
        "2015-12": {
            "month": "2015-12",
            "price": "105.38",
            "revenue": 0
        },
        "2016-01": {
            "month": "2016-01",
            "price": "98.98",
            "revenue": 0
        },
        "2016-02": {
            "month": "2016-02",
            "price": "105.92",
            "revenue": 0
        },
        "2016-03": {
            "month": "2016-03",
            "price": "110.78",
            "revenue": 0
        },
        "2016-04": {
            "month": "2016-04",
            "price": "111.93",
            "revenue": 0
        },
        "2016-05": {
            "month": "2016-05",
            "price": "118.46",
            "revenue": 0
        },
        "2016-06": {
            "month": "2016-06",
            "price": "115.28",
            "revenue": 0
        },
        "2016-07": {
            "month": "2016-07",
            "price": "119.17",
            "revenue": 0
        },
        "2016-08": {
            "month": "2016-08",
            "price": "124.47",
            "revenue": 0
        },
        "2016-09": {
            "month": "2016-09",
            "price": "128.51",
            "revenue": 0
        },
        "2016-10": {
            "month": "2016-10",
            "price": "129.71",
            "revenue": 0
        },
        "2016-11": {
            "month": "2016-11",
            "price": "120.68",
            "revenue": 0
        },
        "2016-12": {
            "month": "2016-12",
            "price": "118.04",
            "revenue": 0
        },
        "2017-01": {
            "month": "2017-01",
            "price": "126.82",
            "revenue": 0
        },
        "2017-02": {
            "month": "2017-02",
            "price": "133.83",
            "revenue": 0
        },
        "2017-03": {
            "month": "2017-03",
            "price": "139.41",
            "revenue": 0
        },
        "2017-04": {
            "month": "2017-04",
            "price": "142.97",
            "revenue": 0
        },
        "2017-05": {
            "month": "2017-05",
            "price": "150.23",
            "revenue": 0
        },
        "2017-06": {
            "month": "2017-06",
            "price": "152.08",
            "revenue": 0
        },
        "2017-07": {
            "month": "2017-07",
            "price": "160.53",
            "revenue": 0
        },
        "2017-08": {
            "month": "2017-08",
            "price": "169.16",
            "revenue": 0
        },
        "2017-09": {
            "month": "2017-09",
            "price": "170.59",
            "revenue": 0
        },
        "2017-10": {
            "month": "2017-10",
            "price": "173.31",
            "revenue": 0
        },
        "2017-11": {
            "month": "2017-11",
            "price": "179.70",
            "revenue": 0
        },
        "2017-12": {
            "month": "2017-12",
            "price": "177.42",
            "revenue": 0
        },
        "2018-01": {
            "month": "2018-01",
            "price": "184.96",
            "revenue": 0
        },
        "2018-02": {
            "month": "2018-02",
            "price": "180.27",
            "revenue": 0
        },
        "2018-03": {
            "month": "2018-03",
            "price": "173.49",
            "revenue": 0
        },
        "2018-04": {
            "month": "2018-04",
            "price": "163.81",
            "revenue": 0
        },
        "2018-05": {
            "month": "2018-05",
            "price": "182.93",
            "revenue": 0
        },
        "2018-06": {
            "month": "2018-06",
            "price": "195.27",
            "revenue": 0
        },
        "2018-07": {
            "month": "2018-07",
            "price": "199.97",
            "revenue": 0
        },
        "2018-08": {
            "month": "2018-08",
            "price": "177.49",
            "revenue": 0
        },
        "2018-09": {
            "month": "2018-09",
            "price": "164.38",
            "revenue": 0
        },
        "2018-10": {
            "month": "2018-10",
            "price": "154.19",
            "revenue": 0
        },
        "2018-11": {
            "month": "2018-11",
            "price": "141.64",
            "revenue": 0
        },
        "2018-12": {
            "month": "2018-12",
            "price": "137.16",
            "revenue": 0
        },
        "2019-01": {
            "month": "2019-01",
            "price": "145.42",
            "revenue": 0
        },
        "2019-02": {
            "month": "2019-02",
            "price": "164.81",
            "revenue": 0
        },
        "2019-03": {
            "month": "2019-03",
            "price": "167.41",
            "revenue": 0
        },
        "2019-04": {
            "month": "2019-04",
            "price": "180.54",
            "revenue": 0
        },
        "2019-05": {
            "month": "2019-05",
            "price": "186.08",
            "revenue": 0
        },
        "2019-06": {
            "month": "2019-06",
            "price": "181.27",
            "revenue": 0
        },
        "2019-07": {
            "month": "2019-07",
            "price": "199.60",
            "revenue": 0
        },
        "2019-08": {
            "month": "2019-08",
            "price": "184.50",
            "revenue": 0
        },
        "2019-09": {
            "month": "2019-09",
            "price": "185.74",
            "revenue": 0
        },
        "2019-10": {
            "month": "2019-10",
            "price": "184.38",
            "revenue": 0
        },
        "2019-11": {
            "month": "2019-11",
            "price": "195.72",
            "revenue": 0
        },
        "2019-12": {
            "month": "2019-12",
            "price": "201.95",
            "revenue": 0
        },
        "2020-01": {
            "month": "2020-01",
            "price": "216.64",
            "revenue": 0
        },
        "2020-02": {
            "month": "2020-02",
            "price": "207.51",
            "revenue": 0
        },
        "2020-03": {
            "month": "2020-03",
            "price": "165.75",
            "revenue": 0
        },
        "2020-04": {
            "month": "2020-04",
            "price": "177.00",
            "revenue": 0
        },
        "2020-05": {
            "month": "2020-05",
            "price": "216.55",
            "revenue": 0
        },
        "2020-06": {
            "month": "2020-06",
            "price": "232.05",
            "revenue": 0
        },
        "2020-07": {
            "month": "2020-07",
            "price": "239.21",
            "revenue": 0
        },
        "2020-08": {
            "month": "2020-08",
            "price": "268.79",
            "revenue": 0
        },
        "2020-09": {
            "month": "2020-09",
            "price": "266.55",
            "revenue": 0
        },
        "2020-10": {
            "month": "2020-10",
            "price": "269.78",
            "revenue": 0
        },
        "2020-11": {
            "month": "2020-11",
            "price": "276.31",
            "revenue": 0
        },
        "2020-12": {
            "month": "2020-12",
            "price": "276.53",
            "revenue": 0
        },
        "2021-01": {
            "month": "2021-01",
            "price": "264.61",
            "revenue": 0
        },
        "2021-02": {
            "month": "2021-02",
            "price": "266.34",
            "revenue": 0
        },
        "2021-03": {
            "month": "2021-03",
            "price": "275.51",
            "revenue": 0
        },
        "2021-04": {
            "month": "2021-04",
            "price": "307.75",
            "revenue": 0
        },
        "2021-05": {
            "month": "2021-05",
            "price": "317.34",
            "revenue": 0
        },
        "2021-06": {
            "month": "2021-06",
            "price": "336.43",
            "revenue": 0
        },
        "2021-07": {
            "month": "2021-07",
            "price": "353.38",
            "revenue": 0
        },
        "2021-08": {
            "month": "2021-08",
            "price": "363.02",
            "revenue": 0
        },
        "2021-09": {
            "month": "2021-09",
            "price": "363.97",
            "revenue": 0
        },
        "2021-10": {
            "month": "2021-10",
            "price": "328.67",
            "revenue": 0
        },
        "2021-11": {
            "month": "2021-11",
            "price": "336.53",
            "revenue": 0
        },
        "2021-12": {
            "month": "2021-12",
            "price": "330.85",
            "revenue": 0
        },
        "2022-01": {
            "month": "2022-01",
            "price": "319.41",
            "revenue": 0
        },
        "2022-02": {
            "month": "2022-02",
            "price": "228.44",
            "revenue": 0
        },
        "2022-03": {
            "month": "2022-03",
            "price": "207.26",
            "revenue": 0
        },
        "2022-04": {
            "month": "2022-04",
            "price": "208.24",
            "revenue": 0
        },
        "2022-05": {
            "month": "2022-05",
            "price": "197.74",
            "revenue": 0
        },
        "2022-06": {
            "month": "2022-06",
            "price": "173.50",
            "revenue": 0
        },
        "2022-07": {
            "month": "2022-07",
            "price": "167.36",
            "revenue": 0
        },
        "2022-08": {
            "month": "2022-08",
            "price": "168.56",
            "revenue": 0
        },
        "2022-09": {
            "month": "2022-09",
            "price": "149.96",
            "revenue": 0
        },
        "2022-10": {
            "month": "2022-10",
            "price": "127.92",
            "revenue": 0
        },
        "2022-11": {
            "month": "2022-11",
            "price": "106.40",
            "revenue": 0
        },
        "2022-12": {
            "month": "2022-12",
            "price": "117.96",
            "revenue": 0
        },
        "2023-01": {
            "month": "2023-01",
            "price": "137.25",
            "revenue": 0
        },
        "2023-02": {
            "month": "2023-02",
            "price": "176.48",
            "revenue": 0
        },
        "2023-03": {
            "month": "2023-03",
            "price": "193.94",
            "revenue": 0
        },
        "2023-04": {
            "month": "2023-04",
            "price": "217.20",
            "revenue": 0
        },
        "2023-05": {
            "month": "2023-05",
            "price": "243.36",
            "revenue": 0
        },
        "2023-06": {
            "month": "2023-06",
            "price": "277.06",
            "revenue": 0
        },
        "2023-07": {
            "month": "2023-07",
            "price": "303.14",
            "revenue": 0
        },
        "2023-08": {
            "month": "2023-08",
            "price": "299.86",
            "revenue": 0
        },
        "2023-09": {
            "month": "2023-09",
            "price": "301.12",
            "revenue": 0
        },
        "2023-10": {
            "month": "2023-10",
            "price": "310.87",
            "revenue": 0
        },
        "2023-11": {
            "month": "2023-11",
            "price": "328.49",
            "revenue": 0
        },
        "2023-12": {
            "month": "2023-12",
            "price": "338.95",
            "revenue": 0
        }
    }
}
