{
    "summary": {
        "stock_name": "3M Co",
        "stock_id": "MMM",
        "category": "Multi-Sector Conglomerates",
        "main_business": "3M公司根據特拉華州法律於1929年成立,以繼續1902年開始的運營。該公司是一家多元化的技術公司，在以下業務中具有全球性業務：安全和工業,運輸和電子,醫療保健和消費者。",
        "website_url": "https://www.3m.com/",
        "ceo": "Michael F. Roman",
        "pe_ratio": 10,
        "report_year_from": 1993,
        "report_year_to": 2023,
        "age": 31,
        "eps_negative_percentage": 0,
        "eps_growth_avg": {
            "last_all": 7.49,
            "last_2y": -5.42,
            "last_4y": -2.05,
            "last_8y": 0.52,
            "last_12y": 2.52,
            "last_16y": 4.02,
            "last_20y": 5.49,
            "at_2006_last_3y": 11.73,
            "at_2007_last_3y": 12.89,
            "at_2008_last_3y": 8.04,
            "at_2009_last_3y": 5.55,
            "at_2010_last_3y": 8.9,
            "at_2011_last_3y": 5.59,
            "at_2012_last_3y": 5.77,
            "at_2013_last_3y": 8.08,
            "at_2014_last_3y": 7.02,
            "at_2015_last_3y": 6.69,
            "at_2016_last_3y": 6.26,
            "at_2017_last_3y": 5.97,
            "at_2018_last_3y": 3.74,
            "at_2019_last_3y": 4.33,
            "at_2020_last_3y": 3.4,
            "at_2021_last_3y": 5.17,
            "at_2022_last_3y": 6.33,
            "at_2023_last_3y": -3.95,
            "at_2024_last_3y": -3.95,
            "at_2006_last_all": 19.27,
            "at_2007_last_all": 19.03,
            "at_2008_last_all": 17.05,
            "at_2009_last_all": 14.57,
            "at_2010_last_all": 14.66,
            "at_2011_last_all": 13.65,
            "at_2012_last_all": 12.95,
            "at_2013_last_all": 12.41,
            "at_2014_last_all": 12.31,
            "at_2015_last_all": 11.66,
            "at_2016_last_all": 11.16,
            "at_2017_last_all": 10.8,
            "at_2018_last_all": 10.3,
            "at_2019_last_all": 10.03,
            "at_2020_last_all": 9.53,
            "at_2021_last_all": 9.67,
            "at_2022_last_all": 9.54,
            "at_2023_last_all": 7.49,
            "at_2024_last_all": 7.49
        },
        "latest_eps": 9.36,
        "latest_price": 92.52,
        "latest_roe": -85.92,
        "latest_gross_margin": 44.95,
        "latest_equity": 4672000,
        "latest_revenue": 8312000,
        "latest_gross_profit": 3736000,
        "latest_net_income": -2073000,
        "latest_debt_ratio": 90.58,
        "latest_current_ratio": 104.73,
        "latest_account_receivable_turnover_ratio": 1.7,
        "latest_inventory_turnover_ratio": 0.88,
        "latest_reinvestment_rate": -3.96,
        "latest_research_to_sale_ratio": 5.14
    },
    "eps_dividends": {
        "1995": {
            "cash": 0.72,
            "stock": 0,
            "eps": 0
        },
        "1996": {
            "cash": 0.98,
            "stock": 0,
            "eps": 0
        },
        "1997": {
            "cash": 1.08,
            "stock": 0,
            "eps": 0
        },
        "1998": {
            "cash": 1.12,
            "stock": 0,
            "eps": 0
        },
        "1999": {
            "cash": 1.12,
            "stock": 0,
            "eps": 0
        },
        "2000": {
            "cash": 0.8699999999999999,
            "stock": 0,
            "eps": 0
        },
        "2001": {
            "cash": 1.2,
            "stock": 0,
            "eps": 1.78
        },
        "2002": {
            "cash": 1.24,
            "stock": 0,
            "eps": 2.66
        },
        "2003": {
            "cash": 1.32,
            "stock": 0,
            "eps": 3.01
        },
        "2004": {
            "cash": 1.44,
            "stock": 0,
            "eps": 3.75
        },
        "2005": {
            "cash": 1.26,
            "stock": 0,
            "eps": 4.02
        },
        "2006": {
            "cash": 1.84,
            "stock": 0,
            "eps": 4.1
        },
        "2007": {
            "cash": 1.92,
            "stock": 0,
            "eps": 4.83
        },
        "2008": {
            "cash": 2,
            "stock": 0,
            "eps": 5.08
        },
        "2009": {
            "cash": 2.04,
            "stock": 0,
            "eps": 4.94
        },
        "2010": {
            "cash": 2.12,
            "stock": 0,
            "eps": 5.7
        },
        "2011": {
            "cash": 2.2,
            "stock": 0,
            "eps": 5.96
        },
        "2012": {
            "cash": 2.36,
            "stock": 0,
            "eps": 6.31
        },
        "2013": {
            "cash": 2.56,
            "stock": 0,
            "eps": 6.72
        },
        "2014": {
            "cash": 3.44,
            "stock": 0,
            "eps": 7.47
        },
        "2015": {
            "cash": 4.12,
            "stock": 0,
            "eps": 7.71
        },
        "2016": {
            "cash": 4.44,
            "stock": 0,
            "eps": 8.03
        },
        "2017": {
            "cash": 4.72,
            "stock": 0,
            "eps": 8.46
        },
        "2018": {
            "cash": 5.44,
            "stock": 0,
            "eps": 8.65
        },
        "2019": {
            "cash": 5.76,
            "stock": 0,
            "eps": 9.13
        },
        "2020": {
            "cash": 5.88,
            "stock": 0,
            "eps": 9.17
        },
        "2021": {
            "cash": 5.92,
            "stock": 0,
            "eps": 10.31
        },
        "2022": {
            "cash": 5.96,
            "stock": 0,
            "eps": 11.02
        },
        "2023": {
            "cash": 6,
            "stock": 0,
            "eps": 7.1
        },
        "2024": {
            "cash": 1.5,
            "stock": 0,
            "eps": 0
        }
    },
    "dividends": {
        "1995-06-12": {
            "cash": 0.24,
            "stock": 0
        },
        "1995-09-12": {
            "cash": 0.24,
            "stock": 0
        },
        "1995-12-12": {
            "cash": 0.24,
            "stock": 0
        },
        "1996-03-12": {
            "cash": 0.24,
            "stock": 0
        },
        "1996-06-12": {
            "cash": 0.24,
            "stock": 0
        },
        "1996-09-12": {
            "cash": 0.25,
            "stock": 0
        },
        "1996-12-12": {
            "cash": 0.25,
            "stock": 0
        },
        "1997-03-12": {
            "cash": 0.27,
            "stock": 0
        },
        "1997-06-12": {
            "cash": 0.27,
            "stock": 0
        },
        "1997-09-12": {
            "cash": 0.27,
            "stock": 0
        },
        "1997-12-12": {
            "cash": 0.27,
            "stock": 0
        },
        "1998-03-12": {
            "cash": 0.28,
            "stock": 0
        },
        "1998-06-12": {
            "cash": 0.28,
            "stock": 0
        },
        "1998-09-12": {
            "cash": 0.28,
            "stock": 0
        },
        "1998-12-12": {
            "cash": 0.28,
            "stock": 0
        },
        "1999-03-12": {
            "cash": 0.28,
            "stock": 0
        },
        "1999-06-12": {
            "cash": 0.28,
            "stock": 0
        },
        "1999-09-12": {
            "cash": 0.28,
            "stock": 0
        },
        "1999-12-12": {
            "cash": 0.28,
            "stock": 0
        },
        "2000-06-12": {
            "cash": 0.29,
            "stock": 0
        },
        "2000-09-12": {
            "cash": 0.29,
            "stock": 0
        },
        "2000-12-12": {
            "cash": 0.29,
            "stock": 0
        },
        "2001-03-12": {
            "cash": 0.3,
            "stock": 0
        },
        "2001-06-12": {
            "cash": 0.3,
            "stock": 0
        },
        "2001-09-12": {
            "cash": 0.3,
            "stock": 0
        },
        "2001-12-12": {
            "cash": 0.3,
            "stock": 0
        },
        "2002-03-12": {
            "cash": 0.31,
            "stock": 0
        },
        "2002-06-12": {
            "cash": 0.31,
            "stock": 0
        },
        "2002-09-12": {
            "cash": 0.31,
            "stock": 0
        },
        "2002-12-12": {
            "cash": 0.31,
            "stock": 0
        },
        "2003-03-12": {
            "cash": 0.33,
            "stock": 0
        },
        "2003-06-12": {
            "cash": 0.33,
            "stock": 0
        },
        "2003-09-12": {
            "cash": 0.33,
            "stock": 0
        },
        "2003-12-12": {
            "cash": 0.33,
            "stock": 0
        },
        "2004-03-12": {
            "cash": 0.36,
            "stock": 0
        },
        "2004-06-12": {
            "cash": 0.36,
            "stock": 0
        },
        "2004-09-12": {
            "cash": 0.36,
            "stock": 0
        },
        "2004-12-12": {
            "cash": 0.36,
            "stock": 0
        },
        "2005-03-12": {
            "cash": 0.42,
            "stock": 0
        },
        "2005-09-12": {
            "cash": 0.42,
            "stock": 0
        },
        "2005-12-12": {
            "cash": 0.42,
            "stock": 0
        },
        "2006-03-12": {
            "cash": 0.46,
            "stock": 0
        },
        "2006-06-12": {
            "cash": 0.46,
            "stock": 0
        },
        "2006-09-12": {
            "cash": 0.46,
            "stock": 0
        },
        "2006-12-12": {
            "cash": 0.46,
            "stock": 0
        },
        "2007-03-12": {
            "cash": 0.48,
            "stock": 0
        },
        "2007-06-12": {
            "cash": 0.48,
            "stock": 0
        },
        "2007-09-12": {
            "cash": 0.48,
            "stock": 0
        },
        "2007-12-12": {
            "cash": 0.48,
            "stock": 0
        },
        "2008-03-12": {
            "cash": 0.5,
            "stock": 0
        },
        "2008-06-12": {
            "cash": 0.5,
            "stock": 0
        },
        "2008-09-12": {
            "cash": 0.5,
            "stock": 0
        },
        "2008-12-12": {
            "cash": 0.5,
            "stock": 0
        },
        "2009-03-12": {
            "cash": 0.51,
            "stock": 0
        },
        "2009-06-12": {
            "cash": 0.51,
            "stock": 0
        },
        "2009-09-12": {
            "cash": 0.51,
            "stock": 0
        },
        "2009-12-12": {
            "cash": 0.51,
            "stock": 0
        },
        "2010-03-12": {
            "cash": 0.53,
            "stock": 0
        },
        "2010-06-12": {
            "cash": 0.53,
            "stock": 0
        },
        "2010-09-12": {
            "cash": 0.53,
            "stock": 0
        },
        "2010-12-12": {
            "cash": 0.53,
            "stock": 0
        },
        "2011-03-12": {
            "cash": 0.55,
            "stock": 0
        },
        "2011-06-12": {
            "cash": 0.55,
            "stock": 0
        },
        "2011-09-12": {
            "cash": 0.55,
            "stock": 0
        },
        "2011-12-12": {
            "cash": 0.55,
            "stock": 0
        },
        "2012-03-12": {
            "cash": 0.59,
            "stock": 0
        },
        "2012-06-12": {
            "cash": 0.59,
            "stock": 0
        },
        "2012-09-12": {
            "cash": 0.59,
            "stock": 0
        },
        "2012-12-12": {
            "cash": 0.59,
            "stock": 0
        },
        "2013-03-12": {
            "cash": 0.64,
            "stock": 0
        },
        "2013-06-12": {
            "cash": 0.64,
            "stock": 0
        },
        "2013-09-12": {
            "cash": 0.64,
            "stock": 0
        },
        "2013-12-12": {
            "cash": 0.64,
            "stock": 0
        },
        "2014-03-12": {
            "cash": 0.86,
            "stock": 0
        },
        "2014-06-12": {
            "cash": 0.86,
            "stock": 0
        },
        "2014-09-12": {
            "cash": 0.86,
            "stock": 0
        },
        "2014-12-12": {
            "cash": 0.86,
            "stock": 0
        },
        "2015-03-12": {
            "cash": 1.03,
            "stock": 0
        },
        "2015-06-12": {
            "cash": 1.03,
            "stock": 0
        },
        "2015-09-12": {
            "cash": 1.03,
            "stock": 0
        },
        "2015-12-12": {
            "cash": 1.03,
            "stock": 0
        },
        "2016-03-12": {
            "cash": 1.11,
            "stock": 0
        },
        "2016-06-12": {
            "cash": 1.11,
            "stock": 0
        },
        "2016-09-12": {
            "cash": 1.11,
            "stock": 0
        },
        "2016-12-12": {
            "cash": 1.11,
            "stock": 0
        },
        "2017-03-12": {
            "cash": 1.18,
            "stock": 0
        },
        "2017-06-12": {
            "cash": 1.18,
            "stock": 0
        },
        "2017-09-12": {
            "cash": 1.18,
            "stock": 0
        },
        "2017-12-12": {
            "cash": 1.18,
            "stock": 0
        },
        "2018-03-12": {
            "cash": 1.36,
            "stock": 0
        },
        "2018-06-12": {
            "cash": 1.36,
            "stock": 0
        },
        "2018-09-12": {
            "cash": 1.36,
            "stock": 0
        },
        "2018-12-12": {
            "cash": 1.36,
            "stock": 0
        },
        "2019-03-12": {
            "cash": 1.44,
            "stock": 0
        },
        "2019-06-12": {
            "cash": 1.44,
            "stock": 0
        },
        "2019-09-12": {
            "cash": 1.44,
            "stock": 0
        },
        "2019-12-12": {
            "cash": 1.44,
            "stock": 0
        },
        "2020-03-12": {
            "cash": 1.47,
            "stock": 0
        },
        "2020-06-12": {
            "cash": 1.47,
            "stock": 0
        },
        "2020-09-12": {
            "cash": 1.47,
            "stock": 0
        },
        "2020-12-12": {
            "cash": 1.47,
            "stock": 0
        },
        "2021-03-12": {
            "cash": 1.48,
            "stock": 0
        },
        "2021-06-12": {
            "cash": 1.48,
            "stock": 0
        },
        "2021-09-12": {
            "cash": 1.48,
            "stock": 0
        },
        "2021-12-12": {
            "cash": 1.48,
            "stock": 0
        },
        "2022-03-12": {
            "cash": 1.49,
            "stock": 0
        },
        "2022-06-12": {
            "cash": 1.49,
            "stock": 0
        },
        "2022-09-12": {
            "cash": 1.49,
            "stock": 0
        },
        "2022-12-12": {
            "cash": 1.49,
            "stock": 0
        },
        "2023-03-12": {
            "cash": 1.5,
            "stock": 0
        },
        "2023-06-12": {
            "cash": 1.5,
            "stock": 0
        },
        "2023-09-12": {
            "cash": 1.5,
            "stock": 0
        },
        "2023-12-12": {
            "cash": 1.5,
            "stock": 0
        },
        "2024-03-12": {
            "cash": 1.5,
            "stock": 0
        }
    },
    "prices": {
        "200101": "55.85",
        "200102": "55.92",
        "200103": "53.99",
        "200104": "55.08",
        "200105": "59.67",
        "200106": "59.52",
        "200107": "56.35",
        "200108": "54.50",
        "200109": "48.29",
        "200110": "51.70",
        "200111": "56.66",
        "200112": "58.93",
        "200201": "55.58",
        "200202": "57.40",
        "200203": "59.85",
        "200204": "61.17",
        "200205": "63.57",
        "200206": "62.64",
        "200207": "60.68",
        "200208": "62.62",
        "200209": "59.31",
        "200210": "60.88",
        "200211": "64.34",
        "200212": "62.01",
        "200301": "63.21",
        "200302": "62.23",
        "200303": "63.76",
        "200304": "65.17",
        "200305": "62.13",
        "200306": "64.24",
        "200307": "66.60",
        "200308": "71.10",
        "200309": "70.09",
        "200310": "74.73",
        "200311": "78.64",
        "200312": "82.79",
        "200401": "82.51",
        "200402": "79.54",
        "200403": "78.85",
        "200404": "84.29",
        "200405": "84.17",
        "200406": "86.86",
        "200407": "85.53",
        "200408": "80.48",
        "200409": "81.79",
        "200410": "77.84",
        "200411": "80.29",
        "200412": "80.59",
        "200501": "82.84",
        "200502": "84.41",
        "200503": "85.67",
        "200504": "80.56",
        "200505": "77.11",
        "200506": "76.27",
        "200507": "74.47",
        "200508": "72.20",
        "200509": "72.96",
        "200510": "73.20",
        "200511": "77.14",
        "200512": "77.84",
        "200601": "76.27",
        "200602": "72.71",
        "200603": "74.44",
        "200604": "81.81",
        "200605": "85.35",
        "200606": "80.82",
        "200607": "72.64",
        "200608": "70.05",
        "200609": "73.02",
        "200610": "76.77",
        "200611": "80.15",
        "200612": "78.93",
        "200701": "78.19",
        "200702": "75.32",
        "200703": "75.56",
        "200704": "77.68",
        "200705": "86.03",
        "200706": "86.83",
        "200707": "89.49",
        "200708": "87.91",
        "200709": "90.67",
        "200710": "91.34",
        "200711": "82.28",
        "200712": "85.21",
        "200801": "78.34",
        "200802": "79.86",
        "200803": "78.34",
        "200804": "79.76",
        "200805": "77.35",
        "200806": "74.23",
        "200807": "69.65",
        "200808": "71.89",
        "200809": "69.67",
        "200810": "60.18",
        "200811": "62.91",
        "200812": "57.46",
        "200901": "55.98",
        "200902": "49.11",
        "200903": "46.85",
        "200904": "53.78",
        "200905": "58.04",
        "200906": "59.47",
        "200907": "64.01",
        "200908": "71.77",
        "200909": "73.57",
        "200910": "75.19",
        "200911": "76.84",
        "200912": "80.89",
        "201001": "83.00",
        "201002": "79.87",
        "201003": "81.80",
        "201004": "85.33",
        "201005": "83.46",
        "201006": "78.53",
        "201007": "82.88",
        "201008": "83.62",
        "201009": "84.93",
        "201010": "88.79",
        "201011": "85.16",
        "201012": "86.08",
        "201101": "87.93",
        "201102": "90.51",
        "201103": "91.44",
        "201104": "93.86",
        "201105": "94.75",
        "201106": "91.92",
        "201107": "94.34",
        "201108": "81.28",
        "201109": "77.39",
        "201110": "77.19",
        "201111": "79.39",
        "201112": "80.62",
        "201201": "85.13",
        "201202": "87.71",
        "201203": "88.20",
        "201204": "87.48",
        "201205": "86.20",
        "201206": "86.13",
        "201207": "89.36",
        "201208": "92.31",
        "201209": "92.64",
        "201210": "92.42",
        "201211": "89.44",
        "201212": "92.39",
        "201301": "97.96",
        "201302": "102.71",
        "201303": "105.27",
        "201304": "105.96",
        "201305": "109.89",
        "201306": "110.06",
        "201307": "114.40",
        "201308": "116.08",
        "201309": "118.60",
        "201310": "121.60",
        "201311": "129.28",
        "201312": "131.96",
        "201401": "134.80",
        "201402": "130.69",
        "201403": "132.87",
        "201404": "136.20",
        "201405": "141.19",
        "201406": "143.78",
        "201407": "144.58",
        "201408": "142.41",
        "201409": "144.29",
        "201410": "141.40",
        "201411": "157.89",
        "201412": "162.42",
        "201501": "162.28",
        "201502": "166.81",
        "201503": "165.31",
        "201504": "163.07",
        "201505": "160.53",
        "201506": "157.74",
        "201507": "153.97",
        "201508": "146.27",
        "201509": "140.64",
        "201510": "150.60",
        "201511": "158.02",
        "201512": "152.96",
        "201601": "142.05",
        "201602": "154.62",
        "201603": "162.72",
        "201604": "167.75",
        "201605": "168.20",
        "201606": "169.91",
        "201607": "178.67",
        "201608": "179.31",
        "201609": "177.66",
        "201610": "169.68",
        "201611": "171.18",
        "201612": "176.89",
        "201701": "177.38",
        "201702": "180.92",
        "201703": "190.83",
        "201704": "191.50",
        "201705": "198.03",
        "201706": "209.33",
        "201707": "207.98",
        "201708": "205.13",
        "201709": "209.00",
        "201710": "221.83",
        "201711": "231.61",
        "201712": "237.64",
        "201801": "245.56",
        "201802": "234.96",
        "201803": "230.24",
        "201804": "211.95",
        "201805": "199.88",
        "201806": "200.69",
        "201807": "201.52",
        "201808": "205.68",
        "201809": "211.36",
        "201810": "200.49",
        "201811": "200.30",
        "201812": "194.19",
        "201901": "192.74",
        "201902": "205.48",
        "201903": "206.23",
        "201904": "210.77",
        "201905": "172.39",
        "201906": "169.00",
        "201907": "173.68",
        "201908": "161.87",
        "201909": "165.95",
        "201910": "161.07",
        "201911": "170.89",
        "201912": "171.36",
        "202001": "176.16",
        "202002": "157.25",
        "202003": "139.44",
        "202004": "145.70",
        "202005": "147.30",
        "202006": "158.57",
        "202007": "156.67",
        "202008": "161.59",
        "202009": "164.60",
        "202010": "165.71",
        "202011": "169.74",
        "202012": "173.85",
        "202101": "171.32",
        "202102": "177.52",
        "202103": "186.64",
        "202104": "197.40",
        "202105": "202.45",
        "202106": "199.08",
        "202107": "199.74",
        "202108": "197.51",
        "202109": "183.90",
        "202110": "179.32",
        "202111": "180.09",
        "202112": "175.26",
        "202201": "175.45",
        "202202": "156.15",
        "202203": "147.13",
        "202204": "148.46",
        "202205": "148.49",
        "202206": "136.90",
        "202207": "132.59",
        "202208": "142.81",
        "202209": "117.13",
        "202210": "115.50",
        "202211": "126.99",
        "202212": "123.42",
        "202301": "121.78",
        "202302": "113.12",
        "202303": "104.70",
        "202304": "104.55",
        "202305": "100.09",
        "202306": "100.50",
        "202307": "103.87",
        "202308": "103.32",
        "202309": "100.78",
        "202310": "88.88",
        "202311": "94.72",
        "202312": "105.09"
    },
    "quarters": {
        "20011": {
            "year_quarter": 20011,
            "year": 2001,
            "quarter": 1,
            "eps": 0.56,
            "eps_growth_year": -7.1,
            "eps_4q": 2.28,
            "eps_4q_growth_year": -0.06,
            "roe": 7.27,
            "roe_4q": 7.27,
            "gross_profit": 1968000,
            "gross_margin": 47.26,
            "gross_margin_4q_avg": 47.26,
            "net_income": 473000,
            "net_income_4q": null,
            "revenue": 4164000,
            "revenue_4q": null,
            "common_shares": 5000,
            "book_valuer_per_share": 8.17,
            "book_valuer_per_share_4q_avg": 8.17,
            "equity": 6473000,
            "current_ratio": 125.6,
            "debt_ratio": 57.87,
            "inventory_turnover_ratio": 0.94,
            "account_receivable_turnover_ratio": 1.43,
            "reinvestment_rate": 7.06,
            "research_to_sale_ratio": 6.68,
            "price_fair": 0,
            "eps_avg_yearly": 0,
            "eps_latest_yearly": 0,
            "eps_growth_yearly": 0
        },
        "20012": {
            "year_quarter": 20012,
            "year": 2001,
            "quarter": 2,
            "eps": 0.25,
            "eps_growth_year": -57.34,
            "eps_4q": 1.94,
            "eps_4q_growth_year": -15.03,
            "roe": 3.43,
            "roe_4q": 10.7,
            "gross_profit": 1807000,
            "gross_margin": 44.37,
            "gross_margin_4q_avg": 45.82,
            "net_income": 216000,
            "net_income_4q": null,
            "revenue": 4073000,
            "revenue_4q": null,
            "common_shares": 5000,
            "book_valuer_per_share": 7.77,
            "book_valuer_per_share_4q_avg": 7.97,
            "equity": 6121000,
            "current_ratio": 123.03,
            "debt_ratio": 60.04,
            "inventory_turnover_ratio": 0.98,
            "account_receivable_turnover_ratio": 1.38,
            "reinvestment_rate": 7.67,
            "research_to_sale_ratio": 6.95,
            "price_fair": 0,
            "eps_avg_yearly": 0,
            "eps_latest_yearly": 0,
            "eps_growth_yearly": 0
        },
        "20013": {
            "year_quarter": 20013,
            "year": 2001,
            "quarter": 3,
            "eps": 0.49,
            "eps_growth_year": -20.92,
            "eps_4q": 1.81,
            "eps_4q_growth_year": -23.5,
            "roe": 6.58,
            "roe_4q": 17.28,
            "gross_profit": 1805000,
            "gross_margin": 45.57,
            "gross_margin_4q_avg": 45.73,
            "net_income": 404000,
            "net_income_4q": null,
            "revenue": 3961000,
            "revenue_4q": null,
            "common_shares": 5000,
            "book_valuer_per_share": 7.86,
            "book_valuer_per_share_4q_avg": 7.93,
            "equity": 6166000,
            "current_ratio": 130.96,
            "debt_ratio": 59.45,
            "inventory_turnover_ratio": 0.95,
            "account_receivable_turnover_ratio": 1.37,
            "reinvestment_rate": 6.54,
            "research_to_sale_ratio": 6.59,
            "price_fair": 0,
            "eps_avg_yearly": 0,
            "eps_latest_yearly": 0,
            "eps_growth_yearly": 0
        },
        "20014": {
            "year_quarter": 20014,
            "year": 2001,
            "quarter": 4,
            "eps": 0.48,
            "eps_growth_year": -4.32,
            "eps_4q": 1.79,
            "eps_4q_growth_year": -22.96,
            "roe": 6.38,
            "roe_4q": 23.66,
            "gross_profit": 1725000,
            "gross_margin": 44.74,
            "gross_margin_4q_avg": 45.49,
            "net_income": 391000,
            "net_income_4q": null,
            "revenue": 3856000,
            "revenue_4q": null,
            "common_shares": 5000,
            "book_valuer_per_share": 6.18,
            "book_valuer_per_share_4q_avg": 7.5,
            "equity": 6086000,
            "current_ratio": 139.63,
            "debt_ratio": 58.33,
            "inventory_turnover_ratio": 0.98,
            "account_receivable_turnover_ratio": 1.45,
            "reinvestment_rate": 2.14,
            "research_to_sale_ratio": 6.79,
            "price_fair": 0,
            "eps_avg_yearly": 0,
            "eps_latest_yearly": 0,
            "eps_growth_yearly": 0
        },
        "20021": {
            "year_quarter": 20021,
            "year": 2002,
            "quarter": 1,
            "eps": 0.62,
            "eps_growth_year": 9.46,
            "eps_4q": 1.84,
            "eps_4q_growth_year": -19.17,
            "roe": 7.88,
            "roe_4q": 24.27,
            "gross_profit": 1884000,
            "gross_margin": 48.43,
            "gross_margin_4q_avg": 45.78,
            "net_income": 476000,
            "net_income_4q": null,
            "revenue": 3890000,
            "revenue_4q": null,
            "common_shares": 5000,
            "book_valuer_per_share": 6.11,
            "book_valuer_per_share_4q_avg": 6.98,
            "equity": 6002000,
            "current_ratio": 156.36,
            "debt_ratio": 58.41,
            "inventory_turnover_ratio": 0.98,
            "account_receivable_turnover_ratio": 1.53,
            "reinvestment_rate": -1.76,
            "research_to_sale_ratio": 6.71,
            "price_fair": 86.8,
            "eps_avg_yearly": 2.48,
            "eps_latest_yearly": 2.48,
            "eps_growth_yearly": 116.67
        },
        "20022": {
            "year_quarter": 20022,
            "year": 2002,
            "quarter": 2,
            "eps": 0.7,
            "eps_growth_year": 179.99,
            "eps_4q": 2.29,
            "eps_4q_growth_year": 18.17,
            "roe": 7.51,
            "roe_4q": 28.35,
            "gross_profit": 2021000,
            "gross_margin": 48.57,
            "gross_margin_4q_avg": 46.83,
            "net_income": 465000,
            "net_income_4q": null,
            "revenue": 4161000,
            "revenue_4q": null,
            "common_shares": 5000,
            "book_valuer_per_share": 6.49,
            "book_valuer_per_share_4q_avg": 6.66,
            "equity": 6380000,
            "current_ratio": 158.22,
            "debt_ratio": 57.36,
            "inventory_turnover_ratio": 1.07,
            "account_receivable_turnover_ratio": 1.54,
            "reinvestment_rate": -1.9,
            "research_to_sale_ratio": 6.44,
            "price_fair": 92.4,
            "eps_avg_yearly": 2.64,
            "eps_latest_yearly": 2.8,
            "eps_growth_yearly": 84.14
        },
        "20023": {
            "year_quarter": 20023,
            "year": 2002,
            "quarter": 3,
            "eps": 0.69,
            "eps_growth_year": 39.51,
            "eps_4q": 2.49,
            "eps_4q_growth_year": 37.51,
            "roe": 8.71,
            "roe_4q": 30.479999999999997,
            "gross_profit": 2028000,
            "gross_margin": 48.95,
            "gross_margin_4q_avg": 47.67,
            "net_income": 567000,
            "net_income_4q": null,
            "revenue": 4143000,
            "revenue_4q": null,
            "common_shares": 5000,
            "book_valuer_per_share": 6.7,
            "book_valuer_per_share_4q_avg": 6.37,
            "equity": 6643000,
            "current_ratio": 145.33,
            "debt_ratio": 57.74,
            "inventory_turnover_ratio": 1.07,
            "account_receivable_turnover_ratio": 1.54,
            "reinvestment_rate": -6.69,
            "research_to_sale_ratio": 6.37,
            "price_fair": 93.8,
            "eps_avg_yearly": 2.68,
            "eps_latest_yearly": 2.76,
            "eps_growth_yearly": 54.19
        },
        "20024": {
            "year_quarter": 20024,
            "year": 2002,
            "quarter": 4,
            "eps": 0.65,
            "eps_growth_year": 34.53,
            "eps_4q": 2.65,
            "eps_4q_growth_year": 48.44,
            "roe": 8.4,
            "roe_4q": 32.5,
            "gross_profit": 2024000,
            "gross_margin": 48.91,
            "gross_margin_4q_avg": 48.72,
            "net_income": 531000,
            "net_income_4q": null,
            "revenue": 4138000,
            "revenue_4q": null,
            "common_shares": 5000,
            "book_valuer_per_share": 4.9,
            "book_valuer_per_share_4q_avg": 6.05,
            "equity": 5993000,
            "current_ratio": 135.94,
            "debt_ratio": 60.9,
            "inventory_turnover_ratio": 1.09,
            "account_receivable_turnover_ratio": 1.62,
            "reinvestment_rate": -3.89,
            "research_to_sale_ratio": 6.6,
            "price_fair": 93.1,
            "eps_avg_yearly": 2.66,
            "eps_latest_yearly": 2.6,
            "eps_growth_yearly": 34.84
        },
        "20031": {
            "year_quarter": 20031,
            "year": 2003,
            "quarter": 1,
            "eps": 0.63,
            "eps_growth_year": 3.05,
            "eps_4q": 2.67,
            "eps_4q_growth_year": 45.17,
            "roe": 8.38,
            "roe_4q": 33,
            "gross_profit": 2107000,
            "gross_margin": 48.8,
            "gross_margin_4q_avg": 48.81,
            "net_income": 516000,
            "net_income_4q": null,
            "revenue": 4318000,
            "revenue_4q": null,
            "common_shares": 5000,
            "book_valuer_per_share": 4.97,
            "book_valuer_per_share_4q_avg": 5.77,
            "equity": 6316000,
            "current_ratio": 137.77,
            "debt_ratio": 60.14,
            "inventory_turnover_ratio": 1.14,
            "account_receivable_turnover_ratio": 1.67,
            "reinvestment_rate": 0.21,
            "research_to_sale_ratio": 6.25,
            "price_fair": 92.12,
            "eps_avg_yearly": 2.63,
            "eps_latest_yearly": 2.52,
            "eps_growth_yearly": 25.41
        },
        "20032": {
            "year_quarter": 20032,
            "year": 2003,
            "quarter": 2,
            "eps": 0.78,
            "eps_growth_year": 11.1,
            "eps_4q": 2.75,
            "eps_4q_growth_year": 19.97,
            "roe": 9.51,
            "roe_4q": 35,
            "gross_profit": 2257000,
            "gross_margin": 49.28,
            "gross_margin_4q_avg": 48.99,
            "net_income": 631000,
            "net_income_4q": null,
            "revenue": 4580000,
            "revenue_4q": null,
            "common_shares": 5000,
            "book_valuer_per_share": 5.65,
            "book_valuer_per_share_4q_avg": 5.56,
            "equity": 6955000,
            "current_ratio": 145.78,
            "debt_ratio": 58.02,
            "inventory_turnover_ratio": 1.18,
            "account_receivable_turnover_ratio": 1.69,
            "reinvestment_rate": -1.37,
            "research_to_sale_ratio": 6.03,
            "price_fair": 94.97,
            "eps_avg_yearly": 2.71,
            "eps_latest_yearly": 3.12,
            "eps_growth_yearly": 37.05
        },
        "20033": {
            "year_quarter": 20033,
            "year": 2003,
            "quarter": 3,
            "eps": 0.83,
            "eps_growth_year": 20.51,
            "eps_4q": 2.89,
            "eps_4q_growth_year": 16.23,
            "roe": 9.33,
            "roe_4q": 35.62,
            "gross_profit": 2294000,
            "gross_margin": 49.7,
            "gross_margin_4q_avg": 49.17,
            "net_income": 675000,
            "net_income_4q": null,
            "revenue": 4616000,
            "revenue_4q": null,
            "common_shares": 9000,
            "book_valuer_per_share": 6.26,
            "book_valuer_per_share_4q_avg": 5.45,
            "equity": 7508000,
            "current_ratio": 147.79,
            "debt_ratio": 55.3,
            "inventory_turnover_ratio": 1.2,
            "account_receivable_turnover_ratio": 1.66,
            "reinvestment_rate": -7.24,
            "research_to_sale_ratio": 5.85,
            "price_fair": 98,
            "eps_avg_yearly": 2.8,
            "eps_latest_yearly": 3.32,
            "eps_growth_yearly": 35.42
        },
        "20034": {
            "year_quarter": 20034,
            "year": 2003,
            "quarter": 4,
            "eps": 0.77,
            "eps_growth_year": 19.67,
            "eps_4q": 3.02,
            "eps_4q_growth_year": 13.76,
            "roe": 8.22,
            "roe_4q": 35.440000000000005,
            "gross_profit": 2289000,
            "gross_margin": 48.52,
            "gross_margin_4q_avg": 49.08,
            "net_income": 633000,
            "net_income_4q": null,
            "revenue": 4718000,
            "revenue_4q": null,
            "common_shares": 9000,
            "book_valuer_per_share": 6.62,
            "book_valuer_per_share_4q_avg": 5.88,
            "equity": 7885000,
            "current_ratio": 151.91,
            "debt_ratio": 55.2,
            "inventory_turnover_ratio": 1.31,
            "account_receivable_turnover_ratio": 1.71,
            "reinvestment_rate": -3.71,
            "research_to_sale_ratio": 6.06,
            "price_fair": 99.23,
            "eps_avg_yearly": 2.84,
            "eps_latest_yearly": 3.08,
            "eps_growth_yearly": 27.38
        },
        "20041": {
            "year_quarter": 20041,
            "year": 2004,
            "quarter": 1,
            "eps": 0.9,
            "eps_growth_year": 42.22,
            "eps_4q": 3.29,
            "eps_4q_growth_year": 22.99,
            "roe": 9.28,
            "roe_4q": 36.339999999999996,
            "gross_profit": 2503000,
            "gross_margin": 50.68,
            "gross_margin_4q_avg": 49.55,
            "net_income": 742000,
            "net_income_4q": null,
            "revenue": 4939000,
            "revenue_4q": null,
            "common_shares": 9000,
            "book_valuer_per_share": 6.76,
            "book_valuer_per_share_4q_avg": 6.32,
            "equity": 8101000,
            "current_ratio": 156.17,
            "debt_ratio": 54.94,
            "inventory_turnover_ratio": 1.32,
            "account_receivable_turnover_ratio": 1.76,
            "reinvestment_rate": -6.49,
            "research_to_sale_ratio": 5.71,
            "price_fair": 102.2,
            "eps_avg_yearly": 2.92,
            "eps_latest_yearly": 3.6,
            "eps_growth_yearly": 31.84
        },
        "20042": {
            "year_quarter": 20042,
            "year": 2004,
            "quarter": 2,
            "eps": 0.97,
            "eps_growth_year": 23.74,
            "eps_4q": 3.47,
            "eps_4q_growth_year": 26.24,
            "roe": 9.55,
            "roe_4q": 36.379999999999995,
            "gross_profit": 2560000,
            "gross_margin": 51.08,
            "gross_margin_4q_avg": 50,
            "net_income": 791000,
            "net_income_4q": null,
            "revenue": 5012000,
            "revenue_4q": null,
            "common_shares": 9000,
            "book_valuer_per_share": 7.23,
            "book_valuer_per_share_4q_avg": 6.72,
            "equity": 8457000,
            "current_ratio": 154.22,
            "debt_ratio": 53.94,
            "inventory_turnover_ratio": 1.28,
            "account_receivable_turnover_ratio": 1.72,
            "reinvestment_rate": -4.4,
            "research_to_sale_ratio": 5.79,
            "price_fair": 105.56,
            "eps_avg_yearly": 3.02,
            "eps_latest_yearly": 3.88,
            "eps_growth_yearly": 31.77
        },
        "20043": {
            "year_quarter": 20043,
            "year": 2004,
            "quarter": 3,
            "eps": 0.97,
            "eps_growth_year": 17.08,
            "eps_4q": 3.62,
            "eps_4q_growth_year": 24.97,
            "roe": 9.2,
            "roe_4q": 36.25,
            "gross_profit": 2512000,
            "gross_margin": 50.55,
            "gross_margin_4q_avg": 50.21,
            "net_income": 789000,
            "net_income_4q": null,
            "revenue": 4969000,
            "revenue_4q": null,
            "common_shares": 9000,
            "book_valuer_per_share": 7.59,
            "book_valuer_per_share_4q_avg": 7.05,
            "equity": 8696000,
            "current_ratio": 157.35,
            "debt_ratio": 51.86,
            "inventory_turnover_ratio": 1.26,
            "account_receivable_turnover_ratio": 1.72,
            "reinvestment_rate": -4.99,
            "research_to_sale_ratio": 5.68,
            "price_fair": 108.31,
            "eps_avg_yearly": 3.09,
            "eps_latest_yearly": 3.88,
            "eps_growth_yearly": 28.88
        },
        "20044": {
            "year_quarter": 20044,
            "year": 2004,
            "quarter": 4,
            "eps": 0.91,
            "eps_growth_year": 17.86,
            "eps_4q": 3.75,
            "eps_4q_growth_year": 24.29,
            "roe": 7.65,
            "roe_4q": 35.68,
            "gross_profit": 2478000,
            "gross_margin": 48.67,
            "gross_margin_4q_avg": 50.25,
            "net_income": 730000,
            "net_income_4q": null,
            "revenue": 5091000,
            "revenue_4q": null,
            "common_shares": 9000,
            "book_valuer_per_share": 9.63,
            "book_valuer_per_share_4q_avg": 7.8,
            "equity": 10378000,
            "current_ratio": 143.63,
            "debt_ratio": 49.88,
            "inventory_turnover_ratio": 1.36,
            "account_receivable_turnover_ratio": 1.8,
            "reinvestment_rate": -2.04,
            "research_to_sale_ratio": 5.68,
            "price_fair": 108.05,
            "eps_avg_yearly": 3.14,
            "eps_latest_yearly": 3.64,
            "eps_growth_yearly": 24.41
        },
        "20051": {
            "year_quarter": 20051,
            "year": 2005,
            "quarter": 1,
            "eps": 0.97,
            "eps_growth_year": 7.88,
            "eps_4q": 3.83,
            "eps_4q_growth_year": 16.32,
            "roe": 7.61,
            "roe_4q": 34.010000000000005,
            "gross_profit": 2617000,
            "gross_margin": 50.66,
            "gross_margin_4q_avg": 50.24,
            "net_income": 786000,
            "net_income_4q": null,
            "revenue": 5166000,
            "revenue_4q": null,
            "common_shares": 9000,
            "book_valuer_per_share": 9.67,
            "book_valuer_per_share_4q_avg": 8.53,
            "equity": 10290000,
            "current_ratio": 143.05,
            "debt_ratio": 50.42,
            "inventory_turnover_ratio": 1.31,
            "account_receivable_turnover_ratio": 1.82,
            "reinvestment_rate": -2.08,
            "research_to_sale_ratio": 6.19,
            "price_fair": 110.49,
            "eps_avg_yearly": 3.2,
            "eps_latest_yearly": 3.88,
            "eps_growth_yearly": 24.56
        },
        "20052": {
            "year_quarter": 20052,
            "year": 2005,
            "quarter": 2,
            "eps": 0.96,
            "eps_growth_year": -0.63,
            "eps_4q": 3.82,
            "eps_4q_growth_year": 9.93,
            "roe": 7.4,
            "roe_4q": 31.860000000000003,
            "gross_profit": 2692000,
            "gross_margin": 50.85,
            "gross_margin_4q_avg": 50.18,
            "net_income": 766000,
            "net_income_4q": null,
            "revenue": 5294000,
            "revenue_4q": null,
            "common_shares": null,
            "book_valuer_per_share": 8.88,
            "book_valuer_per_share_4q_avg": 8.94,
            "equity": 10405000,
            "current_ratio": 149.79,
            "debt_ratio": 47.61,
            "inventory_turnover_ratio": 1.3,
            "account_receivable_turnover_ratio": 1.81,
            "reinvestment_rate": -3,
            "research_to_sale_ratio": 6.01,
            "price_fair": 105.44,
            "eps_avg_yearly": 3.24,
            "eps_latest_yearly": 3.84,
            "eps_growth_yearly": 22.51
        },
        "20053": {
            "year_quarter": 20053,
            "year": 2005,
            "quarter": 3,
            "eps": 1.08,
            "eps_growth_year": 11.05,
            "eps_4q": 3.93,
            "eps_4q_growth_year": 8.59,
            "roe": 8.14,
            "roe_4q": 30.800000000000004,
            "gross_profit": 2747000,
            "gross_margin": 51.04,
            "gross_margin_4q_avg": 50.31,
            "net_income": 853000,
            "net_income_4q": null,
            "revenue": 5382000,
            "revenue_4q": null,
            "common_shares": null,
            "book_valuer_per_share": 7.87,
            "book_valuer_per_share_4q_avg": 9.01,
            "equity": 10543000,
            "current_ratio": 118.72,
            "debt_ratio": 50.69,
            "inventory_turnover_ratio": 1.28,
            "account_receivable_turnover_ratio": 1.79,
            "reinvestment_rate": -0.1,
            "research_to_sale_ratio": 5.83,
            "price_fair": 113.84,
            "eps_avg_yearly": 3.31,
            "eps_latest_yearly": 4.32,
            "eps_growth_yearly": 24.35
        },
        "20054": {
            "year_quarter": 20054,
            "year": 2005,
            "quarter": 4,
            "eps": 1.01,
            "eps_growth_year": 11.1,
            "eps_4q": 4.03,
            "eps_4q_growth_year": 7.29,
            "roe": 7.6,
            "roe_4q": 30.75,
            "gross_profit": 2703000,
            "gross_margin": 50.76,
            "gross_margin_4q_avg": 50.83,
            "net_income": 796000,
            "net_income_4q": null,
            "revenue": 5325000,
            "revenue_4q": null,
            "common_shares": 9000,
            "book_valuer_per_share": 8.45,
            "book_valuer_per_share_4q_avg": 8.72,
            "equity": 10395000,
            "current_ratio": 135.83,
            "debt_ratio": 49.39,
            "inventory_turnover_ratio": 1.23,
            "account_receivable_turnover_ratio": 1.81,
            "reinvestment_rate": 1.05,
            "research_to_sale_ratio": 6.05,
            "price_fair": 104.84,
            "eps_avg_yearly": 3.36,
            "eps_latest_yearly": 4.04,
            "eps_growth_yearly": 21.2
        },
        "20061": {
            "year_quarter": 20061,
            "year": 2006,
            "quarter": 1,
            "eps": 1.17,
            "eps_growth_year": 20.06,
            "eps_4q": 4.22,
            "eps_4q_growth_year": 10.41,
            "roe": 8.53,
            "roe_4q": 31.67,
            "gross_profit": 2874000,
            "gross_margin": 51.37,
            "gross_margin_4q_avg": 51.01,
            "net_income": 912000,
            "net_income_4q": null,
            "revenue": 5595000,
            "revenue_4q": null,
            "common_shares": null,
            "book_valuer_per_share": 8.35,
            "book_valuer_per_share_4q_avg": 8.39,
            "equity": 10989000,
            "current_ratio": 145.15,
            "debt_ratio": 48.51,
            "inventory_turnover_ratio": 1.2,
            "account_receivable_turnover_ratio": 1.88,
            "reinvestment_rate": 0.57,
            "research_to_sale_ratio": 5.76,
            "price_fair": 97.48,
            "eps_avg_yearly": 3.5,
            "eps_latest_yearly": 4.68,
            "eps_growth_yearly": 17.87
        },
        "20062": {
            "year_quarter": 20062,
            "year": 2006,
            "quarter": 2,
            "eps": 1.14,
            "eps_growth_year": 19.19,
            "eps_4q": 4.41,
            "eps_4q_growth_year": 15.41,
            "roe": 7.93,
            "roe_4q": 32.2,
            "gross_profit": 2848000,
            "gross_margin": 50.07,
            "gross_margin_4q_avg": 50.81,
            "net_income": 892000,
            "net_income_4q": null,
            "revenue": 5688000,
            "revenue_4q": null,
            "common_shares": null,
            "book_valuer_per_share": 8.87,
            "book_valuer_per_share_4q_avg": 8.39,
            "equity": 11522000,
            "current_ratio": 149.3,
            "debt_ratio": 46.99,
            "inventory_turnover_ratio": 1.15,
            "account_receivable_turnover_ratio": 1.81,
            "reinvestment_rate": 2.43,
            "research_to_sale_ratio": 6.17,
            "price_fair": 86.6,
            "eps_avg_yearly": 3.61,
            "eps_latest_yearly": 4.56,
            "eps_growth_yearly": 14.01
        },
        "20063": {
            "year_quarter": 20063,
            "year": 2006,
            "quarter": 3,
            "eps": 1.18,
            "eps_growth_year": 9.37,
            "eps_4q": 4.51,
            "eps_4q_growth_year": 14.83,
            "roe": 8.05,
            "roe_4q": 32.11,
            "gross_profit": 2868000,
            "gross_margin": 48.96,
            "gross_margin_4q_avg": 50.29,
            "net_income": 906000,
            "net_income_4q": null,
            "revenue": 5858000,
            "revenue_4q": null,
            "common_shares": 9000,
            "book_valuer_per_share": 8.81,
            "book_valuer_per_share_4q_avg": 8.62,
            "equity": 10983000,
            "current_ratio": 121.07,
            "debt_ratio": 51.58,
            "inventory_turnover_ratio": 1.15,
            "account_receivable_turnover_ratio": 1.8,
            "reinvestment_rate": 2.65,
            "research_to_sale_ratio": 5.8,
            "price_fair": 94.14,
            "eps_avg_yearly": 3.73,
            "eps_latest_yearly": 4.72,
            "eps_growth_yearly": 15.24
        },
        "20064": {
            "year_quarter": 20064,
            "year": 2006,
            "quarter": 4,
            "eps": 0.61,
            "eps_growth_year": -39.3,
            "eps_4q": 4.11,
            "eps_4q_growth_year": 2.07,
            "roe": 11.38,
            "roe_4q": 35.89,
            "gross_profit": 2620000,
            "gross_margin": 45.31,
            "gross_margin_4q_avg": 48.93,
            "net_income": 1192000,
            "net_income_4q": null,
            "revenue": 5782000,
            "revenue_4q": null,
            "common_shares": 9000,
            "book_valuer_per_share": 7.04,
            "book_valuer_per_share_4q_avg": 8.27,
            "equity": 9959000,
            "current_ratio": 122.16,
            "debt_ratio": 53.23,
            "inventory_turnover_ratio": 1.21,
            "account_receivable_turnover_ratio": 1.8,
            "reinvestment_rate": 4.8,
            "research_to_sale_ratio": 8.8,
            "price_fair": 54.36,
            "eps_avg_yearly": 3.72,
            "eps_latest_yearly": 2.44,
            "eps_growth_yearly": 4.61
        },
        "20071": {
            "year_quarter": 20071,
            "year": 2007,
            "quarter": 1,
            "eps": 1.14,
            "eps_growth_year": -2.18,
            "eps_4q": 4.09,
            "eps_4q_growth_year": -3.26,
            "roe": 13.82,
            "roe_4q": 41.18,
            "gross_profit": 2915000,
            "gross_margin": 49.1,
            "gross_margin_4q_avg": 48.36,
            "net_income": 1383000,
            "net_income_4q": null,
            "revenue": 5937000,
            "revenue_4q": null,
            "common_shares": 9000,
            "book_valuer_per_share": 7.22,
            "book_valuer_per_share_4q_avg": 7.99,
            "equity": 10054000,
            "current_ratio": 129.61,
            "debt_ratio": 55.79,
            "inventory_turnover_ratio": 1.14,
            "account_receivable_turnover_ratio": 1.81,
            "reinvestment_rate": 7.38,
            "research_to_sale_ratio": 5.37,
            "price_fair": 134.66,
            "eps_avg_yearly": 3.85,
            "eps_latest_yearly": 4.56,
            "eps_growth_yearly": 27.1
        },
        "20072": {
            "year_quarter": 20072,
            "year": 2007,
            "quarter": 2,
            "eps": 1.19,
            "eps_growth_year": 3.97,
            "eps_4q": 4.13,
            "eps_4q_growth_year": -6.27,
            "roe": 9.18,
            "roe_4q": 42.43000000000001,
            "gross_profit": 2967000,
            "gross_margin": 48.31,
            "gross_margin_4q_avg": 47.92,
            "net_income": 933000,
            "net_income_4q": null,
            "revenue": 6142000,
            "revenue_4q": null,
            "common_shares": 9000,
            "book_valuer_per_share": 7.38,
            "book_valuer_per_share_4q_avg": 7.61,
            "equity": 10272000,
            "current_ratio": 128.19,
            "debt_ratio": 54.98,
            "inventory_turnover_ratio": 1.16,
            "account_receivable_turnover_ratio": 1.74,
            "reinvestment_rate": 9.21,
            "research_to_sale_ratio": 5.73,
            "price_fair": 127.38,
            "eps_avg_yearly": 3.95,
            "eps_latest_yearly": 4.76,
            "eps_growth_yearly": 22.25
        },
        "20073": {
            "year_quarter": 20073,
            "year": 2007,
            "quarter": 3,
            "eps": 1.32,
            "eps_growth_year": 11.25,
            "eps_4q": 4.26,
            "eps_4q_growth_year": -5.43,
            "roe": 9.19,
            "roe_4q": 43.57,
            "gross_profit": 2937000,
            "gross_margin": 47.55,
            "gross_margin_4q_avg": 47.57,
            "net_income": 976000,
            "net_income_4q": null,
            "revenue": 6177000,
            "revenue_4q": null,
            "common_shares": 9000,
            "book_valuer_per_share": 8.18,
            "book_valuer_per_share_4q_avg": 7.46,
            "equity": 10970000,
            "current_ratio": 145.64,
            "debt_ratio": 54.96,
            "inventory_turnover_ratio": 1.16,
            "account_receivable_turnover_ratio": 1.69,
            "reinvestment_rate": 9.53,
            "research_to_sale_ratio": 5.47,
            "price_fair": 135.92,
            "eps_avg_yearly": 4.07,
            "eps_latest_yearly": 5.28,
            "eps_growth_yearly": 23.38
        },
        "20074": {
            "year_quarter": 20074,
            "year": 2007,
            "quarter": 4,
            "eps": 1.18,
            "eps_growth_year": 91.8,
            "eps_4q": 4.83,
            "eps_4q_growth_year": 17.44,
            "roe": 7.56,
            "roe_4q": 39.75,
            "gross_profit": 2908000,
            "gross_margin": 46.86,
            "gross_margin_4q_avg": 47.96,
            "net_income": 859000,
            "net_income_4q": null,
            "revenue": 6206000,
            "revenue_4q": null,
            "common_shares": 9000,
            "book_valuer_per_share": 8.96,
            "book_valuer_per_share_4q_avg": 7.94,
            "equity": 11747000,
            "current_ratio": 183.48,
            "debt_ratio": 52.43,
            "inventory_turnover_ratio": 1.17,
            "account_receivable_turnover_ratio": 1.76,
            "reinvestment_rate": 11.27,
            "research_to_sale_ratio": 5.78,
            "price_fair": 135.82,
            "eps_avg_yearly": 4.18,
            "eps_latest_yearly": 4.72,
            "eps_growth_yearly": 22.53
        },
        "20081": {
            "year_quarter": 20081,
            "year": 2008,
            "quarter": 1,
            "eps": 1.38,
            "eps_growth_year": 20.41,
            "eps_4q": 5.06,
            "eps_4q_growth_year": 23.89,
            "roe": 8.2,
            "roe_4q": 34.129999999999995,
            "gross_profit": 3127000,
            "gross_margin": 48.38,
            "gross_margin_4q_avg": 47.78,
            "net_income": 1006000,
            "net_income_4q": null,
            "revenue": 6463000,
            "revenue_4q": null,
            "common_shares": null,
            "book_valuer_per_share": 8.7,
            "book_valuer_per_share_4q_avg": 8.31,
            "equity": 12792000,
            "current_ratio": 169.03,
            "debt_ratio": 52.58,
            "inventory_turnover_ratio": 1.14,
            "account_receivable_turnover_ratio": 1.81,
            "reinvestment_rate": 12.89,
            "research_to_sale_ratio": 5.43,
            "price_fair": 139.79,
            "eps_avg_yearly": 4.3,
            "eps_latest_yearly": 5.52,
            "eps_growth_yearly": 22.55
        },
        "20082": {
            "year_quarter": 20082,
            "year": 2008,
            "quarter": 2,
            "eps": 1.37,
            "eps_growth_year": 15.2,
            "eps_4q": 5.24,
            "eps_4q_growth_year": 26.9,
            "roe": 7.5,
            "roe_4q": 32.449999999999996,
            "gross_profit": 3229000,
            "gross_margin": 47.92,
            "gross_margin_4q_avg": 47.68,
            "net_income": 963000,
            "net_income_4q": null,
            "revenue": 6739000,
            "revenue_4q": null,
            "common_shares": null,
            "book_valuer_per_share": 7.37,
            "book_valuer_per_share_4q_avg": 8.3,
            "equity": 12902000,
            "current_ratio": 150.9,
            "debt_ratio": 53.18,
            "inventory_turnover_ratio": 1.13,
            "account_receivable_turnover_ratio": 1.75,
            "reinvestment_rate": 14.28,
            "research_to_sale_ratio": 5.39,
            "price_fair": 133.71,
            "eps_avg_yearly": 4.4,
            "eps_latest_yearly": 5.48,
            "eps_growth_yearly": 20.42
        },
        "20083": {
            "year_quarter": 20083,
            "year": 2008,
            "quarter": 3,
            "eps": 1.41,
            "eps_growth_year": 7.16,
            "eps_4q": 5.34,
            "eps_4q_growth_year": 25.15,
            "roe": 7.93,
            "roe_4q": 31.189999999999998,
            "gross_profit": 3126000,
            "gross_margin": 47.67,
            "gross_margin_4q_avg": 47.71,
            "net_income": 1010000,
            "net_income_4q": null,
            "revenue": 6558000,
            "revenue_4q": null,
            "common_shares": null,
            "book_valuer_per_share": 6.94,
            "book_valuer_per_share_4q_avg": 7.99,
            "equity": 12573000,
            "current_ratio": 154,
            "debt_ratio": 54.79,
            "inventory_turnover_ratio": 1.1,
            "account_receivable_turnover_ratio": 1.7,
            "reinvestment_rate": 10.81,
            "research_to_sale_ratio": 5.25,
            "price_fair": 140.34,
            "eps_avg_yearly": 4.51,
            "eps_latest_yearly": 5.64,
            "eps_growth_yearly": 21.15
        },
        "20084": {
            "year_quarter": 20084,
            "year": 2008,
            "quarter": 4,
            "eps": 0.92,
            "eps_growth_year": -22,
            "eps_4q": 5.08,
            "eps_4q_growth_year": 5.16,
            "roe": 4.82,
            "roe_4q": 28.45,
            "gross_profit": 2408000,
            "gross_margin": 43.71,
            "gross_margin_4q_avg": 46.92,
            "net_income": 541000,
            "net_income_4q": null,
            "revenue": 5509000,
            "revenue_4q": null,
            "common_shares": 9000,
            "book_valuer_per_share": 3.93,
            "book_valuer_per_share_4q_avg": 6.74,
            "equity": 9880000,
            "current_ratio": 164.38,
            "debt_ratio": 61.7,
            "inventory_turnover_ratio": 1.02,
            "account_receivable_turnover_ratio": 1.58,
            "reinvestment_rate": 9.64,
            "research_to_sale_ratio": 6.28,
            "price_fair": 108.23,
            "eps_avg_yearly": 4.51,
            "eps_latest_yearly": 3.68,
            "eps_growth_yearly": 14.01
        },
        "20091": {
            "year_quarter": 20091,
            "year": 2009,
            "quarter": 1,
            "eps": 0.81,
            "eps_growth_year": -41.27,
            "eps_4q": 4.51,
            "eps_4q_growth_year": -10.92,
            "roe": 5.4,
            "roe_4q": 25.65,
            "gross_profit": 2317000,
            "gross_margin": 45.53,
            "gross_margin_4q_avg": 46.21,
            "net_income": 530000,
            "net_income_4q": null,
            "revenue": 5089000,
            "revenue_4q": null,
            "common_shares": 9000,
            "book_valuer_per_share": 4.04,
            "book_valuer_per_share_4q_avg": 5.57,
            "equity": 9737000,
            "current_ratio": 182.89,
            "debt_ratio": 59.99,
            "inventory_turnover_ratio": 0.98,
            "account_receivable_turnover_ratio": 1.62,
            "reinvestment_rate": 8.9,
            "research_to_sale_ratio": 6.35,
            "price_fair": 86.55,
            "eps_avg_yearly": 4.47,
            "eps_latest_yearly": 3.24,
            "eps_growth_yearly": 9.37
        },
        "20092": {
            "year_quarter": 20092,
            "year": 2009,
            "quarter": 2,
            "eps": 1.23,
            "eps_growth_year": -10.09,
            "eps_4q": 4.37,
            "eps_4q_growth_year": -16.63,
            "roe": 7.71,
            "roe_4q": 25.86,
            "gross_profit": 2742000,
            "gross_margin": 47.95,
            "gross_margin_4q_avg": 46.22,
            "net_income": 792000,
            "net_income_4q": null,
            "revenue": 5719000,
            "revenue_4q": null,
            "common_shares": 9000,
            "book_valuer_per_share": 5.27,
            "book_valuer_per_share_4q_avg": 5.05,
            "equity": 10803000,
            "current_ratio": 186.12,
            "debt_ratio": 58.6,
            "inventory_turnover_ratio": 1.13,
            "account_receivable_turnover_ratio": 1.74,
            "reinvestment_rate": 9.71,
            "research_to_sale_ratio": 5.4,
            "price_fair": 147.81,
            "eps_avg_yearly": 4.54,
            "eps_latest_yearly": 4.92,
            "eps_growth_yearly": 22.59
        },
        "20093": {
            "year_quarter": 20093,
            "year": 2009,
            "quarter": 3,
            "eps": 1.37,
            "eps_growth_year": -2.72,
            "eps_4q": 4.33,
            "eps_4q_growth_year": -18.82,
            "roe": 8.38,
            "roe_4q": 26.310000000000002,
            "gross_profit": 3022000,
            "gross_margin": 48.8,
            "gross_margin_4q_avg": 46.5,
            "net_income": 971000,
            "net_income_4q": null,
            "revenue": 6193000,
            "revenue_4q": null,
            "common_shares": 9000,
            "book_valuer_per_share": 7.21,
            "book_valuer_per_share_4q_avg": 5.11,
            "equity": 12360000,
            "current_ratio": 194.17,
            "debt_ratio": 55.27,
            "inventory_turnover_ratio": 1.21,
            "account_receivable_turnover_ratio": 1.75,
            "reinvestment_rate": 11.31,
            "research_to_sale_ratio": 5.41,
            "price_fair": 148.89,
            "eps_avg_yearly": 4.61,
            "eps_latest_yearly": 5.48,
            "eps_growth_yearly": 22.31
        },
        "20094": {
            "year_quarter": 20094,
            "year": 2009,
            "quarter": 4,
            "eps": 1.53,
            "eps_growth_year": 66.73,
            "eps_4q": 4.95,
            "eps_4q_growth_year": -2.6,
            "roe": 7.57,
            "roe_4q": 29.060000000000002,
            "gross_profit": 2933000,
            "gross_margin": 47.91,
            "gross_margin_4q_avg": 47.55,
            "net_income": 951000,
            "net_income_4q": null,
            "revenue": 6122000,
            "revenue_4q": null,
            "common_shares": 9000,
            "book_valuer_per_share": 7.87,
            "book_valuer_per_share_4q_avg": 6.1,
            "equity": 12764000,
            "current_ratio": 220.44,
            "debt_ratio": 53.16,
            "inventory_turnover_ratio": 1.21,
            "account_receivable_turnover_ratio": 1.78,
            "reinvestment_rate": 13.71,
            "research_to_sale_ratio": 5.33,
            "price_fair": 165.81,
            "eps_avg_yearly": 4.74,
            "eps_latest_yearly": 6.12,
            "eps_growth_yearly": 26.85
        },
        "20101": {
            "year_quarter": 20101,
            "year": 2010,
            "quarter": 1,
            "eps": 1.36,
            "eps_growth_year": 68.65,
            "eps_4q": 5.5,
            "eps_4q_growth_year": 22,
            "roe": 7.25,
            "roe_4q": 30.910000000000004,
            "gross_profit": 3110000,
            "gross_margin": 48.99,
            "gross_margin_4q_avg": 48.41,
            "net_income": 955000,
            "net_income_4q": null,
            "revenue": 6348000,
            "revenue_4q": null,
            "common_shares": 9000,
            "book_valuer_per_share": 9.18,
            "book_valuer_per_share_4q_avg": 7.38,
            "equity": 13566000,
            "current_ratio": 235.16,
            "debt_ratio": 51.59,
            "inventory_turnover_ratio": 1.19,
            "account_receivable_turnover_ratio": 1.86,
            "reinvestment_rate": 10.41,
            "research_to_sale_ratio": 5.39,
            "price_fair": 144.11,
            "eps_avg_yearly": 4.79,
            "eps_latest_yearly": 5.44,
            "eps_growth_yearly": 20.12
        },
        "20102": {
            "year_quarter": 20102,
            "year": 2010,
            "quarter": 2,
            "eps": 1.54,
            "eps_growth_year": 25.29,
            "eps_4q": 5.81,
            "eps_4q_growth_year": 33,
            "roe": 8.28,
            "roe_4q": 31.480000000000004,
            "gross_profit": 3296000,
            "gross_margin": 48.97,
            "gross_margin_4q_avg": 48.67,
            "net_income": 1140000,
            "net_income_4q": null,
            "revenue": 6731000,
            "revenue_4q": null,
            "common_shares": 9000,
            "book_valuer_per_share": 9.93,
            "book_valuer_per_share_4q_avg": 8.55,
            "equity": 13971000,
            "current_ratio": 237.1,
            "debt_ratio": 50.97,
            "inventory_turnover_ratio": 1.19,
            "account_receivable_turnover_ratio": 1.84,
            "reinvestment_rate": 8.15,
            "research_to_sale_ratio": 5.2,
            "price_fair": 166.41,
            "eps_avg_yearly": 4.89,
            "eps_latest_yearly": 6.16,
            "eps_growth_yearly": 24.07
        },
        "20103": {
            "year_quarter": 20103,
            "year": 2010,
            "quarter": 3,
            "eps": 1.55,
            "eps_growth_year": 13.14,
            "eps_4q": 5.99,
            "eps_4q_growth_year": 38.34,
            "roe": 7.63,
            "roe_4q": 30.73,
            "gross_profit": 3291000,
            "gross_margin": 47.88,
            "gross_margin_4q_avg": 48.44,
            "net_income": 1125000,
            "net_income_4q": null,
            "revenue": 6874000,
            "revenue_4q": null,
            "common_shares": 9000,
            "book_valuer_per_share": 11.65,
            "book_valuer_per_share_4q_avg": 9.66,
            "equity": 15504000,
            "current_ratio": 260.39,
            "debt_ratio": 48.43,
            "inventory_turnover_ratio": 1.16,
            "account_receivable_turnover_ratio": 1.81,
            "reinvestment_rate": 7.11,
            "research_to_sale_ratio": 5.15,
            "price_fair": 166.01,
            "eps_avg_yearly": 4.98,
            "eps_latest_yearly": 6.2,
            "eps_growth_yearly": 23.35
        },
        "20104": {
            "year_quarter": 20104,
            "year": 2010,
            "quarter": 4,
            "eps": 1.25,
            "eps_growth_year": -18.51,
            "eps_4q": 5.71,
            "eps_4q_growth_year": 15.45,
            "roe": 6.05,
            "roe_4q": 29.21,
            "gross_profit": 3134000,
            "gross_margin": 46.71,
            "gross_margin_4q_avg": 48.14,
            "net_income": 943000,
            "net_income_4q": null,
            "revenue": 6709000,
            "revenue_4q": null,
            "common_shares": 9000,
            "book_valuer_per_share": 9.86,
            "book_valuer_per_share_4q_avg": 10.16,
            "equity": 15663000,
            "current_ratio": 200.61,
            "debt_ratio": 48.06,
            "inventory_turnover_ratio": 1.12,
            "account_receivable_turnover_ratio": 1.79,
            "reinvestment_rate": 7.61,
            "research_to_sale_ratio": 5.78,
            "price_fair": 179.81,
            "eps_avg_yearly": 5.14,
            "eps_latest_yearly": 5,
            "eps_growth_yearly": 30.59
        },
        "20111": {
            "year_quarter": 20111,
            "year": 2011,
            "quarter": 1,
            "eps": 1.49,
            "eps_growth_year": 9.07,
            "eps_4q": 5.83,
            "eps_4q_growth_year": 6.04,
            "roe": 6.86,
            "roe_4q": 28.82,
            "gross_profit": 3509000,
            "gross_margin": 48,
            "gross_margin_4q_avg": 47.89,
            "net_income": 1103000,
            "net_income_4q": null,
            "revenue": 7311000,
            "revenue_4q": null,
            "common_shares": 9000,
            "book_valuer_per_share": 10.37,
            "book_valuer_per_share_4q_avg": 10.45,
            "equity": 16494000,
            "current_ratio": 214.32,
            "debt_ratio": 47.01,
            "inventory_turnover_ratio": 1.14,
            "account_receivable_turnover_ratio": 1.87,
            "reinvestment_rate": 6.99,
            "research_to_sale_ratio": 5.44,
            "price_fair": 123.66,
            "eps_avg_yearly": 5.23,
            "eps_latest_yearly": 5.96,
            "eps_growth_yearly": 13.67
        },
        "20112": {
            "year_quarter": 20112,
            "year": 2011,
            "quarter": 2,
            "eps": 1.6,
            "eps_growth_year": 3.37,
            "eps_4q": 5.88,
            "eps_4q_growth_year": 1.24,
            "roe": 6.96,
            "roe_4q": 27.5,
            "gross_profit": 3640000,
            "gross_margin": 47.4,
            "gross_margin_4q_avg": 47.5,
            "net_income": 1177000,
            "net_income_4q": null,
            "revenue": 7680000,
            "revenue_4q": null,
            "common_shares": 9000,
            "book_valuer_per_share": 11.38,
            "book_valuer_per_share_4q_avg": 10.82,
            "equity": 17330000,
            "current_ratio": 218.23,
            "debt_ratio": 46.32,
            "inventory_turnover_ratio": 1.12,
            "account_receivable_turnover_ratio": 1.79,
            "reinvestment_rate": 6.58,
            "research_to_sale_ratio": 5.26,
            "price_fair": 130.08,
            "eps_avg_yearly": 5.33,
            "eps_latest_yearly": 6.4,
            "eps_growth_yearly": 14.42
        },
        "20113": {
            "year_quarter": 20113,
            "year": 2011,
            "quarter": 3,
            "eps": 1.52,
            "eps_growth_year": -1.98,
            "eps_4q": 5.85,
            "eps_4q_growth_year": -2.31,
            "roe": 6.43,
            "roe_4q": 26.3,
            "gross_profit": 3504000,
            "gross_margin": 46.53,
            "gross_margin_4q_avg": 47.16,
            "net_income": 1103000,
            "net_income_4q": null,
            "revenue": 7531000,
            "revenue_4q": null,
            "common_shares": 9000,
            "book_valuer_per_share": 11.24,
            "book_valuer_per_share_4q_avg": 10.71,
            "equity": 16968000,
            "current_ratio": 221.72,
            "debt_ratio": 47.16,
            "inventory_turnover_ratio": 1.1,
            "account_receivable_turnover_ratio": 1.74,
            "reinvestment_rate": 4.89,
            "research_to_sale_ratio": 5.17,
            "price_fair": 109.89,
            "eps_avg_yearly": 5.38,
            "eps_latest_yearly": 6.08,
            "eps_growth_yearly": 10.44
        },
        "20114": {
            "year_quarter": 20114,
            "year": 2011,
            "quarter": 4,
            "eps": 1.35,
            "eps_growth_year": 7.98,
            "eps_4q": 5.95,
            "eps_4q_growth_year": 4.28,
            "roe": 6.01,
            "roe_4q": 26.259999999999998,
            "gross_profit": 3265000,
            "gross_margin": 46.06,
            "gross_margin_4q_avg": 47,
            "net_income": 974000,
            "net_income_4q": null,
            "revenue": 7089000,
            "revenue_4q": null,
            "common_shares": 9000,
            "book_valuer_per_share": 9.29,
            "book_valuer_per_share_4q_avg": 10.57,
            "equity": 15420000,
            "current_ratio": 224.96,
            "debt_ratio": 51.23,
            "inventory_turnover_ratio": 1.09,
            "account_receivable_turnover_ratio": 1.74,
            "reinvestment_rate": 7.36,
            "research_to_sale_ratio": 5.35,
            "price_fair": 109.98,
            "eps_avg_yearly": 5.42,
            "eps_latest_yearly": 5.4,
            "eps_growth_yearly": 10.29
        },
        "20121": {
            "year_quarter": 20121,
            "year": 2012,
            "quarter": 1,
            "eps": 1.59,
            "eps_growth_year": 7.06,
            "eps_4q": 6.06,
            "eps_4q_growth_year": 3.87,
            "roe": 7.22,
            "roe_4q": 26.62,
            "gross_profit": 3597000,
            "gross_margin": 48.05,
            "gross_margin_4q_avg": 47.01,
            "net_income": 1141000,
            "net_income_4q": null,
            "revenue": 7486000,
            "revenue_4q": null,
            "common_shares": 9000,
            "book_valuer_per_share": 10.42,
            "book_valuer_per_share_4q_avg": 10.58,
            "equity": 16182000,
            "current_ratio": 237.67,
            "debt_ratio": 49.45,
            "inventory_turnover_ratio": 1.11,
            "account_receivable_turnover_ratio": 1.83,
            "reinvestment_rate": 5.46,
            "research_to_sale_ratio": 5.49,
            "price_fair": 112.18,
            "eps_avg_yearly": 5.47,
            "eps_latest_yearly": 6.36,
            "eps_growth_yearly": 10.5
        },
        "20122": {
            "year_quarter": 20122,
            "year": 2012,
            "quarter": 2,
            "eps": 1.66,
            "eps_growth_year": 4.03,
            "eps_4q": 6.12,
            "eps_4q_growth_year": 4.05,
            "roe": 7.28,
            "roe_4q": 26.939999999999998,
            "gross_profit": 3664000,
            "gross_margin": 48.63,
            "gross_margin_4q_avg": 47.32,
            "net_income": 1186000,
            "net_income_4q": null,
            "revenue": 7534000,
            "revenue_4q": null,
            "common_shares": 9000,
            "book_valuer_per_share": 10.84,
            "book_valuer_per_share_4q_avg": 10.45,
            "equity": 16406000,
            "current_ratio": 246.85,
            "debt_ratio": 50.79,
            "inventory_turnover_ratio": 1.07,
            "account_receivable_turnover_ratio": 1.73,
            "reinvestment_rate": 8.23,
            "research_to_sale_ratio": 5.42,
            "price_fair": 120.77,
            "eps_avg_yearly": 5.55,
            "eps_latest_yearly": 6.64,
            "eps_growth_yearly": 11.78
        },
        "20123": {
            "year_quarter": 20123,
            "year": 2012,
            "quarter": 3,
            "eps": 1.65,
            "eps_growth_year": 8.59,
            "eps_4q": 6.25,
            "eps_4q_growth_year": 6.83,
            "roe": 6.93,
            "roe_4q": 27.439999999999998,
            "gross_profit": 3562000,
            "gross_margin": 47.51,
            "gross_margin_4q_avg": 47.56,
            "net_income": 1180000,
            "net_income_4q": null,
            "revenue": 7497000,
            "revenue_4q": null,
            "common_shares": 9000,
            "book_valuer_per_share": 12.4,
            "book_valuer_per_share_4q_avg": 10.74,
            "equity": 17644000,
            "current_ratio": 219.77,
            "debt_ratio": 48.83,
            "inventory_turnover_ratio": 1.05,
            "account_receivable_turnover_ratio": 1.71,
            "reinvestment_rate": 13.26,
            "research_to_sale_ratio": 5.3,
            "price_fair": 117.14,
            "eps_avg_yearly": 5.61,
            "eps_latest_yearly": 6.6,
            "eps_growth_yearly": 10.9
        },
        "20124": {
            "year_quarter": 20124,
            "year": 2012,
            "quarter": 4,
            "eps": 1.41,
            "eps_growth_year": 4.78,
            "eps_4q": 6.32,
            "eps_4q_growth_year": 6.12,
            "roe": 5.7,
            "roe_4q": 27.13,
            "gross_profit": 3396000,
            "gross_margin": 45.97,
            "gross_margin_4q_avg": 47.54,
            "net_income": 1004000,
            "net_income_4q": null,
            "revenue": 7387000,
            "revenue_4q": null,
            "common_shares": 9000,
            "book_valuer_per_share": 12.03,
            "book_valuer_per_share_4q_avg": 11.42,
            "equity": 17575000,
            "current_ratio": 219.84,
            "debt_ratio": 48.12,
            "inventory_turnover_ratio": 1.04,
            "account_receivable_turnover_ratio": 1.74,
            "reinvestment_rate": 15.72,
            "research_to_sale_ratio": 5.66,
            "price_fair": 148.64,
            "eps_avg_yearly": 5.73,
            "eps_latest_yearly": 5.64,
            "eps_growth_yearly": 15.95
        },
        "20131": {
            "year_quarter": 20131,
            "year": 2013,
            "quarter": 1,
            "eps": 1.61,
            "eps_growth_year": 0.93,
            "eps_4q": 6.33,
            "eps_4q_growth_year": 4.53,
            "roe": 6.43,
            "roe_4q": 26.34,
            "gross_profit": 3675000,
            "gross_margin": 48.14,
            "gross_margin_4q_avg": 47.56,
            "net_income": 1147000,
            "net_income_4q": null,
            "revenue": 7634000,
            "revenue_4q": null,
            "common_shares": 9000,
            "book_valuer_per_share": 13.03,
            "book_valuer_per_share_4q_avg": 12.08,
            "equity": 18082000,
            "current_ratio": 233.37,
            "debt_ratio": 46.86,
            "inventory_turnover_ratio": 1.03,
            "account_receivable_turnover_ratio": 1.8,
            "reinvestment_rate": 15.26,
            "research_to_sale_ratio": 5.63,
            "price_fair": 192.56,
            "eps_avg_yearly": 5.93,
            "eps_latest_yearly": 6.44,
            "eps_growth_yearly": 22.49
        },
        "20132": {
            "year_quarter": 20132,
            "year": 2013,
            "quarter": 2,
            "eps": 1.71,
            "eps_growth_year": 3.08,
            "eps_4q": 6.38,
            "eps_4q_growth_year": 4.26,
            "roe": 6.75,
            "roe_4q": 25.81,
            "gross_profit": 3760000,
            "gross_margin": 48.5,
            "gross_margin_4q_avg": 47.53,
            "net_income": 1213000,
            "net_income_4q": null,
            "revenue": 7752000,
            "revenue_4q": null,
            "common_shares": 9000,
            "book_valuer_per_share": 12.96,
            "book_valuer_per_share_4q_avg": 12.61,
            "equity": 17876000,
            "current_ratio": 220.73,
            "debt_ratio": 47.62,
            "inventory_turnover_ratio": 1.03,
            "account_receivable_turnover_ratio": 1.73,
            "reinvestment_rate": 14.08,
            "research_to_sale_ratio": 5.51,
            "price_fair": 127.46,
            "eps_avg_yearly": 6.05,
            "eps_latest_yearly": 6.84,
            "eps_growth_yearly": 11.08
        },
        "20133": {
            "year_quarter": 20133,
            "year": 2013,
            "quarter": 3,
            "eps": 1.78,
            "eps_growth_year": 7.67,
            "eps_4q": 6.51,
            "eps_4q_growth_year": 4.11,
            "roe": 6.98,
            "roe_4q": 25.86,
            "gross_profit": 3784000,
            "gross_margin": 47.8,
            "gross_margin_4q_avg": 47.6,
            "net_income": 1245000,
            "net_income_4q": null,
            "revenue": 7916000,
            "revenue_4q": null,
            "common_shares": 9000,
            "book_valuer_per_share": 12.94,
            "book_valuer_per_share_4q_avg": 12.74,
            "equity": 17796000,
            "current_ratio": 178.55,
            "debt_ratio": 47.04,
            "inventory_turnover_ratio": 1.05,
            "account_receivable_turnover_ratio": 1.73,
            "reinvestment_rate": 12.41,
            "research_to_sale_ratio": 5.31,
            "price_fair": 118.41,
            "eps_avg_yearly": 6.15,
            "eps_latest_yearly": 7.12,
            "eps_growth_yearly": 9.25
        },
        "20134": {
            "year_quarter": 20134,
            "year": 2013,
            "quarter": 4,
            "eps": 1.62,
            "eps_growth_year": 14.58,
            "eps_4q": 6.72,
            "eps_4q_growth_year": 6.31,
            "roe": 6.32,
            "roe_4q": 26.48,
            "gross_profit": 3626000,
            "gross_margin": 47.91,
            "gross_margin_4q_avg": 48.09,
            "net_income": 1116000,
            "net_income_4q": null,
            "revenue": 7569000,
            "revenue_4q": null,
            "common_shares": 9000,
            "book_valuer_per_share": 12.77,
            "book_valuer_per_share_4q_avg": 12.93,
            "equity": 17502000,
            "current_ratio": 169.82,
            "debt_ratio": 47.83,
            "inventory_turnover_ratio": 1.01,
            "account_receivable_turnover_ratio": 1.69,
            "reinvestment_rate": 14.81,
            "research_to_sale_ratio": 5.79,
            "price_fair": 86.95,
            "eps_avg_yearly": 6.17,
            "eps_latest_yearly": 6.48,
            "eps_growth_yearly": 4.09
        },
        "20141": {
            "year_quarter": 20141,
            "year": 2014,
            "quarter": 1,
            "eps": 1.79,
            "eps_growth_year": 11.28,
            "eps_4q": 6.9,
            "eps_4q_growth_year": 8.93,
            "roe": 7.01,
            "roe_4q": 27.060000000000002,
            "gross_profit": 3801000,
            "gross_margin": 48.54,
            "gross_margin_4q_avg": 48.19,
            "net_income": 1225000,
            "net_income_4q": null,
            "revenue": 7831000,
            "revenue_4q": null,
            "common_shares": 9000,
            "book_valuer_per_share": 12.93,
            "book_valuer_per_share_4q_avg": 12.9,
            "equity": 17448000,
            "current_ratio": 171.3,
            "debt_ratio": 47.99,
            "inventory_turnover_ratio": 1.03,
            "account_receivable_turnover_ratio": 1.75,
            "reinvestment_rate": 14.64,
            "research_to_sale_ratio": 5.77,
            "price_fair": 122.39,
            "eps_avg_yearly": 6.28,
            "eps_latest_yearly": 7.16,
            "eps_growth_yearly": 9.49
        },
        "20142": {
            "year_quarter": 20142,
            "year": 2014,
            "quarter": 2,
            "eps": 1.89,
            "eps_growth_year": 10.51,
            "eps_4q": 7.08,
            "eps_4q_growth_year": 10.87,
            "roe": 7.37,
            "roe_4q": 27.68,
            "gross_profit": 3952000,
            "gross_margin": 48.59,
            "gross_margin_4q_avg": 48.21,
            "net_income": 1283000,
            "net_income_4q": null,
            "revenue": 8134000,
            "revenue_4q": null,
            "common_shares": 9000,
            "book_valuer_per_share": 12.85,
            "book_valuer_per_share_4q_avg": 12.87,
            "equity": 17354000,
            "current_ratio": 187.4,
            "debt_ratio": 48.91,
            "inventory_turnover_ratio": 1.04,
            "account_receivable_turnover_ratio": 1.74,
            "reinvestment_rate": 13.6,
            "research_to_sale_ratio": 5.51,
            "price_fair": 111.92,
            "eps_avg_yearly": 6.37,
            "eps_latest_yearly": 7.56,
            "eps_growth_yearly": 7.58
        },
        "20143": {
            "year_quarter": 20143,
            "year": 2014,
            "quarter": 3,
            "eps": 1.98,
            "eps_growth_year": 11.39,
            "eps_4q": 7.28,
            "eps_4q_growth_year": 11.83,
            "roe": 7.82,
            "roe_4q": 28.520000000000003,
            "gross_profit": 3924000,
            "gross_margin": 48.22,
            "gross_margin_4q_avg": 48.32,
            "net_income": 1311000,
            "net_income_4q": null,
            "revenue": 8137000,
            "revenue_4q": null,
            "common_shares": 9000,
            "book_valuer_per_share": 11.62,
            "book_valuer_per_share_4q_avg": 12.54,
            "equity": 16173000,
            "current_ratio": 164.58,
            "debt_ratio": 50.66,
            "inventory_turnover_ratio": 1.05,
            "account_receivable_turnover_ratio": 1.72,
            "reinvestment_rate": 9.39,
            "research_to_sale_ratio": 5.33,
            "price_fair": 120.47,
            "eps_avg_yearly": 6.48,
            "eps_latest_yearly": 7.92,
            "eps_growth_yearly": 8.6
        },
        "20144": {
            "year_quarter": 20144,
            "year": 2014,
            "quarter": 4,
            "eps": 1.81,
            "eps_growth_year": 11.88,
            "eps_4q": 7.47,
            "eps_4q_growth_year": 11.26,
            "roe": 8.05,
            "roe_4q": 30.25,
            "gross_profit": 3707000,
            "gross_margin": 48.02,
            "gross_margin_4q_avg": 48.34,
            "net_income": 1179000,
            "net_income_4q": null,
            "revenue": 7719000,
            "revenue_4q": null,
            "common_shares": 9000,
            "book_valuer_per_share": 7.28,
            "book_valuer_per_share_4q_avg": 11.17,
            "equity": 13109000,
            "current_ratio": 206.29,
            "debt_ratio": 58,
            "inventory_turnover_ratio": 1.05,
            "account_receivable_turnover_ratio": 1.71,
            "reinvestment_rate": 3.1,
            "research_to_sale_ratio": 5.65,
            "price_fair": 140.88,
            "eps_avg_yearly": 6.62,
            "eps_latest_yearly": 7.24,
            "eps_growth_yearly": 11.3
        },
        "20151": {
            "year_quarter": 20151,
            "year": 2015,
            "quarter": 1,
            "eps": 1.85,
            "eps_growth_year": 3.38,
            "eps_4q": 7.53,
            "eps_4q_growth_year": 9.21,
            "roe": 8.89,
            "roe_4q": 32.13,
            "gross_profit": 3757000,
            "gross_margin": 49.58,
            "gross_margin_4q_avg": 48.6,
            "net_income": 1201000,
            "net_income_4q": null,
            "revenue": 7578000,
            "revenue_4q": null,
            "common_shares": 9000,
            "book_valuer_per_share": 8.81,
            "book_valuer_per_share_4q_avg": 10.14,
            "equity": 13917000,
            "current_ratio": 246.32,
            "debt_ratio": 54.58,
            "inventory_turnover_ratio": 1.03,
            "account_receivable_turnover_ratio": 1.74,
            "reinvestment_rate": 1.08,
            "research_to_sale_ratio": 6.11,
            "price_fair": 114.32,
            "eps_avg_yearly": 6.71,
            "eps_latest_yearly": 7.4,
            "eps_growth_yearly": 7.05
        },
        "20152": {
            "year_quarter": 20152,
            "year": 2015,
            "quarter": 2,
            "eps": 2.02,
            "eps_growth_year": 6.85,
            "eps_4q": 7.66,
            "eps_4q_growth_year": 8.27,
            "roe": 9.65,
            "roe_4q": 34.41,
            "gross_profit": 3827000,
            "gross_margin": 49.79,
            "gross_margin_4q_avg": 48.9,
            "net_income": 1303000,
            "net_income_4q": null,
            "revenue": 7686000,
            "revenue_4q": null,
            "common_shares": 9000,
            "book_valuer_per_share": 7.61,
            "book_valuer_per_share_4q_avg": 8.83,
            "equity": 13093000,
            "current_ratio": 263.61,
            "debt_ratio": 58.29,
            "inventory_turnover_ratio": 1.02,
            "account_receivable_turnover_ratio": 1.71,
            "reinvestment_rate": 2.07,
            "research_to_sale_ratio": 5.7,
            "price_fair": 119.18,
            "eps_avg_yearly": 6.81,
            "eps_latest_yearly": 8.08,
            "eps_growth_yearly": 7.5
        },
        "20153": {
            "year_quarter": 20153,
            "year": 2015,
            "quarter": 3,
            "eps": 2.05,
            "eps_growth_year": 3.67,
            "eps_4q": 7.74,
            "eps_4q_growth_year": 6.25,
            "roe": 10.27,
            "roe_4q": 36.86,
            "gross_profit": 3839000,
            "gross_margin": 49.78,
            "gross_margin_4q_avg": 49.29,
            "net_income": 1298000,
            "net_income_4q": null,
            "revenue": 7712000,
            "revenue_4q": null,
            "common_shares": 9000,
            "book_valuer_per_share": 0.32,
            "book_valuer_per_share_4q_avg": 6.01,
            "equity": 12186000,
            "current_ratio": 165.07,
            "debt_ratio": 63.36,
            "inventory_turnover_ratio": 1.03,
            "account_receivable_turnover_ratio": 1.68,
            "reinvestment_rate": -0.64,
            "research_to_sale_ratio": 5.56,
            "price_fair": 132.76,
            "eps_avg_yearly": 6.94,
            "eps_latest_yearly": 8.2,
            "eps_growth_yearly": 9.12
        },
        "20154": {
            "year_quarter": 20154,
            "year": 2015,
            "quarter": 4,
            "eps": 1.79,
            "eps_growth_year": -1.19,
            "eps_4q": 7.71,
            "eps_4q_growth_year": 3.23,
            "roe": 8.8,
            "roe_4q": 37.61,
            "gross_profit": 3510000,
            "gross_margin": 48.1,
            "gross_margin_4q_avg": 49.31,
            "net_income": 1039000,
            "net_income_4q": null,
            "revenue": 7298000,
            "revenue_4q": null,
            "common_shares": 9000,
            "book_valuer_per_share": -0.69,
            "book_valuer_per_share_4q_avg": 4.01,
            "equity": 11429000,
            "current_ratio": 154.34,
            "debt_ratio": 65.24,
            "inventory_turnover_ratio": 1.05,
            "account_receivable_turnover_ratio": 1.65,
            "reinvestment_rate": -0.19,
            "research_to_sale_ratio": 5.77,
            "price_fair": 132.22,
            "eps_avg_yearly": 7.05,
            "eps_latest_yearly": 7.16,
            "eps_growth_yearly": 8.75
        },
        "20161": {
            "year_quarter": 20161,
            "year": 2016,
            "quarter": 1,
            "eps": 2.05,
            "eps_growth_year": 10.93,
            "eps_4q": 7.92,
            "eps_4q_growth_year": 5.08,
            "roe": 11.04,
            "roe_4q": 39.76,
            "gross_profit": 3731000,
            "gross_margin": 50.36,
            "gross_margin_4q_avg": 49.51,
            "net_income": 1278000,
            "net_income_4q": null,
            "revenue": 7409000,
            "revenue_4q": null,
            "common_shares": 9000,
            "book_valuer_per_share": -0.32,
            "book_valuer_per_share_4q_avg": 1.73,
            "equity": 11733000,
            "current_ratio": 151.49,
            "debt_ratio": 64.43,
            "inventory_turnover_ratio": 1.03,
            "account_receivable_turnover_ratio": 1.69,
            "reinvestment_rate": -0.75,
            "research_to_sale_ratio": 6.07,
            "price_fair": 128.55,
            "eps_avg_yearly": 7.17,
            "eps_latest_yearly": 8.2,
            "eps_growth_yearly": 7.93
        },
        "20162": {
            "year_quarter": 20162,
            "year": 2016,
            "quarter": 2,
            "eps": 2.08,
            "eps_growth_year": 2.84,
            "eps_4q": 7.97,
            "eps_4q_growth_year": 4.05,
            "roe": 10.95,
            "roe_4q": 41.06,
            "gross_profit": 3863000,
            "gross_margin": 50.42,
            "gross_margin_4q_avg": 49.67,
            "net_income": 1293000,
            "net_income_4q": null,
            "revenue": 7662000,
            "revenue_4q": null,
            "common_shares": 9000,
            "book_valuer_per_share": 0.1,
            "book_valuer_per_share_4q_avg": -0.15,
            "equity": 11894000,
            "current_ratio": 157.65,
            "debt_ratio": 64.21,
            "inventory_turnover_ratio": 1.05,
            "account_receivable_turnover_ratio": 1.67,
            "reinvestment_rate": -3.81,
            "research_to_sale_ratio": 5.7,
            "price_fair": 125.08,
            "eps_avg_yearly": 7.27,
            "eps_latest_yearly": 8.32,
            "eps_growth_yearly": 7.2
        },
        "20163": {
            "year_quarter": 20163,
            "year": 2016,
            "quarter": 3,
            "eps": 2.15,
            "eps_growth_year": 4.6,
            "eps_4q": 8.07,
            "eps_4q_growth_year": 4.3,
            "roe": 11.14,
            "roe_4q": 41.92999999999999,
            "gross_profit": 3862000,
            "gross_margin": 50.1,
            "gross_margin_4q_avg": 49.75,
            "net_income": 1331000,
            "net_income_4q": null,
            "revenue": 7709000,
            "revenue_4q": null,
            "common_shares": 9000,
            "book_valuer_per_share": 0.25,
            "book_valuer_per_share_4q_avg": -0.17,
            "equity": 12002000,
            "current_ratio": 190.3,
            "debt_ratio": 64.75,
            "inventory_turnover_ratio": 1.07,
            "account_receivable_turnover_ratio": 1.64,
            "reinvestment_rate": -4.55,
            "research_to_sale_ratio": 5.54,
            "price_fair": 134.57,
            "eps_avg_yearly": 7.4,
            "eps_latest_yearly": 8.6,
            "eps_growth_yearly": 8.19
        },
        "20164": {
            "year_quarter": 20164,
            "year": 2016,
            "quarter": 4,
            "eps": 1.75,
            "eps_growth_year": -2.13,
            "eps_4q": 8.03,
            "eps_4q_growth_year": 4.1,
            "roe": 10.37,
            "roe_4q": 43.49999999999999,
            "gross_profit": 3539000,
            "gross_margin": 48.29,
            "gross_margin_4q_avg": 49.79,
            "net_income": 1156000,
            "net_income_4q": null,
            "revenue": 7329000,
            "revenue_4q": null,
            "common_shares": 9000,
            "book_valuer_per_share": -1.99,
            "book_valuer_per_share_4q_avg": -0.49,
            "equity": 10298000,
            "current_ratio": 188.55,
            "debt_ratio": 68.7,
            "inventory_turnover_ratio": 1.08,
            "account_receivable_turnover_ratio": 1.59,
            "reinvestment_rate": -6.43,
            "research_to_sale_ratio": 6.14,
            "price_fair": 128.53,
            "eps_avg_yearly": 7.48,
            "eps_latest_yearly": 7,
            "eps_growth_yearly": 7.18
        },
        "20171": {
            "year_quarter": 20171,
            "year": 2017,
            "quarter": 1,
            "eps": 2.13,
            "eps_growth_year": 3.58,
            "eps_4q": 8.1,
            "eps_4q_growth_year": 2.36,
            "roe": 12.46,
            "roe_4q": 44.92,
            "gross_profit": 3801000,
            "gross_margin": 49.46,
            "gross_margin_4q_avg": 49.57,
            "net_income": 1326000,
            "net_income_4q": null,
            "revenue": 7685000,
            "revenue_4q": null,
            "common_shares": 9000,
            "book_valuer_per_share": -0.9,
            "book_valuer_per_share_4q_avg": -0.64,
            "equity": 10989000,
            "current_ratio": 198.52,
            "debt_ratio": 66.99,
            "inventory_turnover_ratio": 1.11,
            "account_receivable_turnover_ratio": 1.67,
            "reinvestment_rate": -6.65,
            "research_to_sale_ratio": 6.19,
            "price_fair": 145.09,
            "eps_avg_yearly": 7.61,
            "eps_latest_yearly": 8.52,
            "eps_growth_yearly": 9.06
        },
        "20172": {
            "year_quarter": 20172,
            "year": 2017,
            "quarter": 2,
            "eps": 2.15,
            "eps_growth_year": 3.22,
            "eps_4q": 8.17,
            "eps_4q_growth_year": 2.47,
            "roe": 14.04,
            "roe_4q": 48.01,
            "gross_profit": 3873000,
            "gross_margin": 49.59,
            "gross_margin_4q_avg": 49.36,
            "net_income": 1585000,
            "net_income_4q": null,
            "revenue": 7810000,
            "revenue_4q": null,
            "common_shares": 9000,
            "book_valuer_per_share": 0.48,
            "book_valuer_per_share_4q_avg": -0.54,
            "equity": 11591000,
            "current_ratio": 221.89,
            "debt_ratio": 65.87,
            "inventory_turnover_ratio": 1.06,
            "account_receivable_turnover_ratio": 1.62,
            "reinvestment_rate": -7.03,
            "research_to_sale_ratio": 6.02,
            "price_fair": 137.01,
            "eps_avg_yearly": 7.72,
            "eps_latest_yearly": 8.6,
            "eps_growth_yearly": 7.74
        },
        "20173": {
            "year_quarter": 20173,
            "year": 2017,
            "quarter": 3,
            "eps": 2.33,
            "eps_growth_year": 8.59,
            "eps_4q": 8.36,
            "eps_4q_growth_year": 3.55,
            "roe": 12.07,
            "roe_4q": 48.94,
            "gross_profit": 4112000,
            "gross_margin": 50.32,
            "gross_margin_4q_avg": 49.42,
            "net_income": 1433000,
            "net_income_4q": null,
            "revenue": 8172000,
            "revenue_4q": null,
            "common_shares": 9000,
            "book_valuer_per_share": 1.26,
            "book_valuer_per_share_4q_avg": -0.29,
            "equity": 12146000,
            "current_ratio": 206.97,
            "debt_ratio": 65.53,
            "inventory_turnover_ratio": 1.04,
            "account_receivable_turnover_ratio": 1.62,
            "reinvestment_rate": -6.91,
            "research_to_sale_ratio": 5.73,
            "price_fair": 147.85,
            "eps_avg_yearly": 7.86,
            "eps_latest_yearly": 9.32,
            "eps_growth_yearly": 8.81
        },
        "20174": {
            "year_quarter": 20174,
            "year": 2017,
            "quarter": 4,
            "eps": 1.85,
            "eps_growth_year": 5.86,
            "eps_4q": 8.46,
            "eps_4q_growth_year": 5.32,
            "roe": 10.86,
            "roe_4q": 49.43,
            "gross_profit": 3895000,
            "gross_margin": 48.75,
            "gross_margin_4q_avg": 49.53,
            "net_income": 1287000,
            "net_income_4q": null,
            "revenue": 7990000,
            "revenue_4q": null,
            "common_shares": 9000,
            "book_valuer_per_share": -3.17,
            "book_valuer_per_share_4q_avg": -0.58,
            "equity": 11563000,
            "current_ratio": 185.73,
            "debt_ratio": 69.56,
            "inventory_turnover_ratio": 1.02,
            "account_receivable_turnover_ratio": 1.58,
            "reinvestment_rate": -6.04,
            "research_to_sale_ratio": 5.61,
            "price_fair": 125.95,
            "eps_avg_yearly": 7.92,
            "eps_latest_yearly": 7.4,
            "eps_growth_yearly": 5.91
        },
        "20181": {
            "year_quarter": 20181,
            "year": 2018,
            "quarter": 1,
            "eps": 1.3,
            "eps_growth_year": -38.69,
            "eps_4q": 7.64,
            "eps_4q_growth_year": -5.78,
            "roe": 7.3,
            "roe_4q": 44.269999999999996,
            "gross_profit": 4045000,
            "gross_margin": 48.86,
            "gross_margin_4q_avg": 49.38,
            "net_income": 823000,
            "net_income_4q": null,
            "revenue": 8278000,
            "revenue_4q": null,
            "common_shares": 9000,
            "book_valuer_per_share": -4.17,
            "book_valuer_per_share_4q_avg": -1.4,
            "equity": 10977000,
            "current_ratio": 165.4,
            "debt_ratio": 71.54,
            "inventory_turnover_ratio": 1.02,
            "account_receivable_turnover_ratio": 1.62,
            "reinvestment_rate": -5.64,
            "research_to_sale_ratio": 5.87,
            "price_fair": 23.39,
            "eps_avg_yearly": 7.8,
            "eps_latest_yearly": 5.2,
            "eps_growth_yearly": -4.15
        },
        "20182": {
            "year_quarter": 20182,
            "year": 2018,
            "quarter": 2,
            "eps": 2.55,
            "eps_growth_year": 18.71,
            "eps_4q": 8.04,
            "eps_4q_growth_year": -1.63,
            "roe": 17.45,
            "roe_4q": 47.68,
            "gross_profit": 4174000,
            "gross_margin": 49.75,
            "gross_margin_4q_avg": 49.42,
            "net_income": 1862000,
            "net_income_4q": null,
            "revenue": 8390000,
            "revenue_4q": null,
            "common_shares": 9000,
            "book_valuer_per_share": -4.31,
            "book_valuer_per_share_4q_avg": -2.6,
            "equity": 10365000,
            "current_ratio": 156.03,
            "debt_ratio": 71.82,
            "inventory_turnover_ratio": 0.99,
            "account_receivable_turnover_ratio": 1.58,
            "reinvestment_rate": -5.14,
            "research_to_sale_ratio": 5.53,
            "price_fair": 226.81,
            "eps_avg_yearly": 7.96,
            "eps_latest_yearly": 10.2,
            "eps_growth_yearly": 18.49
        },
        "20183": {
            "year_quarter": 20183,
            "year": 2018,
            "quarter": 3,
            "eps": 2.58,
            "eps_growth_year": 10.56,
            "eps_4q": 8.28,
            "eps_4q_growth_year": -0.86,
            "roe": 15,
            "roe_4q": 50.61,
            "gross_profit": 3992000,
            "gross_margin": 48.97,
            "gross_margin_4q_avg": 49.08,
            "net_income": 1546000,
            "net_income_4q": null,
            "revenue": 8152000,
            "revenue_4q": null,
            "common_shares": 9000,
            "book_valuer_per_share": -4.47,
            "book_valuer_per_share_4q_avg": -4.03,
            "equity": 10248000,
            "current_ratio": 196.55,
            "debt_ratio": 72.51,
            "inventory_turnover_ratio": 0.96,
            "account_receivable_turnover_ratio": 1.52,
            "reinvestment_rate": 0.11,
            "research_to_sale_ratio": 5.27,
            "price_fair": 223.82,
            "eps_avg_yearly": 8.11,
            "eps_latest_yearly": 10.32,
            "eps_growth_yearly": 17.6
        },
        "20184": {
            "year_quarter": 20184,
            "year": 2018,
            "quarter": 4,
            "eps": 2.22,
            "eps_growth_year": 19.87,
            "eps_4q": 8.65,
            "eps_4q_growth_year": 2.29,
            "roe": 13.05,
            "roe_4q": 52.8,
            "gross_profit": 3897000,
            "gross_margin": 49.05,
            "gross_margin_4q_avg": 49.16,
            "net_income": 1308000,
            "net_income_4q": null,
            "revenue": 7945000,
            "revenue_4q": null,
            "common_shares": 9000,
            "book_valuer_per_share": -5.05,
            "book_valuer_per_share_4q_avg": -4.5,
            "equity": 9796000,
            "current_ratio": 189.25,
            "debt_ratio": 73.16,
            "inventory_turnover_ratio": 0.92,
            "account_receivable_turnover_ratio": 1.52,
            "reinvestment_rate": 1.6,
            "research_to_sale_ratio": 5.49,
            "price_fair": 215.62,
            "eps_avg_yearly": 8.21,
            "eps_latest_yearly": 8.88,
            "eps_growth_yearly": 16.26
        },
        "20191": {
            "year_quarter": 20191,
            "year": 2019,
            "quarter": 1,
            "eps": 2.22,
            "eps_growth_year": 70.41,
            "eps_4q": 9.57,
            "eps_4q_growth_year": 25.33,
            "roe": 9.16,
            "roe_4q": 54.66,
            "gross_profit": 3558000,
            "gross_margin": 45.25,
            "gross_margin_4q_avg": 48.26,
            "net_income": 893000,
            "net_income_4q": null,
            "revenue": 7863000,
            "revenue_4q": null,
            "common_shares": 9000,
            "book_valuer_per_share": -6.86,
            "book_valuer_per_share_4q_avg": -5.17,
            "equity": 9703000,
            "current_ratio": 201.74,
            "debt_ratio": 75.21,
            "inventory_turnover_ratio": 0.97,
            "account_receivable_turnover_ratio": 1.53,
            "reinvestment_rate": 5.37,
            "research_to_sale_ratio": 6.07,
            "price_fair": 213.46,
            "eps_avg_yearly": 8.31,
            "eps_latest_yearly": 8.88,
            "eps_growth_yearly": 15.7
        },
        "20192": {
            "year_quarter": 20192,
            "year": 2019,
            "quarter": 2,
            "eps": 2.18,
            "eps_growth_year": -14.61,
            "eps_4q": 9.2,
            "eps_4q_growth_year": 14.43,
            "roe": 11.43,
            "roe_4q": 48.64,
            "gross_profit": 3883000,
            "gross_margin": 47.52,
            "gross_margin_4q_avg": 47.7,
            "net_income": 1131000,
            "net_income_4q": null,
            "revenue": 8171000,
            "revenue_4q": null,
            "common_shares": 9000,
            "book_valuer_per_share": -6.01,
            "book_valuer_per_share_4q_avg": -5.6,
            "equity": 10083000,
            "current_ratio": 193.41,
            "debt_ratio": 74.13,
            "inventory_turnover_ratio": 0.97,
            "account_receivable_turnover_ratio": 1.55,
            "reinvestment_rate": 6.21,
            "research_to_sale_ratio": 5.69,
            "price_fair": 191.56,
            "eps_avg_yearly": 8.35,
            "eps_latest_yearly": 8.72,
            "eps_growth_yearly": 12.96
        },
        "20193": {
            "year_quarter": 20193,
            "year": 2019,
            "quarter": 3,
            "eps": 2.47,
            "eps_growth_year": -4.28,
            "eps_4q": 9.09,
            "eps_4q_growth_year": 9.7,
            "roe": 15.28,
            "roe_4q": 48.92,
            "gross_profit": 3809000,
            "gross_margin": 47.67,
            "gross_margin_4q_avg": 47.37,
            "net_income": 1588000,
            "net_income_4q": null,
            "revenue": 7991000,
            "revenue_4q": null,
            "common_shares": 9000,
            "book_valuer_per_share": -4.44,
            "book_valuer_per_share_4q_avg": -5.59,
            "equity": 10702000,
            "current_ratio": 230.41,
            "debt_ratio": 74.85,
            "inventory_turnover_ratio": 1.01,
            "account_receivable_turnover_ratio": 1.54,
            "reinvestment_rate": 5.18,
            "research_to_sale_ratio": 5.54,
            "price_fair": 218.94,
            "eps_avg_yearly": 8.45,
            "eps_latest_yearly": 9.88,
            "eps_growth_yearly": 15.91
        },
        "20194": {
            "year_quarter": 20194,
            "year": 2019,
            "quarter": 4,
            "eps": 2.26,
            "eps_growth_year": 1.68,
            "eps_4q": 9.12,
            "eps_4q_growth_year": 5.46,
            "roe": 9.34,
            "roe_4q": 45.209999999999994,
            "gross_profit": 3802000,
            "gross_margin": 46.87,
            "gross_margin_4q_avg": 46.83,
            "net_income": 970000,
            "net_income_4q": null,
            "revenue": 8111000,
            "revenue_4q": null,
            "common_shares": 9000,
            "book_valuer_per_share": -16.97,
            "book_valuer_per_share_4q_avg": -8.57,
            "equity": 10063000,
            "current_ratio": 140.65,
            "debt_ratio": 77.47,
            "inventory_turnover_ratio": 1.06,
            "account_receivable_turnover_ratio": 1.62,
            "reinvestment_rate": 6.94,
            "research_to_sale_ratio": 6.03,
            "price_fair": 230.94,
            "eps_avg_yearly": 8.57,
            "eps_latest_yearly": 9.04,
            "eps_growth_yearly": 16.95
        },
        "20201": {
            "year_quarter": 20201,
            "year": 2020,
            "quarter": 1,
            "eps": 2.18,
            "eps_growth_year": -1.66,
            "eps_4q": 9.09,
            "eps_4q_growth_year": -5.04,
            "roe": 12.96,
            "roe_4q": 49.01,
            "gross_profit": 3966000,
            "gross_margin": 49.11,
            "gross_margin_4q_avg": 47.79,
            "net_income": 1310000,
            "net_income_4q": null,
            "revenue": 8075000,
            "revenue_4q": null,
            "common_shares": 9000,
            "book_valuer_per_share": -16.27,
            "book_valuer_per_share_4q_avg": -10.92,
            "equity": 10147000,
            "current_ratio": 165.21,
            "debt_ratio": 78.04,
            "inventory_turnover_ratio": 0.98,
            "account_receivable_turnover_ratio": 1.65,
            "reinvestment_rate": 6.1,
            "research_to_sale_ratio": 6.65,
            "price_fair": 192.97,
            "eps_avg_yearly": 8.6,
            "eps_latest_yearly": 8.72,
            "eps_growth_yearly": 12.44
        },
        "20202": {
            "year_quarter": 20202,
            "year": 2020,
            "quarter": 2,
            "eps": 1.79,
            "eps_growth_year": -17.77,
            "eps_4q": 8.7,
            "eps_4q_growth_year": -5.39,
            "roe": 12.41,
            "roe_4q": 49.99,
            "gross_profit": 3371000,
            "gross_margin": 46.98,
            "gross_margin_4q_avg": 47.66,
            "net_income": 1303000,
            "net_income_4q": null,
            "revenue": 7176000,
            "revenue_4q": null,
            "common_shares": 9000,
            "book_valuer_per_share": -14.82,
            "book_valuer_per_share_4q_avg": -13.13,
            "equity": 10857000,
            "current_ratio": 193.71,
            "debt_ratio": 75.92,
            "inventory_turnover_ratio": 0.91,
            "account_receivable_turnover_ratio": 1.55,
            "reinvestment_rate": 5.35,
            "research_to_sale_ratio": 5.91,
            "price_fair": 150.09,
            "eps_avg_yearly": 8.53,
            "eps_latest_yearly": 7.16,
            "eps_growth_yearly": 7.6
        },
        "20203": {
            "year_quarter": 20203,
            "year": 2020,
            "quarter": 3,
            "eps": 2.46,
            "eps_growth_year": -0.52,
            "eps_4q": 8.69,
            "eps_4q_growth_year": -4.39,
            "roe": 12.62,
            "roe_4q": 47.33,
            "gross_profit": 4047000,
            "gross_margin": 48.47,
            "gross_margin_4q_avg": 47.86,
            "net_income": 1435000,
            "net_income_4q": null,
            "revenue": 8350000,
            "revenue_4q": null,
            "common_shares": 9000,
            "book_valuer_per_share": -13.14,
            "book_valuer_per_share_4q_avg": -15.3,
            "equity": 11880000,
            "current_ratio": 190.42,
            "debt_ratio": 73.83,
            "inventory_turnover_ratio": 1.06,
            "account_receivable_turnover_ratio": 1.84,
            "reinvestment_rate": 6.66,
            "research_to_sale_ratio": 5.52,
            "price_fair": 224.73,
            "eps_avg_yearly": 8.61,
            "eps_latest_yearly": 9.84,
            "eps_growth_yearly": 16.12
        },
        "20204": {
            "year_quarter": 20204,
            "year": 2020,
            "quarter": 4,
            "eps": 2.74,
            "eps_growth_year": 21.22,
            "eps_4q": 9.17,
            "eps_4q_growth_year": 0.47,
            "roe": 11.4,
            "roe_4q": 49.39,
            "gross_profit": 4259000,
            "gross_margin": 49.62,
            "gross_margin_4q_avg": 48.55,
            "net_income": 1410000,
            "net_income_4q": null,
            "revenue": 8583000,
            "revenue_4q": null,
            "common_shares": 9000,
            "book_valuer_per_share": -11.72,
            "book_valuer_per_share_4q_avg": -13.99,
            "equity": 12867000,
            "current_ratio": 188.5,
            "debt_ratio": 72.82,
            "inventory_turnover_ratio": 1.05,
            "account_receivable_turnover_ratio": 1.84,
            "reinvestment_rate": 7.45,
            "research_to_sale_ratio": 5.14,
            "price_fair": 297.56,
            "eps_avg_yearly": 8.85,
            "eps_latest_yearly": 10.96,
            "eps_growth_yearly": 23.61
        },
        "20211": {
            "year_quarter": 20211,
            "year": 2021,
            "quarter": 1,
            "eps": 2.81,
            "eps_growth_year": 28.46,
            "eps_4q": 9.79,
            "eps_4q_growth_year": 7.72,
            "roe": 12.21,
            "roe_4q": 48.64,
            "gross_profit": 4327000,
            "gross_margin": 48.89,
            "gross_margin_4q_avg": 48.49,
            "net_income": 1626000,
            "net_income_4q": null,
            "revenue": 8851000,
            "revenue_4q": null,
            "common_shares": 9000,
            "book_valuer_per_share": -9.65,
            "book_valuer_per_share_4q_avg": -12.33,
            "equity": 13760000,
            "current_ratio": 183.49,
            "debt_ratio": 70.84,
            "inventory_turnover_ratio": 1.04,
            "account_receivable_turnover_ratio": 1.86,
            "reinvestment_rate": 6.45,
            "research_to_sale_ratio": 5.88,
            "price_fair": 260.06,
            "eps_avg_yearly": 9.02,
            "eps_latest_yearly": 11.24,
            "eps_growth_yearly": 18.82
        },
        "20212": {
            "year_quarter": 20212,
            "year": 2021,
            "quarter": 2,
            "eps": 2.65,
            "eps_growth_year": 47.95,
            "eps_4q": 10.65,
            "eps_4q_growth_year": 22.36,
            "roe": 10.8,
            "roe_4q": 47.03,
            "gross_profit": 4242000,
            "gross_margin": 47.4,
            "gross_margin_4q_avg": 48.6,
            "net_income": 1523000,
            "net_income_4q": null,
            "revenue": 8950000,
            "revenue_4q": null,
            "common_shares": 9000,
            "book_valuer_per_share": -8.37,
            "book_valuer_per_share_4q_avg": -10.72,
            "equity": 14448000,
            "current_ratio": 173.12,
            "debt_ratio": 70.09,
            "inventory_turnover_ratio": 1.01,
            "account_receivable_turnover_ratio": 1.83,
            "reinvestment_rate": 6.59,
            "research_to_sale_ratio": 5.64,
            "price_fair": 248.49,
            "eps_avg_yearly": 9.15,
            "eps_latest_yearly": 10.6,
            "eps_growth_yearly": 17.17
        },
        "20213": {
            "year_quarter": 20213,
            "year": 2021,
            "quarter": 3,
            "eps": 2.52,
            "eps_growth_year": 2.45,
            "eps_4q": 10.71,
            "eps_4q_growth_year": 23.24,
            "roe": 9.91,
            "roe_4q": 44.32,
            "gross_profit": 4095000,
            "gross_margin": 45.8,
            "gross_margin_4q_avg": 47.93,
            "net_income": 1433000,
            "net_income_4q": null,
            "revenue": 8942000,
            "revenue_4q": null,
            "common_shares": 9000,
            "book_valuer_per_share": -7.92,
            "book_valuer_per_share_4q_avg": -9.42,
            "equity": 14460000,
            "current_ratio": 170.48,
            "debt_ratio": 70.05,
            "inventory_turnover_ratio": 0.99,
            "account_receivable_turnover_ratio": 1.81,
            "reinvestment_rate": 6.04,
            "research_to_sale_ratio": 5.37,
            "price_fair": 219.26,
            "eps_avg_yearly": 9.2,
            "eps_latest_yearly": 10.08,
            "eps_growth_yearly": 13.85
        },
        "20214": {
            "year_quarter": 20214,
            "year": 2021,
            "quarter": 4,
            "eps": 2.33,
            "eps_growth_year": -14.81,
            "eps_4q": 10.3,
            "eps_4q_growth_year": 12.37,
            "roe": 9.06,
            "roe_4q": 41.980000000000004,
            "gross_profit": 3915000,
            "gross_margin": 45.46,
            "gross_margin_4q_avg": 46.89,
            "net_income": 1337000,
            "net_income_4q": null,
            "revenue": 8612000,
            "revenue_4q": null,
            "common_shares": 9000,
            "book_valuer_per_share": -6.52,
            "book_valuer_per_share_4q_avg": -8.12,
            "equity": 15046000,
            "current_ratio": 170.48,
            "debt_ratio": 68.04,
            "inventory_turnover_ratio": 0.95,
            "account_receivable_turnover_ratio": 1.8,
            "reinvestment_rate": 6.61,
            "research_to_sale_ratio": 5.48,
            "price_fair": 252.54,
            "eps_avg_yearly": 9.32,
            "eps_latest_yearly": 9.32,
            "eps_growth_yearly": 17.11
        },
        "20221": {
            "year_quarter": 20221,
            "year": 2022,
            "quarter": 1,
            "eps": 2.77,
            "eps_growth_year": -1.31,
            "eps_4q": 10.26,
            "eps_4q_growth_year": 4.85,
            "roe": 8.68,
            "roe_4q": 38.45,
            "gross_profit": 4003000,
            "gross_margin": 45.34,
            "gross_margin_4q_avg": 46,
            "net_income": 1301000,
            "net_income_4q": null,
            "revenue": 8829000,
            "revenue_4q": null,
            "common_shares": 9000,
            "book_valuer_per_share": -6.29,
            "book_valuer_per_share_4q_avg": -7.28,
            "equity": 14930000,
            "current_ratio": 157.91,
            "debt_ratio": 67.44,
            "inventory_turnover_ratio": 0.94,
            "account_receivable_turnover_ratio": 1.86,
            "reinvestment_rate": 7.31,
            "research_to_sale_ratio": 5.37,
            "price_fair": 338.89,
            "eps_avg_yearly": 9.68,
            "eps_latest_yearly": 11.08,
            "eps_growth_yearly": 29.26
        },
        "20222": {
            "year_quarter": 20222,
            "year": 2022,
            "quarter": 2,
            "eps": 2.48,
            "eps_growth_year": -6.31,
            "eps_4q": 10.1,
            "eps_4q_growth_year": -5.16,
            "roe": 0.58,
            "roe_4q": 28.23,
            "gross_profit": 3609000,
            "gross_margin": 41.47,
            "gross_margin_4q_avg": 44.52,
            "net_income": 83000,
            "net_income_4q": null,
            "revenue": 8702000,
            "revenue_4q": null,
            "common_shares": 9000,
            "book_valuer_per_share": -7.58,
            "book_valuer_per_share_4q_avg": -7.08,
            "equity": 13742000,
            "current_ratio": 146.67,
            "debt_ratio": 69.89,
            "inventory_turnover_ratio": 0.93,
            "account_receivable_turnover_ratio": 1.79,
            "reinvestment_rate": 7.53,
            "research_to_sale_ratio": 5.47,
            "price_fair": 121.86,
            "eps_avg_yearly": 9.67,
            "eps_latest_yearly": 9.92,
            "eps_growth_yearly": 2.61
        },
        "20223": {
            "year_quarter": 20223,
            "year": 2022,
            "quarter": 3,
            "eps": 3,
            "eps_growth_year": 19.19,
            "eps_4q": 10.58,
            "eps_4q_growth_year": -1.19,
            "roe": 27.68,
            "roe_4q": 46,
            "gross_profit": 3891000,
            "gross_margin": 45.14,
            "gross_margin_4q_avg": 44.35,
            "net_income": 3861000,
            "net_income_4q": null,
            "revenue": 8619000,
            "revenue_4q": null,
            "common_shares": null,
            "book_valuer_per_share": -6.02,
            "book_valuer_per_share_4q_avg": -6.6,
            "equity": 14156000,
            "current_ratio": 156.08,
            "debt_ratio": 69.34,
            "inventory_turnover_ratio": 0.84,
            "account_receivable_turnover_ratio": 1.79,
            "reinvestment_rate": 5.58,
            "research_to_sale_ratio": 5.35,
            "price_fair": 171.53,
            "eps_avg_yearly": 9.77,
            "eps_latest_yearly": 12,
            "eps_growth_yearly": 7.56
        },
        "20224": {
            "year_quarter": 20224,
            "year": 2022,
            "quarter": 4,
            "eps": 2.77,
            "eps_growth_year": 18.7,
            "eps_4q": 11.02,
            "eps_4q_growth_year": 6.94,
            "roe": 3.71,
            "roe_4q": 40.65,
            "gross_profit": 3494000,
            "gross_margin": 43.25,
            "gross_margin_4q_avg": 43.8,
            "net_income": 535000,
            "net_income_4q": null,
            "revenue": 8079000,
            "revenue_4q": null,
            "common_shares": 9000,
            "book_valuer_per_share": -5.04,
            "book_valuer_per_share_4q_avg": -6.23,
            "equity": 14722000,
            "current_ratio": 154.24,
            "debt_ratio": 68.31,
            "inventory_turnover_ratio": 0.83,
            "account_receivable_turnover_ratio": 1.75,
            "reinvestment_rate": 1.75,
            "research_to_sale_ratio": 5.51,
            "price_fair": 189.51,
            "eps_avg_yearly": 9.91,
            "eps_latest_yearly": 11.08,
            "eps_growth_yearly": 9.13
        },
        "20231": {
            "year_quarter": 20231,
            "year": 2023,
            "quarter": 1,
            "eps": 2.06,
            "eps_growth_year": -25.64,
            "eps_4q": 10.31,
            "eps_4q_growth_year": 0.41,
            "roe": 6.52,
            "roe_4q": 38.489999999999995,
            "gross_profit": 3434000,
            "gross_margin": 42.76,
            "gross_margin_4q_avg": 43.16,
            "net_income": 979000,
            "net_income_4q": null,
            "revenue": 8031000,
            "revenue_4q": null,
            "common_shares": 9000,
            "book_valuer_per_share": -3.88,
            "book_valuer_per_share_4q_avg": -5.63,
            "equity": 15298000,
            "current_ratio": 141.75,
            "debt_ratio": 67.37,
            "inventory_turnover_ratio": 0.86,
            "account_receivable_turnover_ratio": 1.75,
            "reinvestment_rate": 1.16,
            "research_to_sale_ratio": 5.83,
            "price_fair": 125.52,
            "eps_avg_yearly": 9.87,
            "eps_latest_yearly": 8.24,
            "eps_growth_yearly": 2.72
        },
        "20232": {
            "year_quarter": 20232,
            "year": 2023,
            "quarter": 2,
            "eps": 2.53,
            "eps_growth_year": 2.23,
            "eps_4q": 10.36,
            "eps_4q_growth_year": 2.62,
            "roe": -59.22,
            "roe_4q": -21.310000000000002,
            "gross_profit": 3766000,
            "gross_margin": 45.24,
            "gross_margin_4q_avg": 44.1,
            "net_income": -6839000,
            "net_income_4q": null,
            "revenue": 8325000,
            "revenue_4q": null,
            "common_shares": 9000,
            "book_valuer_per_share": -17.28,
            "book_valuer_per_share_4q_avg": -8.06,
            "equity": 7798000,
            "current_ratio": 144.06,
            "debt_ratio": 84.05,
            "inventory_turnover_ratio": 0.86,
            "account_receivable_turnover_ratio": 1.74,
            "reinvestment_rate": 2.14,
            "research_to_sale_ratio": 5.45,
            "price_fair": 187.9,
            "eps_avg_yearly": 9.96,
            "eps_latest_yearly": 10.12,
            "eps_growth_yearly": 8.87
        },
        "20233": {
            "year_quarter": 20233,
            "year": 2023,
            "quarter": 3,
            "eps": 2.51,
            "eps_growth_year": -16.24,
            "eps_4q": 9.88,
            "eps_4q_growth_year": -6.66,
            "roe": -33.25,
            "roe_4q": -82.24000000000001,
            "gross_profit": 3736000,
            "gross_margin": 44.95,
            "gross_margin_4q_avg": 44.05,
            "net_income": -2073000,
            "net_income_4q": null,
            "revenue": 8312000,
            "revenue_4q": null,
            "common_shares": 9000,
            "book_valuer_per_share": -22.4,
            "book_valuer_per_share_4q_avg": -12.15,
            "equity": 4672000,
            "current_ratio": 104.73,
            "debt_ratio": 90.58,
            "inventory_turnover_ratio": 0.88,
            "account_receivable_turnover_ratio": 1.7,
            "reinvestment_rate": -3.96,
            "research_to_sale_ratio": 5.14,
            "price_fair": 152.98,
            "eps_avg_yearly": 9.97,
            "eps_latest_yearly": 10.04,
            "eps_growth_yearly": 5.35
        }
    },
    "months": {
        "2001-01": {
            "month": "2001-01",
            "price": "55.85",
            "revenue": 0
        },
        "2001-02": {
            "month": "2001-02",
            "price": "55.92",
            "revenue": 0
        },
        "2001-03": {
            "month": "2001-03",
            "price": "53.99",
            "revenue": 0
        },
        "2001-04": {
            "month": "2001-04",
            "price": "55.08",
            "revenue": 0
        },
        "2001-05": {
            "month": "2001-05",
            "price": "59.67",
            "revenue": 0
        },
        "2001-06": {
            "month": "2001-06",
            "price": "59.52",
            "revenue": 0
        },
        "2001-07": {
            "month": "2001-07",
            "price": "56.35",
            "revenue": 0
        },
        "2001-08": {
            "month": "2001-08",
            "price": "54.50",
            "revenue": 0
        },
        "2001-09": {
            "month": "2001-09",
            "price": "48.29",
            "revenue": 0
        },
        "2001-10": {
            "month": "2001-10",
            "price": "51.70",
            "revenue": 0
        },
        "2001-11": {
            "month": "2001-11",
            "price": "56.66",
            "revenue": 0
        },
        "2001-12": {
            "month": "2001-12",
            "price": "58.93",
            "revenue": 0
        },
        "2002-01": {
            "month": "2002-01",
            "price": "55.58",
            "revenue": 0
        },
        "2002-02": {
            "month": "2002-02",
            "price": "57.40",
            "revenue": 0
        },
        "2002-03": {
            "month": "2002-03",
            "price": "59.85",
            "revenue": 0
        },
        "2002-04": {
            "month": "2002-04",
            "price": "61.17",
            "revenue": 0
        },
        "2002-05": {
            "month": "2002-05",
            "price": "63.57",
            "revenue": 0
        },
        "2002-06": {
            "month": "2002-06",
            "price": "62.64",
            "revenue": 0
        },
        "2002-07": {
            "month": "2002-07",
            "price": "60.68",
            "revenue": 0
        },
        "2002-08": {
            "month": "2002-08",
            "price": "62.62",
            "revenue": 0
        },
        "2002-09": {
            "month": "2002-09",
            "price": "59.31",
            "revenue": 0
        },
        "2002-10": {
            "month": "2002-10",
            "price": "60.88",
            "revenue": 0
        },
        "2002-11": {
            "month": "2002-11",
            "price": "64.34",
            "revenue": 0
        },
        "2002-12": {
            "month": "2002-12",
            "price": "62.01",
            "revenue": 0
        },
        "2003-01": {
            "month": "2003-01",
            "price": "63.21",
            "revenue": 0
        },
        "2003-02": {
            "month": "2003-02",
            "price": "62.23",
            "revenue": 0
        },
        "2003-03": {
            "month": "2003-03",
            "price": "63.76",
            "revenue": 0
        },
        "2003-04": {
            "month": "2003-04",
            "price": "65.17",
            "revenue": 0
        },
        "2003-05": {
            "month": "2003-05",
            "price": "62.13",
            "revenue": 0
        },
        "2003-06": {
            "month": "2003-06",
            "price": "64.24",
            "revenue": 0
        },
        "2003-07": {
            "month": "2003-07",
            "price": "66.60",
            "revenue": 0
        },
        "2003-08": {
            "month": "2003-08",
            "price": "71.10",
            "revenue": 0
        },
        "2003-09": {
            "month": "2003-09",
            "price": "70.09",
            "revenue": 0
        },
        "2003-10": {
            "month": "2003-10",
            "price": "74.73",
            "revenue": 0
        },
        "2003-11": {
            "month": "2003-11",
            "price": "78.64",
            "revenue": 0
        },
        "2003-12": {
            "month": "2003-12",
            "price": "82.79",
            "revenue": 0
        },
        "2004-01": {
            "month": "2004-01",
            "price": "82.51",
            "revenue": 0
        },
        "2004-02": {
            "month": "2004-02",
            "price": "79.54",
            "revenue": 0
        },
        "2004-03": {
            "month": "2004-03",
            "price": "78.85",
            "revenue": 0
        },
        "2004-04": {
            "month": "2004-04",
            "price": "84.29",
            "revenue": 0
        },
        "2004-05": {
            "month": "2004-05",
            "price": "84.17",
            "revenue": 0
        },
        "2004-06": {
            "month": "2004-06",
            "price": "86.86",
            "revenue": 0
        },
        "2004-07": {
            "month": "2004-07",
            "price": "85.53",
            "revenue": 0
        },
        "2004-08": {
            "month": "2004-08",
            "price": "80.48",
            "revenue": 0
        },
        "2004-09": {
            "month": "2004-09",
            "price": "81.79",
            "revenue": 0
        },
        "2004-10": {
            "month": "2004-10",
            "price": "77.84",
            "revenue": 0
        },
        "2004-11": {
            "month": "2004-11",
            "price": "80.29",
            "revenue": 0
        },
        "2004-12": {
            "month": "2004-12",
            "price": "80.59",
            "revenue": 0
        },
        "2005-01": {
            "month": "2005-01",
            "price": "82.84",
            "revenue": 0
        },
        "2005-02": {
            "month": "2005-02",
            "price": "84.41",
            "revenue": 0
        },
        "2005-03": {
            "month": "2005-03",
            "price": "85.67",
            "revenue": 0
        },
        "2005-04": {
            "month": "2005-04",
            "price": "80.56",
            "revenue": 0
        },
        "2005-05": {
            "month": "2005-05",
            "price": "77.11",
            "revenue": 0
        },
        "2005-06": {
            "month": "2005-06",
            "price": "76.27",
            "revenue": 0
        },
        "2005-07": {
            "month": "2005-07",
            "price": "74.47",
            "revenue": 0
        },
        "2005-08": {
            "month": "2005-08",
            "price": "72.20",
            "revenue": 0
        },
        "2005-09": {
            "month": "2005-09",
            "price": "72.96",
            "revenue": 0
        },
        "2005-10": {
            "month": "2005-10",
            "price": "73.20",
            "revenue": 0
        },
        "2005-11": {
            "month": "2005-11",
            "price": "77.14",
            "revenue": 0
        },
        "2005-12": {
            "month": "2005-12",
            "price": "77.84",
            "revenue": 0
        },
        "2006-01": {
            "month": "2006-01",
            "price": "76.27",
            "revenue": 0
        },
        "2006-02": {
            "month": "2006-02",
            "price": "72.71",
            "revenue": 0
        },
        "2006-03": {
            "month": "2006-03",
            "price": "74.44",
            "revenue": 0
        },
        "2006-04": {
            "month": "2006-04",
            "price": "81.81",
            "revenue": 0
        },
        "2006-05": {
            "month": "2006-05",
            "price": "85.35",
            "revenue": 0
        },
        "2006-06": {
            "month": "2006-06",
            "price": "80.82",
            "revenue": 0
        },
        "2006-07": {
            "month": "2006-07",
            "price": "72.64",
            "revenue": 0
        },
        "2006-08": {
            "month": "2006-08",
            "price": "70.05",
            "revenue": 0
        },
        "2006-09": {
            "month": "2006-09",
            "price": "73.02",
            "revenue": 0
        },
        "2006-10": {
            "month": "2006-10",
            "price": "76.77",
            "revenue": 0
        },
        "2006-11": {
            "month": "2006-11",
            "price": "80.15",
            "revenue": 0
        },
        "2006-12": {
            "month": "2006-12",
            "price": "78.93",
            "revenue": 0
        },
        "2007-01": {
            "month": "2007-01",
            "price": "78.19",
            "revenue": 0
        },
        "2007-02": {
            "month": "2007-02",
            "price": "75.32",
            "revenue": 0
        },
        "2007-03": {
            "month": "2007-03",
            "price": "75.56",
            "revenue": 0
        },
        "2007-04": {
            "month": "2007-04",
            "price": "77.68",
            "revenue": 0
        },
        "2007-05": {
            "month": "2007-05",
            "price": "86.03",
            "revenue": 0
        },
        "2007-06": {
            "month": "2007-06",
            "price": "86.83",
            "revenue": 0
        },
        "2007-07": {
            "month": "2007-07",
            "price": "89.49",
            "revenue": 0
        },
        "2007-08": {
            "month": "2007-08",
            "price": "87.91",
            "revenue": 0
        },
        "2007-09": {
            "month": "2007-09",
            "price": "90.67",
            "revenue": 0
        },
        "2007-10": {
            "month": "2007-10",
            "price": "91.34",
            "revenue": 0
        },
        "2007-11": {
            "month": "2007-11",
            "price": "82.28",
            "revenue": 0
        },
        "2007-12": {
            "month": "2007-12",
            "price": "85.21",
            "revenue": 0
        },
        "2008-01": {
            "month": "2008-01",
            "price": "78.34",
            "revenue": 0
        },
        "2008-02": {
            "month": "2008-02",
            "price": "79.86",
            "revenue": 0
        },
        "2008-03": {
            "month": "2008-03",
            "price": "78.34",
            "revenue": 0
        },
        "2008-04": {
            "month": "2008-04",
            "price": "79.76",
            "revenue": 0
        },
        "2008-05": {
            "month": "2008-05",
            "price": "77.35",
            "revenue": 0
        },
        "2008-06": {
            "month": "2008-06",
            "price": "74.23",
            "revenue": 0
        },
        "2008-07": {
            "month": "2008-07",
            "price": "69.65",
            "revenue": 0
        },
        "2008-08": {
            "month": "2008-08",
            "price": "71.89",
            "revenue": 0
        },
        "2008-09": {
            "month": "2008-09",
            "price": "69.67",
            "revenue": 0
        },
        "2008-10": {
            "month": "2008-10",
            "price": "60.18",
            "revenue": 0
        },
        "2008-11": {
            "month": "2008-11",
            "price": "62.91",
            "revenue": 0
        },
        "2008-12": {
            "month": "2008-12",
            "price": "57.46",
            "revenue": 0
        },
        "2009-01": {
            "month": "2009-01",
            "price": "55.98",
            "revenue": 0
        },
        "2009-02": {
            "month": "2009-02",
            "price": "49.11",
            "revenue": 0
        },
        "2009-03": {
            "month": "2009-03",
            "price": "46.85",
            "revenue": 0
        },
        "2009-04": {
            "month": "2009-04",
            "price": "53.78",
            "revenue": 0
        },
        "2009-05": {
            "month": "2009-05",
            "price": "58.04",
            "revenue": 0
        },
        "2009-06": {
            "month": "2009-06",
            "price": "59.47",
            "revenue": 0
        },
        "2009-07": {
            "month": "2009-07",
            "price": "64.01",
            "revenue": 0
        },
        "2009-08": {
            "month": "2009-08",
            "price": "71.77",
            "revenue": 0
        },
        "2009-09": {
            "month": "2009-09",
            "price": "73.57",
            "revenue": 0
        },
        "2009-10": {
            "month": "2009-10",
            "price": "75.19",
            "revenue": 0
        },
        "2009-11": {
            "month": "2009-11",
            "price": "76.84",
            "revenue": 0
        },
        "2009-12": {
            "month": "2009-12",
            "price": "80.89",
            "revenue": 0
        },
        "2010-01": {
            "month": "2010-01",
            "price": "83.00",
            "revenue": 0
        },
        "2010-02": {
            "month": "2010-02",
            "price": "79.87",
            "revenue": 0
        },
        "2010-03": {
            "month": "2010-03",
            "price": "81.80",
            "revenue": 0
        },
        "2010-04": {
            "month": "2010-04",
            "price": "85.33",
            "revenue": 0
        },
        "2010-05": {
            "month": "2010-05",
            "price": "83.46",
            "revenue": 0
        },
        "2010-06": {
            "month": "2010-06",
            "price": "78.53",
            "revenue": 0
        },
        "2010-07": {
            "month": "2010-07",
            "price": "82.88",
            "revenue": 0
        },
        "2010-08": {
            "month": "2010-08",
            "price": "83.62",
            "revenue": 0
        },
        "2010-09": {
            "month": "2010-09",
            "price": "84.93",
            "revenue": 0
        },
        "2010-10": {
            "month": "2010-10",
            "price": "88.79",
            "revenue": 0
        },
        "2010-11": {
            "month": "2010-11",
            "price": "85.16",
            "revenue": 0
        },
        "2010-12": {
            "month": "2010-12",
            "price": "86.08",
            "revenue": 0
        },
        "2011-01": {
            "month": "2011-01",
            "price": "87.93",
            "revenue": 0
        },
        "2011-02": {
            "month": "2011-02",
            "price": "90.51",
            "revenue": 0
        },
        "2011-03": {
            "month": "2011-03",
            "price": "91.44",
            "revenue": 0
        },
        "2011-04": {
            "month": "2011-04",
            "price": "93.86",
            "revenue": 0
        },
        "2011-05": {
            "month": "2011-05",
            "price": "94.75",
            "revenue": 0
        },
        "2011-06": {
            "month": "2011-06",
            "price": "91.92",
            "revenue": 0
        },
        "2011-07": {
            "month": "2011-07",
            "price": "94.34",
            "revenue": 0
        },
        "2011-08": {
            "month": "2011-08",
            "price": "81.28",
            "revenue": 0
        },
        "2011-09": {
            "month": "2011-09",
            "price": "77.39",
            "revenue": 0
        },
        "2011-10": {
            "month": "2011-10",
            "price": "77.19",
            "revenue": 0
        },
        "2011-11": {
            "month": "2011-11",
            "price": "79.39",
            "revenue": 0
        },
        "2011-12": {
            "month": "2011-12",
            "price": "80.62",
            "revenue": 0
        },
        "2012-01": {
            "month": "2012-01",
            "price": "85.13",
            "revenue": 0
        },
        "2012-02": {
            "month": "2012-02",
            "price": "87.71",
            "revenue": 0
        },
        "2012-03": {
            "month": "2012-03",
            "price": "88.20",
            "revenue": 0
        },
        "2012-04": {
            "month": "2012-04",
            "price": "87.48",
            "revenue": 0
        },
        "2012-05": {
            "month": "2012-05",
            "price": "86.20",
            "revenue": 0
        },
        "2012-06": {
            "month": "2012-06",
            "price": "86.13",
            "revenue": 0
        },
        "2012-07": {
            "month": "2012-07",
            "price": "89.36",
            "revenue": 0
        },
        "2012-08": {
            "month": "2012-08",
            "price": "92.31",
            "revenue": 0
        },
        "2012-09": {
            "month": "2012-09",
            "price": "92.64",
            "revenue": 0
        },
        "2012-10": {
            "month": "2012-10",
            "price": "92.42",
            "revenue": 0
        },
        "2012-11": {
            "month": "2012-11",
            "price": "89.44",
            "revenue": 0
        },
        "2012-12": {
            "month": "2012-12",
            "price": "92.39",
            "revenue": 0
        },
        "2013-01": {
            "month": "2013-01",
            "price": "97.96",
            "revenue": 0
        },
        "2013-02": {
            "month": "2013-02",
            "price": "102.71",
            "revenue": 0
        },
        "2013-03": {
            "month": "2013-03",
            "price": "105.27",
            "revenue": 0
        },
        "2013-04": {
            "month": "2013-04",
            "price": "105.96",
            "revenue": 0
        },
        "2013-05": {
            "month": "2013-05",
            "price": "109.89",
            "revenue": 0
        },
        "2013-06": {
            "month": "2013-06",
            "price": "110.06",
            "revenue": 0
        },
        "2013-07": {
            "month": "2013-07",
            "price": "114.40",
            "revenue": 0
        },
        "2013-08": {
            "month": "2013-08",
            "price": "116.08",
            "revenue": 0
        },
        "2013-09": {
            "month": "2013-09",
            "price": "118.60",
            "revenue": 0
        },
        "2013-10": {
            "month": "2013-10",
            "price": "121.60",
            "revenue": 0
        },
        "2013-11": {
            "month": "2013-11",
            "price": "129.28",
            "revenue": 0
        },
        "2013-12": {
            "month": "2013-12",
            "price": "131.96",
            "revenue": 0
        },
        "2014-01": {
            "month": "2014-01",
            "price": "134.80",
            "revenue": 0
        },
        "2014-02": {
            "month": "2014-02",
            "price": "130.69",
            "revenue": 0
        },
        "2014-03": {
            "month": "2014-03",
            "price": "132.87",
            "revenue": 0
        },
        "2014-04": {
            "month": "2014-04",
            "price": "136.20",
            "revenue": 0
        },
        "2014-05": {
            "month": "2014-05",
            "price": "141.19",
            "revenue": 0
        },
        "2014-06": {
            "month": "2014-06",
            "price": "143.78",
            "revenue": 0
        },
        "2014-07": {
            "month": "2014-07",
            "price": "144.58",
            "revenue": 0
        },
        "2014-08": {
            "month": "2014-08",
            "price": "142.41",
            "revenue": 0
        },
        "2014-09": {
            "month": "2014-09",
            "price": "144.29",
            "revenue": 0
        },
        "2014-10": {
            "month": "2014-10",
            "price": "141.40",
            "revenue": 0
        },
        "2014-11": {
            "month": "2014-11",
            "price": "157.89",
            "revenue": 0
        },
        "2014-12": {
            "month": "2014-12",
            "price": "162.42",
            "revenue": 0
        },
        "2015-01": {
            "month": "2015-01",
            "price": "162.28",
            "revenue": 0
        },
        "2015-02": {
            "month": "2015-02",
            "price": "166.81",
            "revenue": 0
        },
        "2015-03": {
            "month": "2015-03",
            "price": "165.31",
            "revenue": 0
        },
        "2015-04": {
            "month": "2015-04",
            "price": "163.07",
            "revenue": 0
        },
        "2015-05": {
            "month": "2015-05",
            "price": "160.53",
            "revenue": 0
        },
        "2015-06": {
            "month": "2015-06",
            "price": "157.74",
            "revenue": 0
        },
        "2015-07": {
            "month": "2015-07",
            "price": "153.97",
            "revenue": 0
        },
        "2015-08": {
            "month": "2015-08",
            "price": "146.27",
            "revenue": 0
        },
        "2015-09": {
            "month": "2015-09",
            "price": "140.64",
            "revenue": 0
        },
        "2015-10": {
            "month": "2015-10",
            "price": "150.60",
            "revenue": 0
        },
        "2015-11": {
            "month": "2015-11",
            "price": "158.02",
            "revenue": 0
        },
        "2015-12": {
            "month": "2015-12",
            "price": "152.96",
            "revenue": 0
        },
        "2016-01": {
            "month": "2016-01",
            "price": "142.05",
            "revenue": 0
        },
        "2016-02": {
            "month": "2016-02",
            "price": "154.62",
            "revenue": 0
        },
        "2016-03": {
            "month": "2016-03",
            "price": "162.72",
            "revenue": 0
        },
        "2016-04": {
            "month": "2016-04",
            "price": "167.75",
            "revenue": 0
        },
        "2016-05": {
            "month": "2016-05",
            "price": "168.20",
            "revenue": 0
        },
        "2016-06": {
            "month": "2016-06",
            "price": "169.91",
            "revenue": 0
        },
        "2016-07": {
            "month": "2016-07",
            "price": "178.67",
            "revenue": 0
        },
        "2016-08": {
            "month": "2016-08",
            "price": "179.31",
            "revenue": 0
        },
        "2016-09": {
            "month": "2016-09",
            "price": "177.66",
            "revenue": 0
        },
        "2016-10": {
            "month": "2016-10",
            "price": "169.68",
            "revenue": 0
        },
        "2016-11": {
            "month": "2016-11",
            "price": "171.18",
            "revenue": 0
        },
        "2016-12": {
            "month": "2016-12",
            "price": "176.89",
            "revenue": 0
        },
        "2017-01": {
            "month": "2017-01",
            "price": "177.38",
            "revenue": 0
        },
        "2017-02": {
            "month": "2017-02",
            "price": "180.92",
            "revenue": 0
        },
        "2017-03": {
            "month": "2017-03",
            "price": "190.83",
            "revenue": 0
        },
        "2017-04": {
            "month": "2017-04",
            "price": "191.50",
            "revenue": 0
        },
        "2017-05": {
            "month": "2017-05",
            "price": "198.03",
            "revenue": 0
        },
        "2017-06": {
            "month": "2017-06",
            "price": "209.33",
            "revenue": 0
        },
        "2017-07": {
            "month": "2017-07",
            "price": "207.98",
            "revenue": 0
        },
        "2017-08": {
            "month": "2017-08",
            "price": "205.13",
            "revenue": 0
        },
        "2017-09": {
            "month": "2017-09",
            "price": "209.00",
            "revenue": 0
        },
        "2017-10": {
            "month": "2017-10",
            "price": "221.83",
            "revenue": 0
        },
        "2017-11": {
            "month": "2017-11",
            "price": "231.61",
            "revenue": 0
        },
        "2017-12": {
            "month": "2017-12",
            "price": "237.64",
            "revenue": 0
        },
        "2018-01": {
            "month": "2018-01",
            "price": "245.56",
            "revenue": 0
        },
        "2018-02": {
            "month": "2018-02",
            "price": "234.96",
            "revenue": 0
        },
        "2018-03": {
            "month": "2018-03",
            "price": "230.24",
            "revenue": 0
        },
        "2018-04": {
            "month": "2018-04",
            "price": "211.95",
            "revenue": 0
        },
        "2018-05": {
            "month": "2018-05",
            "price": "199.88",
            "revenue": 0
        },
        "2018-06": {
            "month": "2018-06",
            "price": "200.69",
            "revenue": 0
        },
        "2018-07": {
            "month": "2018-07",
            "price": "201.52",
            "revenue": 0
        },
        "2018-08": {
            "month": "2018-08",
            "price": "205.68",
            "revenue": 0
        },
        "2018-09": {
            "month": "2018-09",
            "price": "211.36",
            "revenue": 0
        },
        "2018-10": {
            "month": "2018-10",
            "price": "200.49",
            "revenue": 0
        },
        "2018-11": {
            "month": "2018-11",
            "price": "200.30",
            "revenue": 0
        },
        "2018-12": {
            "month": "2018-12",
            "price": "194.19",
            "revenue": 0
        },
        "2019-01": {
            "month": "2019-01",
            "price": "192.74",
            "revenue": 0
        },
        "2019-02": {
            "month": "2019-02",
            "price": "205.48",
            "revenue": 0
        },
        "2019-03": {
            "month": "2019-03",
            "price": "206.23",
            "revenue": 0
        },
        "2019-04": {
            "month": "2019-04",
            "price": "210.77",
            "revenue": 0
        },
        "2019-05": {
            "month": "2019-05",
            "price": "172.39",
            "revenue": 0
        },
        "2019-06": {
            "month": "2019-06",
            "price": "169.00",
            "revenue": 0
        },
        "2019-07": {
            "month": "2019-07",
            "price": "173.68",
            "revenue": 0
        },
        "2019-08": {
            "month": "2019-08",
            "price": "161.87",
            "revenue": 0
        },
        "2019-09": {
            "month": "2019-09",
            "price": "165.95",
            "revenue": 0
        },
        "2019-10": {
            "month": "2019-10",
            "price": "161.07",
            "revenue": 0
        },
        "2019-11": {
            "month": "2019-11",
            "price": "170.89",
            "revenue": 0
        },
        "2019-12": {
            "month": "2019-12",
            "price": "171.36",
            "revenue": 0
        },
        "2020-01": {
            "month": "2020-01",
            "price": "176.16",
            "revenue": 0
        },
        "2020-02": {
            "month": "2020-02",
            "price": "157.25",
            "revenue": 0
        },
        "2020-03": {
            "month": "2020-03",
            "price": "139.44",
            "revenue": 0
        },
        "2020-04": {
            "month": "2020-04",
            "price": "145.70",
            "revenue": 0
        },
        "2020-05": {
            "month": "2020-05",
            "price": "147.30",
            "revenue": 0
        },
        "2020-06": {
            "month": "2020-06",
            "price": "158.57",
            "revenue": 0
        },
        "2020-07": {
            "month": "2020-07",
            "price": "156.67",
            "revenue": 0
        },
        "2020-08": {
            "month": "2020-08",
            "price": "161.59",
            "revenue": 0
        },
        "2020-09": {
            "month": "2020-09",
            "price": "164.60",
            "revenue": 0
        },
        "2020-10": {
            "month": "2020-10",
            "price": "165.71",
            "revenue": 0
        },
        "2020-11": {
            "month": "2020-11",
            "price": "169.74",
            "revenue": 0
        },
        "2020-12": {
            "month": "2020-12",
            "price": "173.85",
            "revenue": 0
        },
        "2021-01": {
            "month": "2021-01",
            "price": "171.32",
            "revenue": 0
        },
        "2021-02": {
            "month": "2021-02",
            "price": "177.52",
            "revenue": 0
        },
        "2021-03": {
            "month": "2021-03",
            "price": "186.64",
            "revenue": 0
        },
        "2021-04": {
            "month": "2021-04",
            "price": "197.40",
            "revenue": 0
        },
        "2021-05": {
            "month": "2021-05",
            "price": "202.45",
            "revenue": 0
        },
        "2021-06": {
            "month": "2021-06",
            "price": "199.08",
            "revenue": 0
        },
        "2021-07": {
            "month": "2021-07",
            "price": "199.74",
            "revenue": 0
        },
        "2021-08": {
            "month": "2021-08",
            "price": "197.51",
            "revenue": 0
        },
        "2021-09": {
            "month": "2021-09",
            "price": "183.90",
            "revenue": 0
        },
        "2021-10": {
            "month": "2021-10",
            "price": "179.32",
            "revenue": 0
        },
        "2021-11": {
            "month": "2021-11",
            "price": "180.09",
            "revenue": 0
        },
        "2021-12": {
            "month": "2021-12",
            "price": "175.26",
            "revenue": 0
        },
        "2022-01": {
            "month": "2022-01",
            "price": "175.45",
            "revenue": 0
        },
        "2022-02": {
            "month": "2022-02",
            "price": "156.15",
            "revenue": 0
        },
        "2022-03": {
            "month": "2022-03",
            "price": "147.13",
            "revenue": 0
        },
        "2022-04": {
            "month": "2022-04",
            "price": "148.46",
            "revenue": 0
        },
        "2022-05": {
            "month": "2022-05",
            "price": "148.49",
            "revenue": 0
        },
        "2022-06": {
            "month": "2022-06",
            "price": "136.90",
            "revenue": 0
        },
        "2022-07": {
            "month": "2022-07",
            "price": "132.59",
            "revenue": 0
        },
        "2022-08": {
            "month": "2022-08",
            "price": "142.81",
            "revenue": 0
        },
        "2022-09": {
            "month": "2022-09",
            "price": "117.13",
            "revenue": 0
        },
        "2022-10": {
            "month": "2022-10",
            "price": "115.50",
            "revenue": 0
        },
        "2022-11": {
            "month": "2022-11",
            "price": "126.99",
            "revenue": 0
        },
        "2022-12": {
            "month": "2022-12",
            "price": "123.42",
            "revenue": 0
        },
        "2023-01": {
            "month": "2023-01",
            "price": "121.78",
            "revenue": 0
        },
        "2023-02": {
            "month": "2023-02",
            "price": "113.12",
            "revenue": 0
        },
        "2023-03": {
            "month": "2023-03",
            "price": "104.70",
            "revenue": 0
        },
        "2023-04": {
            "month": "2023-04",
            "price": "104.55",
            "revenue": 0
        },
        "2023-05": {
            "month": "2023-05",
            "price": "100.09",
            "revenue": 0
        },
        "2023-06": {
            "month": "2023-06",
            "price": "100.50",
            "revenue": 0
        },
        "2023-07": {
            "month": "2023-07",
            "price": "103.87",
            "revenue": 0
        },
        "2023-08": {
            "month": "2023-08",
            "price": "103.32",
            "revenue": 0
        },
        "2023-09": {
            "month": "2023-09",
            "price": "100.78",
            "revenue": 0
        },
        "2023-10": {
            "month": "2023-10",
            "price": "88.88",
            "revenue": 0
        },
        "2023-11": {
            "month": "2023-11",
            "price": "94.72",
            "revenue": 0
        },
        "2023-12": {
            "month": "2023-12",
            "price": "105.09",
            "revenue": 0
        }
    }
}
