{
    "summary": {
        "stock_name": "Marvell Technology Inc",
        "stock_id": "MRVL",
        "category": "Business Services",
        "main_business": "Marvell Technology, Inc.於2020年10月23日在特拉華州註冊成立。該公司是全球最大的Fabless模式半導體供應商之一，提供高效能應用標準的產品。該公司的專業核心競爭力在於充分利用其在模擬，混合訊號，數字訊號處理和嵌入式及獨立式的基於ARM的微處理器積體電路等領域的智慧財產權的技術組合，研發複雜的系統單晶片元件。該公司的產品組合廣泛，包括資料儲存裝置，企業級乙太網資料轉換，無線網路，個人區域網，基於乙太網的PC連線，控制面通訊控制器，影片影象處理和功率管理解決方案。",
        "website_url": "https://www.marvell.com/",
        "ceo": "Matthew J. Murphy",
        "pe_ratio": -152,
        "report_year_from": 2001,
        "report_year_to": 2024,
        "age": 23,
        "eps_negative_percentage": 33,
        "eps_growth_avg": {
            "last_all": -8.15,
            "last_2y": -100,
            "last_4y": -100,
            "last_8y": -35.07,
            "last_12y": -13.28,
            "last_16y": -16.42,
            "last_20y": -8.69,
            "at_2006_last_3y": 22.22,
            "at_2007_last_3y": 29.72,
            "at_2008_last_3y": -2.71,
            "at_2009_last_3y": -36.94,
            "at_2010_last_3y": -25.83,
            "at_2011_last_3y": 33.33,
            "at_2012_last_3y": 58.02,
            "at_2013_last_3y": 32.02,
            "at_2014_last_3y": 13.96,
            "at_2015_last_3y": -4.88,
            "at_2016_last_3y": -23.4,
            "at_2017_last_3y": -15.86,
            "at_2018_last_3y": 8.21,
            "at_2019_last_3y": -33.33,
            "at_2020_last_3y": 0,
            "at_2021_last_3y": -33.33,
            "at_2022_last_3y": -100,
            "at_2023_last_3y": -100,
            "at_2024_last_3y": -100,
            "at_2006_last_all": 16.67,
            "at_2007_last_all": -2.17,
            "at_2008_last_all": -18.47,
            "at_2009_last_all": -18.47,
            "at_2010_last_all": -1.55,
            "at_2011_last_all": 11.15,
            "at_2012_last_all": 7.03,
            "at_2013_last_all": 1.72,
            "at_2014_last_all": 4.09,
            "at_2015_last_all": 5.8,
            "at_2016_last_all": -2.33,
            "at_2017_last_all": -2.33,
            "at_2018_last_all": 4.98,
            "at_2019_last_all": -2.02,
            "at_2020_last_all": -2.02,
            "at_2021_last_all": -8.15,
            "at_2022_last_all": -8.15,
            "at_2023_last_all": -8.15,
            "at_2024_last_all": -8.15
        },
        "latest_eps": -0.56,
        "latest_price": 85.09,
        "latest_roe": -3.6,
        "latest_gross_margin": 38.86,
        "latest_equity": 15233400,
        "latest_revenue": 1418600,
        "latest_gross_profit": 551200,
        "latest_net_income": -164300,
        "latest_debt_ratio": 29.85,
        "latest_current_ratio": 158.18,
        "latest_account_receivable_turnover_ratio": 1.17,
        "latest_inventory_turnover_ratio": 0.89,
        "latest_reinvestment_rate": 119.87,
        "latest_research_to_sale_ratio": 33.91
    },
    "eps_dividends": {
        "2001": {
            "cash": 0,
            "stock": 0,
            "eps": 0.01
        },
        "2002": {
            "cash": 0,
            "stock": 0,
            "eps": 0.01
        },
        "2003": {
            "cash": 0,
            "stock": 0,
            "eps": -0.12
        },
        "2004": {
            "cash": 0,
            "stock": 0,
            "eps": 0.08
        },
        "2005": {
            "cash": 0,
            "stock": 0,
            "eps": 0.24
        },
        "2006": {
            "cash": 0,
            "stock": 0,
            "eps": 0.4
        },
        "2007": {
            "cash": 0,
            "stock": 0,
            "eps": 0.09
        },
        "2008": {
            "cash": 0,
            "stock": 0,
            "eps": -0.19
        },
        "2009": {
            "cash": 0,
            "stock": 0,
            "eps": 0.23
        },
        "2010": {
            "cash": 0,
            "stock": 0,
            "eps": 0.6
        },
        "2011": {
            "cash": 0,
            "stock": 0,
            "eps": 1.35
        },
        "2012": {
            "cash": 0.18,
            "stock": 0,
            "eps": 1
        },
        "2013": {
            "cash": 0.24,
            "stock": 0,
            "eps": 0.54
        },
        "2014": {
            "cash": 0.18,
            "stock": 0,
            "eps": 0.69
        },
        "2015": {
            "cash": 0.24,
            "stock": 0,
            "eps": 0.86
        },
        "2016": {
            "cash": 0.18,
            "stock": 0,
            "eps": -0.67
        },
        "2017": {
            "cash": 0.18,
            "stock": 0,
            "eps": 0.26
        },
        "2018": {
            "cash": 0.24,
            "stock": 0,
            "eps": 0.96
        },
        "2019": {
            "cash": 0.24,
            "stock": 0,
            "eps": -0.05
        },
        "2020": {
            "cash": 0.24,
            "stock": 0,
            "eps": 2.34
        },
        "2021": {
            "cash": 0.24,
            "stock": 0,
            "eps": -0.19
        },
        "2022": {
            "cash": 0.24,
            "stock": 0,
            "eps": -0.45
        },
        "2023": {
            "cash": 0.24,
            "stock": 0,
            "eps": -0.11
        },
        "2024": {
            "cash": 0.06,
            "stock": 0,
            "eps": -0.55
        }
    },
    "dividends": {
        "2012-07-11": {
            "cash": 0.06,
            "stock": 0
        },
        "2012-10-04": {
            "cash": 0.06,
            "stock": 0
        },
        "2012-12-21": {
            "cash": 0.06,
            "stock": 0
        },
        "2013-04-04": {
            "cash": 0.06,
            "stock": 0
        },
        "2013-07-03": {
            "cash": 0.06,
            "stock": 0
        },
        "2013-10-03": {
            "cash": 0.06,
            "stock": 0
        },
        "2013-12-23": {
            "cash": 0.06,
            "stock": 0
        },
        "2014-07-02": {
            "cash": 0.06,
            "stock": 0
        },
        "2014-10-02": {
            "cash": 0.06,
            "stock": 0
        },
        "2014-12-29": {
            "cash": 0.06,
            "stock": 0
        },
        "2015-04-02": {
            "cash": 0.06,
            "stock": 0
        },
        "2015-07-01": {
            "cash": 0.06,
            "stock": 0
        },
        "2015-10-22": {
            "cash": 0.06,
            "stock": 0
        },
        "2015-12-29": {
            "cash": 0.06,
            "stock": 0
        },
        "2016-04-22": {
            "cash": 0.06,
            "stock": 0
        },
        "2016-07-12": {
            "cash": 0.06,
            "stock": 0
        },
        "2016-12-28": {
            "cash": 0.06,
            "stock": 0
        },
        "2017-04-20": {
            "cash": 0.06,
            "stock": 0
        },
        "2017-07-21": {
            "cash": 0.06,
            "stock": 0
        },
        "2017-10-26": {
            "cash": 0.06,
            "stock": 0
        },
        "2018-01-16": {
            "cash": 0.06,
            "stock": 0
        },
        "2018-04-18": {
            "cash": 0.06,
            "stock": 0
        },
        "2018-07-31": {
            "cash": 0.06,
            "stock": 0
        },
        "2018-10-23": {
            "cash": 0.06,
            "stock": 0
        },
        "2019-01-15": {
            "cash": 0.06,
            "stock": 0
        },
        "2019-04-24": {
            "cash": 0.06,
            "stock": 0
        },
        "2019-07-31": {
            "cash": 0.06,
            "stock": 0
        },
        "2019-10-30": {
            "cash": 0.06,
            "stock": 0
        },
        "2020-01-16": {
            "cash": 0.06,
            "stock": 0
        },
        "2020-04-22": {
            "cash": 0.06,
            "stock": 0
        },
        "2020-07-29": {
            "cash": 0.06,
            "stock": 0
        },
        "2020-10-28": {
            "cash": 0.06,
            "stock": 0
        },
        "2021-01-14": {
            "cash": 0.06,
            "stock": 0
        },
        "2021-04-28": {
            "cash": 0.06,
            "stock": 0
        },
        "2021-07-28": {
            "cash": 0.06,
            "stock": 0
        },
        "2021-10-27": {
            "cash": 0.06,
            "stock": 0
        },
        "2022-01-26": {
            "cash": 0.06,
            "stock": 0
        },
        "2022-04-27": {
            "cash": 0.06,
            "stock": 0
        },
        "2022-07-27": {
            "cash": 0.06,
            "stock": 0
        },
        "2022-10-27": {
            "cash": 0.06,
            "stock": 0
        },
        "2023-01-26": {
            "cash": 0.06,
            "stock": 0
        },
        "2023-04-27": {
            "cash": 0.06,
            "stock": 0
        },
        "2023-07-27": {
            "cash": 0.06,
            "stock": 0
        },
        "2023-10-26": {
            "cash": 0.06,
            "stock": 0
        },
        "2024-01-25": {
            "cash": 0.06,
            "stock": 0
        }
    },
    "prices": {
        "200101": "7.15",
        "200102": "7.12",
        "200103": "4.37",
        "200104": "4.12",
        "200105": "6.96",
        "200106": "6.05",
        "200107": "6.72",
        "200108": "7.21",
        "200109": "4.89",
        "200110": "5.26",
        "200111": "7.55",
        "200112": "9.07",
        "200201": "10.26",
        "200202": "8.93",
        "200203": "9.92",
        "200204": "9.91",
        "200205": "8.85",
        "200206": "5.97",
        "200207": "5.17",
        "200208": "4.59",
        "200209": "4.63",
        "200210": "3.79",
        "200211": "5.20",
        "200212": "5.07",
        "200301": "5.03",
        "200302": "4.73",
        "200303": "4.96",
        "200304": "5.52",
        "200305": "6.90",
        "200306": "8.06",
        "200307": "9.12",
        "200308": "9.38",
        "200309": "9.94",
        "200310": "10.54",
        "200311": "10.60",
        "200312": "9.37",
        "200401": "10.48",
        "200402": "10.68",
        "200403": "10.58",
        "200404": "11.20",
        "200405": "10.41",
        "200406": "12.22",
        "200407": "11.66",
        "200408": "11.21",
        "200409": "12.78",
        "200410": "14.29",
        "200411": "14.85",
        "200412": "17.30",
        "200501": "16.78",
        "200502": "17.76",
        "200503": "18.55",
        "200504": "17.53",
        "200505": "18.57",
        "200506": "19.76",
        "200507": "20.81",
        "200508": "22.43",
        "200509": "22.89",
        "200510": "22.29",
        "200511": "25.86",
        "200512": "29.03",
        "200601": "32.02",
        "200602": "32.55",
        "200603": "28.90",
        "200604": "28.79",
        "200605": "26.57",
        "200606": "24.37",
        "200607": "19.06",
        "200608": "18.16",
        "200609": "19.11",
        "200610": "17.22",
        "200611": "19.52",
        "200612": "19.99",
        "200701": "19.34",
        "200702": "19.14",
        "200703": "18.26",
        "200704": "16.85",
        "200705": "16.70",
        "200706": "16.95",
        "200707": "18.65",
        "200708": "16.90",
        "200709": "16.33",
        "200710": "17.14",
        "200711": "17.00",
        "200712": "14.60",
        "200801": "11.50",
        "200802": "11.36",
        "200803": "11.22",
        "200804": "11.62",
        "200805": "14.16",
        "200806": "17.06",
        "200807": "15.57",
        "200808": "15.35",
        "200809": "11.07",
        "200810": "7.29",
        "200811": "5.94",
        "200812": "6.38",
        "200901": "6.81",
        "200902": "7.61",
        "200903": "8.59",
        "200904": "10.16",
        "200905": "11.10",
        "200906": "11.81",
        "200907": "12.78",
        "200908": "14.01",
        "200909": "15.92",
        "200910": "15.12",
        "200911": "15.32",
        "200912": "19.00",
        "201001": "20.04",
        "201002": "19.08",
        "201003": "20.37",
        "201004": "21.44",
        "201005": "19.03",
        "201006": "18.07",
        "201007": "16.41",
        "201008": "15.40",
        "201009": "17.34",
        "201010": "17.36",
        "201011": "19.79",
        "201012": "19.26",
        "201101": "20.09",
        "201102": "19.19",
        "201103": "16.13",
        "201104": "15.79",
        "201105": "14.77",
        "201106": "14.41",
        "201107": "15.06",
        "201108": "12.96",
        "201109": "14.45",
        "201110": "14.41",
        "201111": "14.11",
        "201112": "13.87",
        "201201": "15.35",
        "201202": "16.04",
        "201203": "15.38",
        "201204": "15.20",
        "201205": "13.51",
        "201206": "11.76",
        "201207": "10.89",
        "201208": "11.08",
        "201209": "9.96",
        "201210": "8.57",
        "201211": "7.95",
        "201212": "8.28",
        "201301": "8.62",
        "201302": "9.57",
        "201303": "10.47",
        "201304": "10.27",
        "201305": "11.10",
        "201306": "11.18",
        "201307": "11.98",
        "201308": "12.72",
        "201309": "12.31",
        "201310": "11.59",
        "201311": "13.56",
        "201312": "13.64",
        "201401": "14.94",
        "201402": "15.16",
        "201403": "15.75",
        "201404": "15.72",
        "201405": "15.54",
        "201406": "14.92",
        "201407": "14.08",
        "201408": "13.39",
        "201409": "13.82",
        "201410": "12.76",
        "201411": "13.56",
        "201412": "14.45",
        "201501": "15.43",
        "201502": "16.20",
        "201503": "15.81",
        "201504": "14.82",
        "201505": "14.06",
        "201506": "14.14",
        "201507": "12.72",
        "201508": "11.86",
        "201509": "9.54",
        "201510": "9.11",
        "201511": "8.66",
        "201512": "8.74",
        "201601": "8.27",
        "201602": "9.09",
        "201603": "10.15",
        "201604": "10.27",
        "201605": "9.79",
        "201606": "9.96",
        "201607": "10.55",
        "201608": "11.80",
        "201609": "12.81",
        "201610": "13.05",
        "201611": "13.58",
        "201612": "14.22",
        "201701": "14.46",
        "201702": "15.76",
        "201703": "15.91",
        "201704": "14.97",
        "201705": "15.93",
        "201706": "17.44",
        "201707": "16.16",
        "201708": "16.03",
        "201709": "17.85",
        "201710": "18.40",
        "201711": "20.97",
        "201712": "21.99",
        "201801": "23.30",
        "201802": "22.45",
        "201803": "22.90",
        "201804": "21.04",
        "201805": "21.47",
        "201806": "21.51",
        "201807": "21.67",
        "201808": "20.84",
        "201809": "19.00",
        "201810": "17.85",
        "201811": "16.21",
        "201812": "15.42",
        "201901": "17.15",
        "201902": "19.20",
        "201903": "19.78",
        "201904": "23.27",
        "201905": "22.98",
        "201906": "23.86",
        "201907": "25.72",
        "201908": "24.49",
        "201909": "25.05",
        "201910": "24.05",
        "201911": "26.69",
        "201912": "25.46",
        "202001": "26.66",
        "202002": "24.18",
        "202003": "21.24",
        "202004": "25.28",
        "202005": "27.75",
        "202006": "34.48",
        "202007": "36.20",
        "202008": "35.43",
        "202009": "38.74",
        "202010": "41.56",
        "202011": "42.62",
        "202012": "45.59",
        "202101": "51.00",
        "202102": "50.78",
        "202103": "45.88",
        "202104": "48.03",
        "202105": "45.16",
        "202106": "53.05",
        "202107": "57.40",
        "202108": "60.70",
        "202109": "61.70",
        "202110": "65.11",
        "202111": "72.55",
        "202112": "85.88",
        "202201": "77.79",
        "202202": "70.48",
        "202203": "68.34",
        "202204": "62.71",
        "202205": "56.47",
        "202206": "51.16",
        "202207": "48.94",
        "202208": "53.41",
        "202209": "45.77",
        "202210": "40.62",
        "202211": "41.82",
        "202212": "40.01",
        "202301": "39.85",
        "202302": "45.34",
        "202303": "41.40",
        "202304": "39.82",
        "202305": "45.18",
        "202306": "60.09",
        "202307": "63.02",
        "202308": "59.33",
        "202309": "54.69",
        "202310": "51.47",
        "202311": "53.95",
        "202312": "56.86"
    },
    "quarters": {
        "20014": {
            "year_quarter": 20014,
            "year": 2001,
            "quarter": 4,
            "eps": 0.01,
            "eps_growth_year": 4.58,
            "eps_4q": 0.02,
            "eps_4q_growth_year": -44.2,
            "roe": -19.2,
            "roe_4q": -19.2,
            "gross_profit": 24055,
            "gross_margin": 52.47,
            "gross_margin_4q_avg": 52.47,
            "net_income": -239610,
            "net_income_4q": null,
            "revenue": 45843,
            "revenue_4q": null,
            "common_shares": 231,
            "book_valuer_per_share": 0.55,
            "book_valuer_per_share_4q_avg": 0.55,
            "equity": 2356666,
            "current_ratio": 344.6,
            "debt_ratio": 3.71,
            "inventory_turnover_ratio": 1.07,
            "account_receivable_turnover_ratio": 1.51,
            "reinvestment_rate": null,
            "research_to_sale_ratio": 25.71,
            "price_fair": 0,
            "eps_avg_yearly": 0,
            "eps_latest_yearly": 0,
            "eps_growth_yearly": 0
        },
        "20021": {
            "year_quarter": 20021,
            "year": 2002,
            "quarter": 1,
            "eps": -0,
            "eps_growth_year": -116.72,
            "eps_4q": 0.02,
            "eps_4q_growth_year": -61.55,
            "roe": -4.55,
            "roe_4q": -23.75,
            "gross_profit": 34069,
            "gross_margin": 53.04,
            "gross_margin_4q_avg": 52.76,
            "net_income": -104966,
            "net_income_4q": null,
            "revenue": 64230,
            "revenue_4q": null,
            "common_shares": 231,
            "book_valuer_per_share": 0.56,
            "book_valuer_per_share_4q_avg": 0.56,
            "equity": 2256762,
            "current_ratio": 476.57,
            "debt_ratio": 2.59,
            "inventory_turnover_ratio": 1.09,
            "account_receivable_turnover_ratio": 1.7,
            "reinvestment_rate": null,
            "research_to_sale_ratio": 31.24,
            "price_fair": 0,
            "eps_avg_yearly": 0,
            "eps_latest_yearly": 0,
            "eps_growth_yearly": 0
        },
        "20022": {
            "year_quarter": 20022,
            "year": 2002,
            "quarter": 2,
            "eps": -0,
            "eps_growth_year": -187.28,
            "eps_4q": 0.01,
            "eps_4q_growth_year": -64.27,
            "roe": -4.76,
            "roe_4q": -28.509999999999998,
            "gross_profit": 37230,
            "gross_margin": 54.23,
            "gross_margin_4q_avg": 53.25,
            "net_income": -105197,
            "net_income_4q": null,
            "revenue": 68649,
            "revenue_4q": null,
            "common_shares": 233,
            "book_valuer_per_share": 0.59,
            "book_valuer_per_share_4q_avg": 0.57,
            "equity": 2165509,
            "current_ratio": 469.11,
            "debt_ratio": 3.06,
            "inventory_turnover_ratio": 1.28,
            "account_receivable_turnover_ratio": 1.8,
            "reinvestment_rate": null,
            "research_to_sale_ratio": 31.82,
            "price_fair": 0,
            "eps_avg_yearly": 0,
            "eps_latest_yearly": 0,
            "eps_growth_yearly": 0
        },
        "20023": {
            "year_quarter": 20023,
            "year": 2002,
            "quarter": 3,
            "eps": -0,
            "eps_growth_year": -128.94,
            "eps_4q": 0.01,
            "eps_4q_growth_year": -72.8,
            "roe": -4.97,
            "roe_4q": -33.480000000000004,
            "gross_profit": 39609,
            "gross_margin": 54.18,
            "gross_margin_4q_avg": 53.48,
            "net_income": -105121,
            "net_income_4q": null,
            "revenue": 73100,
            "revenue_4q": null,
            "common_shares": 234,
            "book_valuer_per_share": 0.6,
            "book_valuer_per_share_4q_avg": 0.58,
            "equity": 2066712,
            "current_ratio": 453.94,
            "debt_ratio": 3.33,
            "inventory_turnover_ratio": 1.35,
            "account_receivable_turnover_ratio": 1.74,
            "reinvestment_rate": null,
            "research_to_sale_ratio": 32.93,
            "price_fair": 0,
            "eps_avg_yearly": 0,
            "eps_latest_yearly": 0,
            "eps_growth_yearly": 0
        },
        "20024": {
            "year_quarter": 20024,
            "year": 2002,
            "quarter": 4,
            "eps": 0.01,
            "eps_growth_year": 1.53,
            "eps_4q": 0.01,
            "eps_4q_growth_year": -72.65,
            "roe": -4.92,
            "roe_4q": -19.2,
            "gross_profit": 47080,
            "gross_margin": 56.85,
            "gross_margin_4q_avg": 54.58,
            "net_income": -99870,
            "net_income_4q": null,
            "revenue": 82816,
            "revenue_4q": null,
            "common_shares": 238,
            "book_valuer_per_share": 0.65,
            "book_valuer_per_share_4q_avg": 0.6,
            "equity": 1989727,
            "current_ratio": 401.59,
            "debt_ratio": 4.85,
            "inventory_turnover_ratio": 1.47,
            "account_receivable_turnover_ratio": 1.88,
            "reinvestment_rate": null,
            "research_to_sale_ratio": 33.13,
            "price_fair": 0,
            "eps_avg_yearly": 0,
            "eps_latest_yearly": 0,
            "eps_growth_yearly": 0
        },
        "20031": {
            "year_quarter": 20031,
            "year": 2003,
            "quarter": 1,
            "eps": -0.04,
            "eps_growth_year": null,
            "eps_4q": -0.03,
            "eps_4q_growth_year": -323.7,
            "roe": -1.56,
            "roe_4q": -16.21,
            "gross_profit": 55020,
            "gross_margin": 55.69,
            "gross_margin_4q_avg": 55.24,
            "net_income": -30934,
            "net_income_4q": null,
            "revenue": 98800,
            "revenue_4q": null,
            "common_shares": 239,
            "book_valuer_per_share": 0.65,
            "book_valuer_per_share_4q_avg": 0.62,
            "equity": 1969444,
            "current_ratio": 328.78,
            "debt_ratio": 5.99,
            "inventory_turnover_ratio": 1.92,
            "account_receivable_turnover_ratio": 2.01,
            "reinvestment_rate": null,
            "research_to_sale_ratio": 30.98,
            "price_fair": 0,
            "eps_avg_yearly": 0,
            "eps_latest_yearly": 0,
            "eps_growth_yearly": 0
        },
        "20032": {
            "year_quarter": 20032,
            "year": 2003,
            "quarter": 2,
            "eps": -0.02,
            "eps_growth_year": null,
            "eps_4q": -0.05,
            "eps_4q_growth_year": -536.52,
            "roe": -0.47,
            "roe_4q": -11.92,
            "gross_profit": 63661,
            "gross_margin": 53.19,
            "gross_margin_4q_avg": 54.98,
            "net_income": -9326,
            "net_income_4q": null,
            "revenue": 119694,
            "revenue_4q": null,
            "common_shares": 240,
            "book_valuer_per_share": 0.69,
            "book_valuer_per_share_4q_avg": 0.65,
            "equity": 1970800,
            "current_ratio": 288.81,
            "debt_ratio": 7.12,
            "inventory_turnover_ratio": 1.57,
            "account_receivable_turnover_ratio": 1.89,
            "reinvestment_rate": null,
            "research_to_sale_ratio": 28.07,
            "price_fair": 0,
            "eps_avg_yearly": 0,
            "eps_latest_yearly": 0,
            "eps_growth_yearly": 0
        },
        "20033": {
            "year_quarter": 20033,
            "year": 2003,
            "quarter": 3,
            "eps": -0.01,
            "eps_growth_year": null,
            "eps_4q": -0.06,
            "eps_4q_growth_year": -1182.66,
            "roe": -0.39,
            "roe_4q": -7.34,
            "gross_profit": 73019,
            "gross_margin": 53.71,
            "gross_margin_4q_avg": 54.86,
            "net_income": -7680,
            "net_income_4q": null,
            "revenue": 135944,
            "revenue_4q": null,
            "common_shares": 240,
            "book_valuer_per_share": 0.73,
            "book_valuer_per_share_4q_avg": 0.68,
            "equity": 1966305,
            "current_ratio": 313.37,
            "debt_ratio": 6.96,
            "inventory_turnover_ratio": 1.28,
            "account_receivable_turnover_ratio": 1.91,
            "reinvestment_rate": null,
            "research_to_sale_ratio": 28.55,
            "price_fair": 0,
            "eps_avg_yearly": 0,
            "eps_latest_yearly": 0,
            "eps_growth_yearly": 0
        },
        "20034": {
            "year_quarter": 20034,
            "year": 2003,
            "quarter": 4,
            "eps": -0.05,
            "eps_growth_year": -605.22,
            "eps_4q": -0.12,
            "eps_4q_growth_year": -2145.81,
            "roe": -1.24,
            "roe_4q": -3.6599999999999997,
            "gross_profit": 80546,
            "gross_margin": 53.4,
            "gross_margin_4q_avg": 54,
            "net_income": -24234,
            "net_income_4q": null,
            "revenue": 150847,
            "revenue_4q": null,
            "common_shares": 243,
            "book_valuer_per_share": 0.78,
            "book_valuer_per_share_4q_avg": 0.71,
            "equity": 1950138,
            "current_ratio": 440.62,
            "debt_ratio": 6.93,
            "inventory_turnover_ratio": 1.59,
            "account_receivable_turnover_ratio": 1.91,
            "reinvestment_rate": null,
            "research_to_sale_ratio": 28.3,
            "price_fair": 0,
            "eps_avg_yearly": 0,
            "eps_latest_yearly": 0,
            "eps_growth_yearly": 0
        },
        "20041": {
            "year_quarter": 20041,
            "year": 2004,
            "quarter": 1,
            "eps": 0.01,
            "eps_growth_year": null,
            "eps_4q": -0.08,
            "eps_4q_growth_year": null,
            "roe": 0.22,
            "roe_4q": -1.8800000000000001,
            "gross_profit": 92170,
            "gross_margin": 54.77,
            "gross_margin_4q_avg": 53.77,
            "net_income": 4357,
            "net_income_4q": null,
            "revenue": 168283,
            "revenue_4q": null,
            "common_shares": 244,
            "book_valuer_per_share": 0.83,
            "book_valuer_per_share_4q_avg": 0.76,
            "equity": 1958098,
            "current_ratio": 397.22,
            "debt_ratio": 8.04,
            "inventory_turnover_ratio": 1.76,
            "account_receivable_turnover_ratio": 1.91,
            "reinvestment_rate": null,
            "research_to_sale_ratio": 27.71,
            "price_fair": 0,
            "eps_avg_yearly": 0,
            "eps_latest_yearly": 0,
            "eps_growth_yearly": 0
        },
        "20042": {
            "year_quarter": 20042,
            "year": 2004,
            "quarter": 2,
            "eps": 0.02,
            "eps_growth_year": null,
            "eps_4q": -0.04,
            "eps_4q_growth_year": null,
            "roe": 0.47,
            "roe_4q": -0.9400000000000001,
            "gross_profit": 103910,
            "gross_margin": 53.88,
            "gross_margin_4q_avg": 53.94,
            "net_income": 9422,
            "net_income_4q": null,
            "revenue": 192854,
            "revenue_4q": null,
            "common_shares": 251,
            "book_valuer_per_share": 0.83,
            "book_valuer_per_share_4q_avg": 0.79,
            "equity": 2029555,
            "current_ratio": 313.54,
            "debt_ratio": 9.98,
            "inventory_turnover_ratio": 1.66,
            "account_receivable_turnover_ratio": 2,
            "reinvestment_rate": null,
            "research_to_sale_ratio": 27.09,
            "price_fair": 2.8,
            "eps_avg_yearly": 0.08,
            "eps_latest_yearly": 0.08,
            "eps_growth_yearly": 400
        },
        "20043": {
            "year_quarter": 20043,
            "year": 2004,
            "quarter": 3,
            "eps": 0.02,
            "eps_growth_year": null,
            "eps_4q": -0,
            "eps_4q_growth_year": null,
            "roe": 0.57,
            "roe_4q": 0.020000000000000018,
            "gross_profit": 114494,
            "gross_margin": 53.17,
            "gross_margin_4q_avg": 53.81,
            "net_income": 11956,
            "net_income_4q": null,
            "revenue": 215331,
            "revenue_4q": null,
            "common_shares": 260,
            "book_valuer_per_share": 0.99,
            "book_valuer_per_share_4q_avg": 0.86,
            "equity": 2131239,
            "current_ratio": 373.03,
            "debt_ratio": 9.35,
            "inventory_turnover_ratio": 1.47,
            "account_receivable_turnover_ratio": 1.93,
            "reinvestment_rate": -10.65,
            "research_to_sale_ratio": 25.61,
            "price_fair": 2.8,
            "eps_avg_yearly": 0.08,
            "eps_latest_yearly": 0.08,
            "eps_growth_yearly": 200
        },
        "20044": {
            "year_quarter": 20044,
            "year": 2004,
            "quarter": 4,
            "eps": 0.03,
            "eps_growth_year": null,
            "eps_4q": 0.08,
            "eps_4q_growth_year": null,
            "roe": 0.92,
            "roe_4q": 2.18,
            "gross_profit": 126982,
            "gross_margin": 52.19,
            "gross_margin_4q_avg": 53.5,
            "net_income": 19775,
            "net_income_4q": null,
            "revenue": 243294,
            "revenue_4q": null,
            "common_shares": 527,
            "book_valuer_per_share": 1.09,
            "book_valuer_per_share_4q_avg": 0.94,
            "equity": 2190841,
            "current_ratio": 344.34,
            "debt_ratio": 10.04,
            "inventory_turnover_ratio": 1.38,
            "account_receivable_turnover_ratio": 1.9,
            "reinvestment_rate": -20.74,
            "research_to_sale_ratio": 24.54,
            "price_fair": 3.27,
            "eps_avg_yearly": 0.09,
            "eps_latest_yearly": 0.12,
            "eps_growth_yearly": 200
        },
        "20051": {
            "year_quarter": 20051,
            "year": 2005,
            "quarter": 1,
            "eps": 0.02,
            "eps_growth_year": 193.94,
            "eps_4q": 0.1,
            "eps_4q_growth_year": null,
            "roe": 0.66,
            "roe_4q": 2.62,
            "gross_profit": 141741,
            "gross_margin": 52.58,
            "gross_margin_4q_avg": 52.96,
            "net_income": 14497,
            "net_income_4q": null,
            "revenue": 269577,
            "revenue_4q": null,
            "common_shares": 266,
            "book_valuer_per_share": 1.18,
            "book_valuer_per_share_4q_avg": 1.02,
            "equity": 2230080,
            "current_ratio": 354.54,
            "debt_ratio": 10.28,
            "inventory_turnover_ratio": 1.28,
            "account_receivable_turnover_ratio": 1.87,
            "reinvestment_rate": -20.76,
            "research_to_sale_ratio": 23.47,
            "price_fair": 3.15,
            "eps_avg_yearly": 0.09,
            "eps_latest_yearly": 0.08,
            "eps_growth_yearly": 116.67
        },
        "20052": {
            "year_quarter": 20052,
            "year": 2005,
            "quarter": 2,
            "eps": 0.05,
            "eps_growth_year": 180.78,
            "eps_4q": 0.13,
            "eps_4q_growth_year": null,
            "roe": 1.26,
            "roe_4q": 3.4099999999999997,
            "gross_profit": 156249,
            "gross_margin": 52.58,
            "gross_margin_4q_avg": 52.63,
            "net_income": 28624,
            "net_income_4q": null,
            "revenue": 297154,
            "revenue_4q": null,
            "common_shares": 540,
            "book_valuer_per_share": 1.32,
            "book_valuer_per_share_4q_avg": 1.15,
            "equity": 2299751,
            "current_ratio": 416.38,
            "debt_ratio": 9.65,
            "inventory_turnover_ratio": 1.37,
            "account_receivable_turnover_ratio": 1.9,
            "reinvestment_rate": -21.36,
            "research_to_sale_ratio": 21.55,
            "price_fair": 3.92,
            "eps_avg_yearly": 0.11,
            "eps_latest_yearly": 0.2,
            "eps_growth_yearly": 213.33
        },
        "20053": {
            "year_quarter": 20053,
            "year": 2005,
            "quarter": 3,
            "eps": 0.08,
            "eps_growth_year": 262.12,
            "eps_4q": 0.18,
            "eps_4q_growth_year": null,
            "roe": 1.86,
            "roe_4q": 4.7,
            "gross_profit": 167323,
            "gross_margin": 52.69,
            "gross_margin_4q_avg": 52.51,
            "net_income": 43595,
            "net_income_4q": null,
            "revenue": 317583,
            "revenue_4q": null,
            "common_shares": 547,
            "book_valuer_per_share": 1.49,
            "book_valuer_per_share_4q_avg": 1.27,
            "equity": 2391918,
            "current_ratio": 421.87,
            "debt_ratio": 10.53,
            "inventory_turnover_ratio": 1.47,
            "account_receivable_turnover_ratio": 1.8,
            "reinvestment_rate": -19.88,
            "research_to_sale_ratio": 20.9,
            "price_fair": 5.13,
            "eps_avg_yearly": 0.15,
            "eps_latest_yearly": 0.32,
            "eps_growth_yearly": 217.78
        },
        "20054": {
            "year_quarter": 20054,
            "year": 2005,
            "quarter": 4,
            "eps": 0.09,
            "eps_growth_year": 159.84,
            "eps_4q": 0.24,
            "eps_4q_growth_year": 194.38,
            "roe": 2.25,
            "roe_4q": 6.03,
            "gross_profit": 177510,
            "gross_margin": 52.17,
            "gross_margin_4q_avg": 52.51,
            "net_income": 54945,
            "net_income_4q": null,
            "revenue": 340266,
            "revenue_4q": null,
            "common_shares": 555,
            "book_valuer_per_share": 1.69,
            "book_valuer_per_share_4q_avg": 1.42,
            "equity": 2497430,
            "current_ratio": 473.82,
            "debt_ratio": 10.45,
            "inventory_turnover_ratio": 1.37,
            "account_receivable_turnover_ratio": 1.74,
            "reinvestment_rate": -42.23,
            "research_to_sale_ratio": 20.45,
            "price_fair": 6.2,
            "eps_avg_yearly": 0.18,
            "eps_latest_yearly": 0.36,
            "eps_growth_yearly": 193.81
        },
        "20061": {
            "year_quarter": 20061,
            "year": 2006,
            "quarter": 1,
            "eps": 0.17,
            "eps_growth_year": 602.39,
            "eps_4q": 0.39,
            "eps_4q_growth_year": 298.16,
            "roe": 2.12,
            "roe_4q": 7.49,
            "gross_profit": 188985,
            "gross_margin": 51.81,
            "gross_margin_4q_avg": 52.31,
            "net_income": 53947,
            "net_income_4q": null,
            "revenue": 364770,
            "revenue_4q": null,
            "common_shares": 559,
            "book_valuer_per_share": 1.86,
            "book_valuer_per_share_4q_avg": 1.59,
            "equity": 2581223,
            "current_ratio": 523.3,
            "debt_ratio": 10.77,
            "inventory_turnover_ratio": 1.45,
            "account_receivable_turnover_ratio": 1.8,
            "reinvestment_rate": -109.5,
            "research_to_sale_ratio": 21.37,
            "price_fair": 8.4,
            "eps_avg_yearly": 0.24,
            "eps_latest_yearly": 0.68,
            "eps_growth_yearly": 214.03
        },
        "20062": {
            "year_quarter": 20062,
            "year": 2006,
            "quarter": 2,
            "eps": 0.08,
            "eps_growth_year": 55.55,
            "eps_4q": 0.41,
            "eps_4q_growth_year": 222.52,
            "roe": 1.79,
            "roe_4q": 8.02,
            "gross_profit": 205003,
            "gross_margin": 52.5,
            "gross_margin_4q_avg": 52.29,
            "net_income": 47099,
            "net_income_4q": null,
            "revenue": 390454,
            "revenue_4q": null,
            "common_shares": 564,
            "book_valuer_per_share": 2.07,
            "book_valuer_per_share_4q_avg": 1.78,
            "equity": 2690383,
            "current_ratio": 543.13,
            "debt_ratio": 11.53,
            "inventory_turnover_ratio": 1.63,
            "account_receivable_turnover_ratio": 1.88,
            "reinvestment_rate": 1586.55,
            "research_to_sale_ratio": 22.56,
            "price_fair": 8.71,
            "eps_avg_yearly": 0.25,
            "eps_latest_yearly": 0.32,
            "eps_growth_yearly": 166.72
        },
        "20063": {
            "year_quarter": 20063,
            "year": 2006,
            "quarter": 3,
            "eps": 0.13,
            "eps_growth_year": 73.4,
            "eps_4q": 0.47,
            "eps_4q_growth_year": 156.17,
            "roe": 3.04,
            "roe_4q": 9.2,
            "gross_profit": 228446,
            "gross_margin": 53.62,
            "gross_margin_4q_avg": 52.53,
            "net_income": 83355,
            "net_income_4q": null,
            "revenue": 426026,
            "revenue_4q": null,
            "common_shares": 568,
            "book_valuer_per_share": 2.28,
            "book_valuer_per_share_4q_avg": 1.98,
            "equity": 2798495,
            "current_ratio": 488.07,
            "debt_ratio": 13.03,
            "inventory_turnover_ratio": 1.5,
            "account_receivable_turnover_ratio": 1.84,
            "reinvestment_rate": 84.9,
            "research_to_sale_ratio": 19.49,
            "price_fair": 9.66,
            "eps_avg_yearly": 0.28,
            "eps_latest_yearly": 0.52,
            "eps_growth_yearly": 175.05
        },
        "20064": {
            "year_quarter": 20064,
            "year": 2006,
            "quarter": 4,
            "eps": 0.02,
            "eps_growth_year": -77.24,
            "eps_4q": 0.4,
            "eps_4q_growth_year": 68.33,
            "roe": 0.52,
            "roe_4q": 7.47,
            "gross_profit": 264588,
            "gross_margin": 54.11,
            "gross_margin_4q_avg": 53.01,
            "net_income": 15089,
            "net_income_4q": null,
            "revenue": 489016,
            "revenue_4q": null,
            "common_shares": 583,
            "book_valuer_per_share": 4.59,
            "book_valuer_per_share_4q_avg": 2.7,
            "equity": 3007225,
            "current_ratio": 411.11,
            "debt_ratio": 14.19,
            "inventory_turnover_ratio": 1.24,
            "account_receivable_turnover_ratio": 1.96,
            "reinvestment_rate": 63.94,
            "research_to_sale_ratio": 24.06,
            "price_fair": 9.04,
            "eps_avg_yearly": 0.26,
            "eps_latest_yearly": 0.08,
            "eps_growth_yearly": 128.36
        },
        "20071": {
            "year_quarter": 20071,
            "year": 2007,
            "quarter": 1,
            "eps": 0.12,
            "eps_growth_year": -30.15,
            "eps_4q": 0.35,
            "eps_4q_growth_year": -9.95,
            "roe": 2.24,
            "roe_4q": 7.590000000000001,
            "gross_profit": 280963,
            "gross_margin": 53.91,
            "gross_margin_4q_avg": 53.54,
            "net_income": 68717,
            "net_income_4q": null,
            "revenue": 521196,
            "revenue_4q": null,
            "common_shares": 585,
            "book_valuer_per_share": 2.49,
            "book_valuer_per_share_4q_avg": 2.86,
            "equity": 3136826,
            "current_ratio": 482.12,
            "debt_ratio": 12.97,
            "inventory_turnover_ratio": 1.15,
            "account_receivable_turnover_ratio": 1.94,
            "reinvestment_rate": 52.87,
            "research_to_sale_ratio": 24.79,
            "price_fair": 9.68,
            "eps_avg_yearly": 0.28,
            "eps_latest_yearly": 0.48,
            "eps_growth_yearly": 284.33
        },
        "20072": {
            "year_quarter": 20072,
            "year": 2007,
            "quarter": 2,
            "eps": 0.07,
            "eps_growth_year": -5.81,
            "eps_4q": 0.34,
            "eps_4q_growth_year": -16.85,
            "roe": 1.4,
            "roe_4q": 7.2,
            "gross_profit": 294910,
            "gross_margin": 51.38,
            "gross_margin_4q_avg": 53.26,
            "net_income": 44881,
            "net_income_4q": null,
            "revenue": 573985,
            "revenue_4q": null,
            "common_shares": 1175,
            "book_valuer_per_share": 2.33,
            "book_valuer_per_share_4q_avg": 2.92,
            "equity": 3260360,
            "current_ratio": 372.03,
            "debt_ratio": 14.78,
            "inventory_turnover_ratio": 1.28,
            "account_receivable_turnover_ratio": 1.8,
            "reinvestment_rate": 55.73,
            "research_to_sale_ratio": 26.59,
            "price_fair": 9.69,
            "eps_avg_yearly": 0.28,
            "eps_latest_yearly": 0.28,
            "eps_growth_yearly": 249.64
        },
        "20073": {
            "year_quarter": 20073,
            "year": 2007,
            "quarter": 3,
            "eps": 0.01,
            "eps_growth_year": -92.69,
            "eps_4q": 0.22,
            "eps_4q_growth_year": -52.73,
            "roe": 0.18,
            "roe_4q": 4.34,
            "gross_profit": 264308,
            "gross_margin": 50.79,
            "gross_margin_4q_avg": 52.55,
            "net_income": 6046,
            "net_income_4q": null,
            "revenue": 520398,
            "revenue_4q": null,
            "common_shares": 1175,
            "book_valuer_per_share": 2.44,
            "book_valuer_per_share_4q_avg": 2.96,
            "equity": 3312756,
            "current_ratio": 358.9,
            "debt_ratio": 15.11,
            "inventory_turnover_ratio": 1.12,
            "account_receivable_turnover_ratio": 1.63,
            "reinvestment_rate": 58.78,
            "research_to_sale_ratio": 29.39,
            "price_fair": 9.1,
            "eps_avg_yearly": 0.26,
            "eps_latest_yearly": 0.04,
            "eps_growth_yearly": 207.32
        },
        "20074": {
            "year_quarter": 20074,
            "year": 2007,
            "quarter": 4,
            "eps": -0.11,
            "eps_growth_year": -627.02,
            "eps_4q": 0.09,
            "eps_4q_growth_year": -76.34,
            "roe": -4.3,
            "roe_4q": -0.48,
            "gross_profit": 297131,
            "gross_margin": 47.77,
            "gross_margin_4q_avg": 50.96,
            "net_income": -140585,
            "net_income_4q": null,
            "revenue": 621974,
            "revenue_4q": null,
            "common_shares": 1175,
            "book_valuer_per_share": 1.14,
            "book_valuer_per_share_4q_avg": 2.1,
            "equity": 3227184,
            "current_ratio": 189.55,
            "debt_ratio": 28.72,
            "inventory_turnover_ratio": 1.37,
            "account_receivable_turnover_ratio": 2,
            "reinvestment_rate": 100.85,
            "research_to_sale_ratio": 35.92,
            "price_fair": 9.1,
            "eps_avg_yearly": 0.26,
            "eps_latest_yearly": 0.04,
            "eps_growth_yearly": 207.32
        },
        "20081": {
            "year_quarter": 20081,
            "year": 2008,
            "quarter": 1,
            "eps": -0.09,
            "eps_growth_year": -174.15,
            "eps_4q": -0.12,
            "eps_4q_growth_year": -133.38,
            "roe": -1.64,
            "roe_4q": -4.359999999999999,
            "gross_profit": 307633,
            "gross_margin": 48.44,
            "gross_margin_4q_avg": 49.6,
            "net_income": -52828,
            "net_income_4q": null,
            "revenue": 635050,
            "revenue_4q": null,
            "common_shares": 1175,
            "book_valuer_per_share": 1.19,
            "book_valuer_per_share_4q_avg": 1.78,
            "equity": 3221319,
            "current_ratio": 206.84,
            "debt_ratio": 27.71,
            "inventory_turnover_ratio": 1.27,
            "account_receivable_turnover_ratio": 2.01,
            "reinvestment_rate": 114.18,
            "research_to_sale_ratio": 36.87,
            "price_fair": 9.1,
            "eps_avg_yearly": 0.26,
            "eps_latest_yearly": 0.04,
            "eps_growth_yearly": 207.32
        },
        "20082": {
            "year_quarter": 20082,
            "year": 2008,
            "quarter": 2,
            "eps": -0.1,
            "eps_growth_year": -235.64,
            "eps_4q": -0.28,
            "eps_4q_growth_year": -182.3,
            "roe": -1.75,
            "roe_4q": -7.51,
            "gross_profit": 321181,
            "gross_margin": 48.91,
            "gross_margin_4q_avg": 48.98,
            "net_income": -56456,
            "net_income_4q": null,
            "revenue": 656711,
            "revenue_4q": null,
            "common_shares": 1176,
            "book_valuer_per_share": 1.25,
            "book_valuer_per_share_4q_avg": 1.51,
            "equity": 3227498,
            "current_ratio": 225.92,
            "debt_ratio": 26.32,
            "inventory_turnover_ratio": 1.19,
            "account_receivable_turnover_ratio": 1.94,
            "reinvestment_rate": 142.13,
            "research_to_sale_ratio": 35.97,
            "price_fair": 9.58,
            "eps_avg_yearly": 0.27,
            "eps_latest_yearly": 0.04,
            "eps_growth_yearly": 192.5
        },
        "20083": {
            "year_quarter": 20083,
            "year": 2008,
            "quarter": 3,
            "eps": -0.01,
            "eps_growth_year": -213.08,
            "eps_4q": -0.3,
            "eps_4q_growth_year": -236.82,
            "roe": -0.2,
            "roe_4q": -7.89,
            "gross_profit": 362037,
            "gross_margin": 47.75,
            "gross_margin_4q_avg": 48.22,
            "net_income": -6436,
            "net_income_4q": null,
            "revenue": 758246,
            "revenue_4q": null,
            "common_shares": 1185,
            "book_valuer_per_share": 1.4,
            "book_valuer_per_share_4q_avg": 1.25,
            "equity": 3306469,
            "current_ratio": 236.19,
            "debt_ratio": 26.02,
            "inventory_turnover_ratio": 1.17,
            "account_receivable_turnover_ratio": 1.96,
            "reinvestment_rate": 120.03,
            "research_to_sale_ratio": 33.26,
            "price_fair": 10.15,
            "eps_avg_yearly": 0.29,
            "eps_latest_yearly": 0.04,
            "eps_growth_yearly": 208.54
        },
        "20084": {
            "year_quarter": 20084,
            "year": 2008,
            "quarter": 4,
            "eps": 0.01,
            "eps_growth_year": null,
            "eps_4q": -0.19,
            "eps_4q_growth_year": -296.8,
            "roe": 0.04,
            "roe_4q": -3.55,
            "gross_profit": 406046,
            "gross_margin": 48.07,
            "gross_margin_4q_avg": 48.29,
            "net_income": 1293,
            "net_income_4q": null,
            "revenue": 844686,
            "revenue_4q": null,
            "common_shares": 1200,
            "book_valuer_per_share": 1.6,
            "book_valuer_per_share_4q_avg": 1.36,
            "equity": 3411519,
            "current_ratio": 257.84,
            "debt_ratio": 25.03,
            "inventory_turnover_ratio": 1.1,
            "account_receivable_turnover_ratio": 2.28,
            "reinvestment_rate": 155.81,
            "research_to_sale_ratio": 31.55,
            "price_fair": 10.69,
            "eps_avg_yearly": 0.31,
            "eps_latest_yearly": 0.04,
            "eps_growth_yearly": 209.32
        },
        "20091": {
            "year_quarter": 20091,
            "year": 2009,
            "quarter": 1,
            "eps": 0.11,
            "eps_growth_year": null,
            "eps_4q": 0.02,
            "eps_4q_growth_year": null,
            "roe": 2.01,
            "roe_4q": 0.09999999999999987,
            "gross_profit": 415233,
            "gross_margin": 51.64,
            "gross_margin_4q_avg": 49.09,
            "net_income": 69939,
            "net_income_4q": null,
            "revenue": 804075,
            "revenue_4q": null,
            "common_shares": 1206,
            "book_valuer_per_share": 1.86,
            "book_valuer_per_share_4q_avg": 1.53,
            "equity": 3537733,
            "current_ratio": 314.72,
            "debt_ratio": 23.25,
            "inventory_turnover_ratio": 0.99,
            "account_receivable_turnover_ratio": 2.23,
            "reinvestment_rate": 122.61,
            "research_to_sale_ratio": 29.66,
            "price_fair": 11.84,
            "eps_avg_yearly": 0.34,
            "eps_latest_yearly": 0.44,
            "eps_growth_yearly": 585.07
        },
        "20092": {
            "year_quarter": 20092,
            "year": 2009,
            "quarter": 2,
            "eps": 0.11,
            "eps_growth_year": null,
            "eps_4q": 0.22,
            "eps_4q_growth_year": null,
            "roe": 1.97,
            "roe_4q": 3.8199999999999994,
            "gross_profit": 436662,
            "gross_margin": 51.82,
            "gross_margin_4q_avg": 49.82,
            "net_income": 71367,
            "net_income_4q": null,
            "revenue": 842575,
            "revenue_4q": null,
            "common_shares": 1221,
            "book_valuer_per_share": 2.17,
            "book_valuer_per_share_4q_avg": 1.76,
            "equity": 3706692,
            "current_ratio": 320.47,
            "debt_ratio": 21.54,
            "inventory_turnover_ratio": 1.16,
            "account_receivable_turnover_ratio": 1.95,
            "reinvestment_rate": 102.28,
            "research_to_sale_ratio": 29.64,
            "price_fair": 12.6,
            "eps_avg_yearly": 0.36,
            "eps_latest_yearly": 0.44,
            "eps_growth_yearly": 530.53
        },
        "20093": {
            "year_quarter": 20093,
            "year": 2009,
            "quarter": 3,
            "eps": 0.11,
            "eps_growth_year": null,
            "eps_4q": 0.35,
            "eps_4q_growth_year": null,
            "roe": 1.88,
            "roe_4q": 5.8999999999999995,
            "gross_profit": 411909,
            "gross_margin": 52.07,
            "gross_margin_4q_avg": 50.9,
            "net_income": 70946,
            "net_income_4q": null,
            "revenue": 791046,
            "revenue_4q": null,
            "common_shares": 1226,
            "book_valuer_per_share": 2.42,
            "book_valuer_per_share_4q_avg": 2.01,
            "equity": 3831087,
            "current_ratio": 327.51,
            "debt_ratio": 19.35,
            "inventory_turnover_ratio": 1.14,
            "account_receivable_turnover_ratio": 1.78,
            "reinvestment_rate": 86.66,
            "research_to_sale_ratio": 29.61,
            "price_fair": 12.98,
            "eps_avg_yearly": 0.37,
            "eps_latest_yearly": 0.44,
            "eps_growth_yearly": 508.71
        },
        "20094": {
            "year_quarter": 20094,
            "year": 2009,
            "quarter": 4,
            "eps": -0.1,
            "eps_growth_year": -1035.06,
            "eps_4q": 0.24,
            "eps_4q_growth_year": null,
            "roe": -1.7,
            "roe_4q": 4.16,
            "gross_profit": 260135,
            "gross_margin": 50.72,
            "gross_margin_4q_avg": 51.56,
            "net_income": -65010,
            "net_income_4q": null,
            "revenue": 512867,
            "revenue_4q": null,
            "common_shares": 1233,
            "book_valuer_per_share": 2.47,
            "book_valuer_per_share_4q_avg": 2.23,
            "equity": 3829067,
            "current_ratio": 380.89,
            "debt_ratio": 13.26,
            "inventory_turnover_ratio": 0.78,
            "account_receivable_turnover_ratio": 1.63,
            "reinvestment_rate": 118.23,
            "research_to_sale_ratio": 40.47,
            "price_fair": 13.02,
            "eps_avg_yearly": 0.37,
            "eps_latest_yearly": 0.44,
            "eps_growth_yearly": 554.58
        },
        "20101": {
            "year_quarter": 20101,
            "year": 2010,
            "quarter": 1,
            "eps": -0.1,
            "eps_growth_year": -185.48,
            "eps_4q": 0.03,
            "eps_4q_growth_year": 117.31,
            "roe": -2.94,
            "roe_4q": -0.7899999999999998,
            "gross_profit": 263804,
            "gross_margin": 50.59,
            "gross_margin_4q_avg": 51.3,
            "net_income": -111457,
            "net_income_4q": null,
            "revenue": 521434,
            "revenue_4q": null,
            "common_shares": 1238,
            "book_valuer_per_share": 2.37,
            "book_valuer_per_share_4q_avg": 2.36,
            "equity": 3745555,
            "current_ratio": 308.1,
            "debt_ratio": 15.66,
            "inventory_turnover_ratio": 1,
            "account_receivable_turnover_ratio": 2.06,
            "reinvestment_rate": 451.51,
            "research_to_sale_ratio": 38.4,
            "price_fair": 11.82,
            "eps_avg_yearly": 0.34,
            "eps_latest_yearly": 0.44,
            "eps_growth_yearly": 576.69
        },
        "20102": {
            "year_quarter": 20102,
            "year": 2010,
            "quarter": 2,
            "eps": 0.1,
            "eps_growth_year": -14.87,
            "eps_4q": 0.02,
            "eps_4q_growth_year": -92.61,
            "roe": 1.54,
            "roe_4q": -1.2199999999999998,
            "gross_profit": 352561,
            "gross_margin": 55.03,
            "gross_margin_4q_avg": 52.1,
            "net_income": 58493,
            "net_income_4q": null,
            "revenue": 640620,
            "revenue_4q": null,
            "common_shares": 1245,
            "book_valuer_per_share": 2.58,
            "book_valuer_per_share_4q_avg": 2.46,
            "equity": 3857072,
            "current_ratio": 310.28,
            "debt_ratio": 16.9,
            "inventory_turnover_ratio": 1.39,
            "account_receivable_turnover_ratio": 2.09,
            "reinvestment_rate": 308.25,
            "research_to_sale_ratio": 30.07,
            "price_fair": 11.9,
            "eps_avg_yearly": 0.34,
            "eps_latest_yearly": 0.44,
            "eps_growth_yearly": 675.25
        },
        "20103": {
            "year_quarter": 20103,
            "year": 2010,
            "quarter": 3,
            "eps": 0.28,
            "eps_growth_year": 144.85,
            "eps_4q": 0.18,
            "eps_4q_growth_year": -48.24,
            "roe": 5.06,
            "roe_4q": 1.9599999999999997,
            "gross_profit": 461481,
            "gross_margin": 57.46,
            "gross_margin_4q_avg": 53.45,
            "net_income": 201599,
            "net_income_4q": null,
            "revenue": 803098,
            "revenue_4q": null,
            "common_shares": 1249,
            "book_valuer_per_share": 3.01,
            "book_valuer_per_share_4q_avg": 2.61,
            "equity": 4106300,
            "current_ratio": 358.1,
            "debt_ratio": 15.99,
            "inventory_turnover_ratio": 1.52,
            "account_receivable_turnover_ratio": 2.22,
            "reinvestment_rate": 76.7,
            "research_to_sale_ratio": 26.34,
            "price_fair": 14.53,
            "eps_avg_yearly": 0.42,
            "eps_latest_yearly": 1.12,
            "eps_growth_yearly": 734
        },
        "20104": {
            "year_quarter": 20104,
            "year": 2010,
            "quarter": 4,
            "eps": 0.32,
            "eps_growth_year": null,
            "eps_4q": 0.59,
            "eps_4q_growth_year": 145.05,
            "roe": 4.81,
            "roe_4q": 8.47,
            "gross_profit": 502745,
            "gross_margin": 59.67,
            "gross_margin_4q_avg": 55.69,
            "net_income": 204821,
            "net_income_4q": null,
            "revenue": 842535,
            "revenue_4q": null,
            "common_shares": 1277,
            "book_valuer_per_share": 3.46,
            "book_valuer_per_share_4q_avg": 2.86,
            "equity": 4417979,
            "current_ratio": 446.75,
            "debt_ratio": 14.56,
            "inventory_turnover_ratio": 1.41,
            "account_receivable_turnover_ratio": 2.24,
            "reinvestment_rate": 28.38,
            "research_to_sale_ratio": 24.77,
            "price_fair": 19.78,
            "eps_avg_yearly": 0.57,
            "eps_latest_yearly": 1.28,
            "eps_growth_yearly": 783.45
        },
        "20111": {
            "year_quarter": 20111,
            "year": 2011,
            "quarter": 1,
            "eps": 0.31,
            "eps_growth_year": null,
            "eps_4q": 0.99,
            "eps_4q_growth_year": 2900.39,
            "roe": 4.51,
            "roe_4q": 15.919999999999998,
            "gross_profit": 511594,
            "gross_margin": 59.8,
            "gross_margin_4q_avg": 57.99,
            "net_income": 205767,
            "net_income_4q": null,
            "revenue": 855579,
            "revenue_4q": null,
            "common_shares": 1288,
            "book_valuer_per_share": 3.89,
            "book_valuer_per_share_4q_avg": 3.24,
            "equity": 4699728,
            "current_ratio": 474.46,
            "debt_ratio": 14.25,
            "inventory_turnover_ratio": 1.54,
            "account_receivable_turnover_ratio": 2.12,
            "reinvestment_rate": 10.53,
            "research_to_sale_ratio": 25.59,
            "price_fair": 23.1,
            "eps_avg_yearly": 0.66,
            "eps_latest_yearly": 1.24,
            "eps_growth_yearly": 531.89
        },
        "20112": {
            "year_quarter": 20112,
            "year": 2011,
            "quarter": 2,
            "eps": 0.33,
            "eps_growth_year": 244.27,
            "eps_4q": 1.23,
            "eps_4q_growth_year": 7336.36,
            "roe": 4.54,
            "roe_4q": 18.919999999999998,
            "gross_profit": 529792,
            "gross_margin": 59.1,
            "gross_margin_4q_avg": 59.01,
            "net_income": 219777,
            "net_income_4q": null,
            "revenue": 896474,
            "revenue_4q": null,
            "common_shares": 1300,
            "book_valuer_per_share": 4.3,
            "book_valuer_per_share_4q_avg": 3.67,
            "equity": 4982905,
            "current_ratio": 458.5,
            "debt_ratio": 15.07,
            "inventory_turnover_ratio": 1.64,
            "account_receivable_turnover_ratio": 1.91,
            "reinvestment_rate": 2.8,
            "research_to_sale_ratio": 25.3,
            "price_fair": 27.65,
            "eps_avg_yearly": 0.79,
            "eps_latest_yearly": 1.32,
            "eps_growth_yearly": 555.95
        },
        "20113": {
            "year_quarter": 20113,
            "year": 2011,
            "quarter": 3,
            "eps": 0.38,
            "eps_growth_year": 37.76,
            "eps_4q": 1.33,
            "eps_4q_growth_year": 641.87,
            "roe": 5.01,
            "roe_4q": 18.87,
            "gross_profit": 568519,
            "gross_margin": 59.26,
            "gross_margin_4q_avg": 59.46,
            "net_income": 255732,
            "net_income_4q": null,
            "revenue": 959327,
            "revenue_4q": null,
            "common_shares": 1297,
            "book_valuer_per_share": 4.71,
            "book_valuer_per_share_4q_avg": 4.09,
            "equity": 5228006,
            "current_ratio": 493.74,
            "debt_ratio": 14.6,
            "inventory_turnover_ratio": 1.67,
            "account_receivable_turnover_ratio": 2,
            "reinvestment_rate": -5.87,
            "research_to_sale_ratio": 22.75,
            "price_fair": 34.13,
            "eps_avg_yearly": 0.98,
            "eps_latest_yearly": 1.52,
            "eps_growth_yearly": 606.38
        },
        "20114": {
            "year_quarter": 20114,
            "year": 2011,
            "quarter": 4,
            "eps": 0.33,
            "eps_growth_year": 6.15,
            "eps_4q": 1.35,
            "eps_4q_growth_year": 128.74,
            "roe": 4.15,
            "roe_4q": 18.21,
            "gross_profit": 528714,
            "gross_margin": 58.71,
            "gross_margin_4q_avg": 59.22,
            "net_income": 222853,
            "net_income_4q": null,
            "revenue": 900513,
            "revenue_4q": null,
            "common_shares": 1317,
            "book_valuer_per_share": 5.07,
            "book_valuer_per_share_4q_avg": 4.49,
            "equity": 5521869,
            "current_ratio": 579.48,
            "debt_ratio": 12.88,
            "inventory_turnover_ratio": 1.57,
            "account_receivable_turnover_ratio": 1.94,
            "reinvestment_rate": -3.52,
            "research_to_sale_ratio": 25.71,
            "price_fair": 35.47,
            "eps_avg_yearly": 1.01,
            "eps_latest_yearly": 1.32,
            "eps_growth_yearly": 533.16
        },
        "20121": {
            "year_quarter": 20121,
            "year": 2012,
            "quarter": 1,
            "eps": 0.22,
            "eps_growth_year": -27.19,
            "eps_4q": 1.27,
            "eps_4q_growth_year": 27.38,
            "roe": 2.82,
            "roe_4q": 16.52,
            "gross_profit": 467927,
            "gross_margin": 58.32,
            "gross_margin_4q_avg": 58.85,
            "net_income": 146861,
            "net_income_4q": null,
            "revenue": 802402,
            "revenue_4q": null,
            "common_shares": 1218,
            "book_valuer_per_share": 4.46,
            "book_valuer_per_share_4q_avg": 4.64,
            "equity": 4903404,
            "current_ratio": 500.9,
            "debt_ratio": 13.86,
            "inventory_turnover_ratio": 1.23,
            "account_receivable_turnover_ratio": 1.81,
            "reinvestment_rate": -2.68,
            "research_to_sale_ratio": 30.21,
            "price_fair": 35,
            "eps_avg_yearly": 1,
            "eps_latest_yearly": 0.88,
            "eps_growth_yearly": 466.51
        },
        "20122": {
            "year_quarter": 20122,
            "year": 2012,
            "quarter": 2,
            "eps": 0.31,
            "eps_growth_year": -5.57,
            "eps_4q": 1.25,
            "eps_4q_growth_year": 1.74,
            "roe": 3.88,
            "roe_4q": 15.86,
            "gross_profit": 519403,
            "gross_margin": 57.87,
            "gross_margin_4q_avg": 58.54,
            "net_income": 192392,
            "net_income_4q": null,
            "revenue": 897520,
            "revenue_4q": null,
            "common_shares": 1207,
            "book_valuer_per_share": 4.7,
            "book_valuer_per_share_4q_avg": 4.74,
            "equity": 5026131,
            "current_ratio": 508.51,
            "debt_ratio": 13.77,
            "inventory_turnover_ratio": 1.22,
            "account_receivable_turnover_ratio": 2.16,
            "reinvestment_rate": -1.4,
            "research_to_sale_ratio": 27.79,
            "price_fair": 35.76,
            "eps_avg_yearly": 1.02,
            "eps_latest_yearly": 1.24,
            "eps_growth_yearly": 438.98
        },
        "20123": {
            "year_quarter": 20123,
            "year": 2012,
            "quarter": 3,
            "eps": 0.33,
            "eps_growth_year": -12.98,
            "eps_4q": 1.2,
            "eps_4q_growth_year": -9.91,
            "roe": 3.88,
            "roe_4q": 14.73,
            "gross_profit": 538317,
            "gross_margin": 56.64,
            "gross_margin_4q_avg": 57.89,
            "net_income": 195121,
            "net_income_4q": null,
            "revenue": 950417,
            "revenue_4q": null,
            "common_shares": 1179,
            "book_valuer_per_share": 4.92,
            "book_valuer_per_share_4q_avg": 4.79,
            "equity": 5039299,
            "current_ratio": 490.73,
            "debt_ratio": 14.11,
            "inventory_turnover_ratio": 1.3,
            "account_receivable_turnover_ratio": 2.22,
            "reinvestment_rate": -3.4,
            "research_to_sale_ratio": 27.68,
            "price_fair": 36.63,
            "eps_avg_yearly": 1.05,
            "eps_latest_yearly": 1.32,
            "eps_growth_yearly": 404.54
        },
        "20124": {
            "year_quarter": 20124,
            "year": 2012,
            "quarter": 4,
            "eps": 0.14,
            "eps_growth_year": -59.45,
            "eps_4q": 1,
            "eps_4q_growth_year": -25.95,
            "roe": 1.61,
            "roe_4q": 12.190000000000001,
            "gross_profit": 401588,
            "gross_margin": 54.07,
            "gross_margin_4q_avg": 56.73,
            "net_income": 80717,
            "net_income_4q": null,
            "revenue": 742701,
            "revenue_4q": null,
            "common_shares": 1167,
            "book_valuer_per_share": 4.78,
            "book_valuer_per_share_4q_avg": 4.72,
            "equity": 5014018,
            "current_ratio": 522.25,
            "debt_ratio": 13.07,
            "inventory_turnover_ratio": 1.03,
            "account_receivable_turnover_ratio": 1.73,
            "reinvestment_rate": -2.75,
            "research_to_sale_ratio": 34.28,
            "price_fair": 35.32,
            "eps_avg_yearly": 1.01,
            "eps_latest_yearly": 0.56,
            "eps_growth_yearly": 355.71
        },
        "20131": {
            "year_quarter": 20131,
            "year": 2013,
            "quarter": 1,
            "eps": 0.16,
            "eps_growth_year": -27.24,
            "eps_4q": 0.94,
            "eps_4q_growth_year": -25.87,
            "roe": 1.9,
            "roe_4q": 11.27,
            "gross_profit": 430029,
            "gross_margin": 54,
            "gross_margin_4q_avg": 55.65,
            "net_income": 94543,
            "net_income_4q": null,
            "revenue": 796351,
            "revenue_4q": null,
            "common_shares": 1146,
            "book_valuer_per_share": 4.82,
            "book_valuer_per_share_4q_avg": 4.81,
            "equity": 4922530,
            "current_ratio": 480.1,
            "debt_ratio": 13.92,
            "inventory_turnover_ratio": 1.04,
            "account_receivable_turnover_ratio": 1.93,
            "reinvestment_rate": -2.14,
            "research_to_sale_ratio": 32.09,
            "price_fair": 35.86,
            "eps_avg_yearly": 1.02,
            "eps_latest_yearly": 0.64,
            "eps_growth_yearly": 52.41
        },
        "20132": {
            "year_quarter": 20132,
            "year": 2013,
            "quarter": 2,
            "eps": 0.17,
            "eps_growth_year": -45.82,
            "eps_4q": 0.8,
            "eps_4q_growth_year": -36.16,
            "roe": 1.91,
            "roe_4q": 9.3,
            "gross_profit": 434265,
            "gross_margin": 53.21,
            "gross_margin_4q_avg": 54.48,
            "net_income": 93074,
            "net_income_4q": null,
            "revenue": 816104,
            "revenue_4q": null,
            "common_shares": 1115,
            "book_valuer_per_share": 4.68,
            "book_valuer_per_share_4q_avg": 4.8,
            "equity": 4803114,
            "current_ratio": 467.65,
            "debt_ratio": 13.99,
            "inventory_turnover_ratio": 1.09,
            "account_receivable_turnover_ratio": 2.02,
            "reinvestment_rate": -1.84,
            "research_to_sale_ratio": 32.31,
            "price_fair": 36.51,
            "eps_avg_yearly": 1.04,
            "eps_latest_yearly": 0.68,
            "eps_growth_yearly": 54.34
        },
        "20133": {
            "year_quarter": 20133,
            "year": 2013,
            "quarter": 3,
            "eps": 0.12,
            "eps_growth_year": -62.38,
            "eps_4q": 0.59,
            "eps_4q_growth_year": -50.71,
            "roe": 1.45,
            "roe_4q": 6.87,
            "gross_profit": 406378,
            "gross_margin": 52.04,
            "gross_margin_4q_avg": 53.33,
            "net_income": 68816,
            "net_income_4q": null,
            "revenue": 780881,
            "revenue_4q": null,
            "common_shares": 1073,
            "book_valuer_per_share": 4.64,
            "book_valuer_per_share_4q_avg": 4.73,
            "equity": 4676294,
            "current_ratio": 462.61,
            "debt_ratio": 13.82,
            "inventory_turnover_ratio": 1.12,
            "account_receivable_turnover_ratio": 2.04,
            "reinvestment_rate": -1.57,
            "research_to_sale_ratio": 33.7,
            "price_fair": 36.62,
            "eps_avg_yearly": 1.05,
            "eps_latest_yearly": 0.48,
            "eps_growth_yearly": 45.29
        },
        "20134": {
            "year_quarter": 20134,
            "year": 2013,
            "quarter": 4,
            "eps": 0.09,
            "eps_growth_year": -30.07,
            "eps_4q": 0.55,
            "eps_4q_growth_year": -44.98,
            "roe": 1.09,
            "roe_4q": 6.35,
            "gross_profit": 404461,
            "gross_margin": 52.17,
            "gross_margin_4q_avg": 52.86,
            "net_income": 50152,
            "net_income_4q": null,
            "revenue": 775294,
            "revenue_4q": null,
            "common_shares": 1017,
            "book_valuer_per_share": 4.49,
            "book_valuer_per_share_4q_avg": 4.66,
            "equity": 4484595,
            "current_ratio": 425.3,
            "debt_ratio": 14.77,
            "inventory_turnover_ratio": 1.29,
            "account_receivable_turnover_ratio": 2.2,
            "reinvestment_rate": -0.63,
            "research_to_sale_ratio": 35.3,
            "price_fair": 34.9,
            "eps_avg_yearly": 1,
            "eps_latest_yearly": 0.36,
            "eps_growth_yearly": 34.91
        },
        "20141": {
            "year_quarter": 20141,
            "year": 2014,
            "quarter": 1,
            "eps": 0.11,
            "eps_growth_year": -34.98,
            "eps_4q": 0.49,
            "eps_4q_growth_year": -47.48,
            "roe": 1.2,
            "roe_4q": 5.65,
            "gross_profit": 398931,
            "gross_margin": 54.32,
            "gross_margin_4q_avg": 52.94,
            "net_income": 53209,
            "net_income_4q": null,
            "revenue": 734369,
            "revenue_4q": null,
            "common_shares": 988,
            "book_valuer_per_share": 4.37,
            "book_valuer_per_share_4q_avg": 4.55,
            "equity": 4352441,
            "current_ratio": 400.09,
            "debt_ratio": 15.01,
            "inventory_turnover_ratio": 1.29,
            "account_receivable_turnover_ratio": 2.1,
            "reinvestment_rate": 0.65,
            "research_to_sale_ratio": 37.94,
            "price_fair": 33.6,
            "eps_avg_yearly": 0.96,
            "eps_latest_yearly": 0.44,
            "eps_growth_yearly": 38.51
        },
        "20142": {
            "year_quarter": 20142,
            "year": 2014,
            "quarter": 2,
            "eps": 0.15,
            "eps_growth_year": -10.44,
            "eps_4q": 0.48,
            "eps_4q_growth_year": -40.33,
            "roe": 1.41,
            "roe_4q": 5.15,
            "gross_profit": 420997,
            "gross_margin": 52.16,
            "gross_margin_4q_avg": 52.67,
            "net_income": 61826,
            "net_income_4q": null,
            "revenue": 807056,
            "revenue_4q": null,
            "common_shares": 988,
            "book_valuer_per_share": 4.49,
            "book_valuer_per_share_4q_avg": 4.5,
            "equity": 4392510,
            "current_ratio": 379.85,
            "debt_ratio": 15.6,
            "inventory_turnover_ratio": 1.27,
            "account_receivable_turnover_ratio": 2.01,
            "reinvestment_rate": -0.08,
            "research_to_sale_ratio": 36.26,
            "price_fair": 32.81,
            "eps_avg_yearly": 0.94,
            "eps_latest_yearly": 0.6,
            "eps_growth_yearly": 45.19
        },
        "20143": {
            "year_quarter": 20143,
            "year": 2014,
            "quarter": 3,
            "eps": 0.23,
            "eps_growth_year": 86.34,
            "eps_4q": 0.58,
            "eps_4q_growth_year": -1.39,
            "roe": 2.33,
            "roe_4q": 6.03,
            "gross_profit": 466245,
            "gross_margin": 50.07,
            "gross_margin_4q_avg": 52.18,
            "net_income": 103156,
            "net_income_4q": null,
            "revenue": 931226,
            "revenue_4q": null,
            "common_shares": 980,
            "book_valuer_per_share": 4.66,
            "book_valuer_per_share_4q_avg": 4.5,
            "equity": 4463219,
            "current_ratio": 359.02,
            "debt_ratio": 16.54,
            "inventory_turnover_ratio": 1.3,
            "account_receivable_turnover_ratio": 2.07,
            "reinvestment_rate": 0.28,
            "research_to_sale_ratio": 31.82,
            "price_fair": 21.76,
            "eps_avg_yearly": 0.93,
            "eps_latest_yearly": 0.92,
            "eps_growth_yearly": 13.53
        },
        "20144": {
            "year_quarter": 20144,
            "year": 2014,
            "quarter": 4,
            "eps": 0.2,
            "eps_growth_year": 109.54,
            "eps_4q": 0.69,
            "eps_4q_growth_year": 24.83,
            "roe": 2.13,
            "roe_4q": 7.07,
            "gross_profit": 454497,
            "gross_margin": 48.78,
            "gross_margin_4q_avg": 51.33,
            "net_income": 97129,
            "net_income_4q": null,
            "revenue": 931749,
            "revenue_4q": null,
            "common_shares": 1005,
            "book_valuer_per_share": 5,
            "book_valuer_per_share_4q_avg": 4.63,
            "equity": 4675910,
            "current_ratio": 435.93,
            "debt_ratio": 14.22,
            "inventory_turnover_ratio": 1.31,
            "account_receivable_turnover_ratio": 2.03,
            "reinvestment_rate": 0.23,
            "research_to_sale_ratio": 30.7,
            "price_fair": 14.94,
            "eps_avg_yearly": 0.9,
            "eps_latest_yearly": 0.8,
            "eps_growth_yearly": 6.69
        },
        "20151": {
            "year_quarter": 20151,
            "year": 2015,
            "quarter": 1,
            "eps": 0.19,
            "eps_growth_year": 79.93,
            "eps_4q": 0.77,
            "eps_4q_growth_year": 56.5,
            "roe": 2.11,
            "roe_4q": 7.98,
            "gross_profit": 463970,
            "gross_margin": 48.44,
            "gross_margin_4q_avg": 49.86,
            "net_income": 99479,
            "net_income_4q": null,
            "revenue": 957830,
            "revenue_4q": null,
            "common_shares": 1016,
            "book_valuer_per_share": 5.16,
            "book_valuer_per_share_4q_avg": 4.83,
            "equity": 4769487,
            "current_ratio": 390.88,
            "debt_ratio": 16.07,
            "inventory_turnover_ratio": 1.41,
            "account_receivable_turnover_ratio": 1.97,
            "reinvestment_rate": -0.39,
            "research_to_sale_ratio": 30.84,
            "price_fair": 14.03,
            "eps_avg_yearly": 0.87,
            "eps_latest_yearly": 0.76,
            "eps_growth_yearly": 6.22
        },
        "20152": {
            "year_quarter": 20152,
            "year": 2015,
            "quarter": 2,
            "eps": 0.27,
            "eps_growth_year": 77.66,
            "eps_4q": 0.89,
            "eps_4q_growth_year": 86.8,
            "roe": 2.85,
            "roe_4q": 9.42,
            "gross_profit": 483804,
            "gross_margin": 50.32,
            "gross_margin_4q_avg": 49.4,
            "net_income": 138870,
            "net_income_4q": null,
            "revenue": 961545,
            "revenue_4q": null,
            "common_shares": 1028,
            "book_valuer_per_share": 5.49,
            "book_valuer_per_share_4q_avg": 5.08,
            "equity": 4961534,
            "current_ratio": 415.29,
            "debt_ratio": 15.41,
            "inventory_turnover_ratio": 1.28,
            "account_receivable_turnover_ratio": 1.89,
            "reinvestment_rate": -0.99,
            "research_to_sale_ratio": 30.66,
            "price_fair": 21.37,
            "eps_avg_yearly": 0.85,
            "eps_latest_yearly": 1.08,
            "eps_growth_yearly": 15.14
        },
        "20153": {
            "year_quarter": 20153,
            "year": 2015,
            "quarter": 3,
            "eps": 0.22,
            "eps_growth_year": -4.17,
            "eps_4q": 0.88,
            "eps_4q_growth_year": 50.78,
            "roe": 2.31,
            "roe_4q": 9.399999999999999,
            "gross_profit": 475162,
            "gross_margin": 51.09,
            "gross_margin_4q_avg": 49.66,
            "net_income": 115304,
            "net_income_4q": null,
            "revenue": 930136,
            "revenue_4q": null,
            "common_shares": 1022,
            "book_valuer_per_share": 5.68,
            "book_valuer_per_share_4q_avg": 5.33,
            "equity": 5033910,
            "current_ratio": 465.88,
            "debt_ratio": 13.93,
            "inventory_turnover_ratio": 1.21,
            "account_receivable_turnover_ratio": 1.97,
            "reinvestment_rate": -1.44,
            "research_to_sale_ratio": 31.01,
            "price_fair": 13.54,
            "eps_avg_yearly": 0.81,
            "eps_latest_yearly": 0.88,
            "eps_growth_yearly": 6.72
        },
        "20154": {
            "year_quarter": 20154,
            "year": 2015,
            "quarter": 4,
            "eps": 0.18,
            "eps_growth_year": -11.63,
            "eps_4q": 0.86,
            "eps_4q_growth_year": 24.57,
            "roe": 1.6,
            "roe_4q": 8.87,
            "gross_profit": 440321,
            "gross_margin": 51.35,
            "gross_margin_4q_avg": 50.3,
            "net_income": 81693,
            "net_income_4q": null,
            "revenue": 857452,
            "revenue_4q": null,
            "common_shares": 1030,
            "book_valuer_per_share": 5.87,
            "book_valuer_per_share_4q_avg": 5.55,
            "equity": 5146089,
            "current_ratio": 524.66,
            "debt_ratio": 12.55,
            "inventory_turnover_ratio": 1.26,
            "account_receivable_turnover_ratio": 1.98,
            "reinvestment_rate": -1.56,
            "research_to_sale_ratio": 32.68,
            "price_fair": 11.95,
            "eps_avg_yearly": 0.77,
            "eps_latest_yearly": 0.72,
            "eps_growth_yearly": 5.46
        },
        "20161": {
            "year_quarter": 20161,
            "year": 2016,
            "quarter": 1,
            "eps": 0.03,
            "eps_growth_year": -85.56,
            "eps_4q": 0.69,
            "eps_4q_growth_year": -10.31,
            "roe": 0.27,
            "roe_4q": 7.029999999999999,
            "gross_profit": 373135,
            "gross_margin": 51.52,
            "gross_margin_4q_avg": 51.07,
            "net_income": 14090,
            "net_income_4q": null,
            "revenue": 724288,
            "revenue_4q": null,
            "common_shares": 1036,
            "book_valuer_per_share": 5.83,
            "book_valuer_per_share_4q_avg": 5.72,
            "equity": 5131272,
            "current_ratio": 539.47,
            "debt_ratio": 12.17,
            "inventory_turnover_ratio": 1.08,
            "account_receivable_turnover_ratio": 1.78,
            "reinvestment_rate": -3.21,
            "research_to_sale_ratio": 38.54,
            "price_fair": 2.18,
            "eps_avg_yearly": 0.73,
            "eps_latest_yearly": 0.12,
            "eps_growth_yearly": -7.04
        },
        "20162": {
            "year_quarter": 20162,
            "year": 2016,
            "quarter": 2,
            "eps": -0.65,
            "eps_growth_year": -345.2,
            "eps_4q": -0.23,
            "eps_4q_growth_year": -125.81,
            "roe": -16.52,
            "roe_4q": -12.34,
            "gross_profit": 248773,
            "gross_margin": 35.01,
            "gross_margin_4q_avg": 47.24,
            "net_income": -771940,
            "net_income_4q": null,
            "revenue": 710492,
            "revenue_4q": null,
            "common_shares": 1015,
            "book_valuer_per_share": 4.13,
            "book_valuer_per_share_4q_avg": 5.38,
            "equity": 4213997,
            "current_ratio": 231.41,
            "debt_ratio": 25.63,
            "inventory_turnover_ratio": 1.38,
            "account_receivable_turnover_ratio": 1.75,
            "reinvestment_rate": -10.77,
            "research_to_sale_ratio": 40.26,
            "price_fair": 2.07,
            "eps_avg_yearly": 0.69,
            "eps_latest_yearly": 0.12,
            "eps_growth_yearly": -18.41
        },
        "20163": {
            "year_quarter": 20163,
            "year": 2016,
            "quarter": 3,
            "eps": -0.06,
            "eps_growth_year": -125.13,
            "eps_4q": -0.51,
            "eps_4q_growth_year": -157.67,
            "roe": -1.39,
            "roe_4q": -16.04,
            "gross_profit": 305921,
            "gross_margin": 45.33,
            "gross_margin_4q_avg": 45.8,
            "net_income": -57750,
            "net_income_4q": null,
            "revenue": 674890,
            "revenue_4q": null,
            "common_shares": 1010,
            "book_valuer_per_share": 3.95,
            "book_valuer_per_share_4q_avg": 4.95,
            "equity": 4111483,
            "current_ratio": 230.84,
            "debt_ratio": 25.33,
            "inventory_turnover_ratio": 1.22,
            "account_receivable_turnover_ratio": 1.69,
            "reinvestment_rate": -26.31,
            "research_to_sale_ratio": 37.43,
            "price_fair": 1.94,
            "eps_avg_yearly": 0.65,
            "eps_latest_yearly": 0.12,
            "eps_growth_yearly": -21.57
        },
        "20164": {
            "year_quarter": 20164,
            "year": 2016,
            "quarter": 4,
            "eps": 0.01,
            "eps_growth_year": -92.07,
            "eps_4q": -0.67,
            "eps_4q_growth_year": -178.16,
            "roe": 0.1,
            "roe_4q": -17.54,
            "gross_profit": 313555,
            "gross_margin": 50.89,
            "gross_margin_4q_avg": 45.69,
            "net_income": 4200,
            "net_income_4q": null,
            "revenue": 616158,
            "revenue_4q": null,
            "common_shares": 1015,
            "book_valuer_per_share": 4.09,
            "book_valuer_per_share_4q_avg": 4.5,
            "equity": 4140123,
            "current_ratio": 241.04,
            "debt_ratio": 23.92,
            "inventory_turnover_ratio": 1.26,
            "account_receivable_turnover_ratio": 1.75,
            "reinvestment_rate": -44.16,
            "research_to_sale_ratio": 38.31,
            "price_fair": 1.96,
            "eps_avg_yearly": 0.65,
            "eps_latest_yearly": 0.12,
            "eps_growth_yearly": -5.52
        },
        "20171": {
            "year_quarter": 20171,
            "year": 2017,
            "quarter": 1,
            "eps": -0.01,
            "eps_growth_year": -131.28,
            "eps_4q": -0.7,
            "eps_4q_growth_year": -201.84,
            "roe": -0.18,
            "roe_4q": -17.99,
            "gross_profit": 273700,
            "gross_margin": 53.29,
            "gross_margin_4q_avg": 46.13,
            "net_income": -7292,
            "net_income_4q": null,
            "revenue": 513633,
            "revenue_4q": null,
            "common_shares": 1022,
            "book_valuer_per_share": 3.93,
            "book_valuer_per_share_4q_avg": 4.03,
            "equity": 4099818,
            "current_ratio": 443.53,
            "debt_ratio": 11.97,
            "inventory_turnover_ratio": 1.21,
            "account_receivable_turnover_ratio": 1.7,
            "reinvestment_rate": -78.17,
            "research_to_sale_ratio": 42.75,
            "price_fair": 1.96,
            "eps_avg_yearly": 0.65,
            "eps_latest_yearly": 0.12,
            "eps_growth_yearly": -10.74
        },
        "20172": {
            "year_quarter": 20172,
            "year": 2017,
            "quarter": 2,
            "eps": 0.12,
            "eps_growth_year": null,
            "eps_4q": 0.07,
            "eps_4q_growth_year": null,
            "roe": 1.51,
            "roe_4q": 0.04000000000000026,
            "gross_profit": 326919,
            "gross_margin": 54.73,
            "gross_margin_4q_avg": 51.06,
            "net_income": 62466,
            "net_income_4q": null,
            "revenue": 597346,
            "revenue_4q": null,
            "common_shares": 1022,
            "book_valuer_per_share": 4.06,
            "book_valuer_per_share_4q_avg": 4.01,
            "equity": 4159088,
            "current_ratio": 442.09,
            "debt_ratio": 11.82,
            "inventory_turnover_ratio": 1.35,
            "account_receivable_turnover_ratio": 1.9,
            "reinvestment_rate": -102.65,
            "research_to_sale_ratio": 34.86,
            "price_fair": 1.95,
            "eps_avg_yearly": 0.65,
            "eps_latest_yearly": 0.12,
            "eps_growth_yearly": -13.99
        },
        "20173": {
            "year_quarter": 20173,
            "year": 2017,
            "quarter": 3,
            "eps": 0.16,
            "eps_growth_year": null,
            "eps_4q": 0.29,
            "eps_4q_growth_year": null,
            "roe": 1.99,
            "roe_4q": 3.42,
            "gross_profit": 356894,
            "gross_margin": 57.23,
            "gross_margin_4q_avg": 54.04,
            "net_income": 83173,
            "net_income_4q": null,
            "revenue": 623651,
            "revenue_4q": null,
            "common_shares": 1017,
            "book_valuer_per_share": 4.09,
            "book_valuer_per_share_4q_avg": 4.04,
            "equity": 4180494,
            "current_ratio": 449.31,
            "debt_ratio": 12.07,
            "inventory_turnover_ratio": 1.33,
            "account_receivable_turnover_ratio": 1.75,
            "reinvestment_rate": -86.76,
            "research_to_sale_ratio": 32.42,
            "price_fair": 12.53,
            "eps_avg_yearly": 0.67,
            "eps_latest_yearly": 0.64,
            "eps_growth_yearly": 8.83
        },
        "20174": {
            "year_quarter": 20174,
            "year": 2017,
            "quarter": 4,
            "eps": -0.01,
            "eps_growth_year": -166.64,
            "eps_4q": 0.27,
            "eps_4q_growth_year": null,
            "roe": -1.55,
            "roe_4q": 1.77,
            "gross_profit": 325915,
            "gross_margin": 57.55,
            "gross_margin_4q_avg": 55.7,
            "net_income": -63526,
            "net_income_4q": null,
            "revenue": 566362,
            "revenue_4q": null,
            "common_shares": 1012,
            "book_valuer_per_share": 4.01,
            "book_valuer_per_share_4q_avg": 4.02,
            "equity": 4027651,
            "current_ratio": 461.39,
            "debt_ratio": 13.36,
            "inventory_turnover_ratio": 1.3,
            "account_receivable_turnover_ratio": 1.62,
            "reinvestment_rate": -1213.61,
            "research_to_sale_ratio": 31.2,
            "price_fair": 20.68,
            "eps_avg_yearly": 0.7,
            "eps_latest_yearly": 0.64,
            "eps_growth_yearly": 19.71
        },
        "20181": {
            "year_quarter": 20181,
            "year": 2018,
            "quarter": 1,
            "eps": 0.19,
            "eps_growth_year": null,
            "eps_4q": 0.47,
            "eps_4q_growth_year": null,
            "roe": 2.49,
            "roe_4q": 4.44,
            "gross_profit": 345511,
            "gross_margin": 60.33,
            "gross_margin_4q_avg": 57.46,
            "net_income": 99592,
            "net_income_4q": null,
            "revenue": 572709,
            "revenue_4q": null,
            "common_shares": 1001,
            "book_valuer_per_share": 3.89,
            "book_valuer_per_share_4q_avg": 4.01,
            "equity": 3961846,
            "current_ratio": 419.98,
            "debt_ratio": 14.55,
            "inventory_turnover_ratio": 1.3,
            "account_receivable_turnover_ratio": 1.65,
            "reinvestment_rate": -255.29,
            "research_to_sale_ratio": 32.93,
            "price_fair": 15.96,
            "eps_avg_yearly": 0.72,
            "eps_latest_yearly": 0.64,
            "eps_growth_yearly": 12.03
        },
        "20182": {
            "year_quarter": 20182,
            "year": 2018,
            "quarter": 2,
            "eps": 0.27,
            "eps_growth_year": 121.37,
            "eps_4q": 0.62,
            "eps_4q_growth_year": 757.42,
            "roe": 3.41,
            "roe_4q": 6.340000000000001,
            "gross_profit": 365178,
            "gross_margin": 60.38,
            "gross_margin_4q_avg": 58.87,
            "net_income": 135450,
            "net_income_4q": null,
            "revenue": 604750,
            "revenue_4q": null,
            "common_shares": 991,
            "book_valuer_per_share": 3.99,
            "book_valuer_per_share_4q_avg": 4,
            "equity": 3974097,
            "current_ratio": 477.54,
            "debt_ratio": 13.37,
            "inventory_turnover_ratio": 1.36,
            "account_receivable_turnover_ratio": 1.66,
            "reinvestment_rate": -114.86,
            "research_to_sale_ratio": 30.12,
            "price_fair": 19.12,
            "eps_avg_yearly": 0.78,
            "eps_latest_yearly": 1.08,
            "eps_growth_yearly": 14.58
        },
        "20183": {
            "year_quarter": 20183,
            "year": 2018,
            "quarter": 3,
            "eps": 0.3,
            "eps_growth_year": 87.36,
            "eps_4q": 0.76,
            "eps_4q_growth_year": 162.28,
            "roe": 3.72,
            "roe_4q": 8.07,
            "gross_profit": 377769,
            "gross_margin": 61.3,
            "gross_margin_4q_avg": 59.89,
            "net_income": 149337,
            "net_income_4q": null,
            "revenue": 616302,
            "revenue_4q": null,
            "common_shares": 982,
            "book_valuer_per_share": 4.21,
            "book_valuer_per_share_4q_avg": 4.03,
            "equity": 4060949,
            "current_ratio": 493.31,
            "debt_ratio": 13.27,
            "inventory_turnover_ratio": 1.37,
            "account_receivable_turnover_ratio": 1.67,
            "reinvestment_rate": -104.75,
            "research_to_sale_ratio": 26.61,
            "price_fair": 2.43,
            "eps_avg_yearly": 0.81,
            "eps_latest_yearly": 1.2,
            "eps_growth_yearly": -4.19
        },
        "20184": {
            "year_quarter": 20184,
            "year": 2018,
            "quarter": 4,
            "eps": 0.2,
            "eps_growth_year": null,
            "eps_4q": 0.97,
            "eps_4q_growth_year": 265.69,
            "roe": 1.19,
            "roe_4q": 10.81,
            "gross_profit": 373482,
            "gross_margin": 60.69,
            "gross_margin_4q_avg": 60.68,
            "net_income": 48763,
            "net_income_4q": null,
            "revenue": 615409,
            "revenue_4q": null,
            "common_shares": 991,
            "book_valuer_per_share": 4.33,
            "book_valuer_per_share_4q_avg": 4.11,
            "equity": 4141413,
            "current_ratio": 561.32,
            "debt_ratio": 12.04,
            "inventory_turnover_ratio": 1.41,
            "account_receivable_turnover_ratio": 1.9,
            "reinvestment_rate": -133.09,
            "research_to_sale_ratio": 30.3,
            "price_fair": 2.43,
            "eps_avg_yearly": 0.81,
            "eps_latest_yearly": 0.8,
            "eps_growth_yearly": -13.21
        },
        "20191": {
            "year_quarter": 20191,
            "year": 2019,
            "quarter": 1,
            "eps": 0.29,
            "eps_growth_year": 46.89,
            "eps_4q": 1.06,
            "eps_4q_growth_year": 126.86,
            "roe": 3.05,
            "roe_4q": 11.370000000000001,
            "gross_profit": 375693,
            "gross_margin": 62.14,
            "gross_margin_4q_avg": 61.13,
            "net_income": 128612,
            "net_income_4q": null,
            "revenue": 604631,
            "revenue_4q": null,
            "common_shares": 1000,
            "book_valuer_per_share": 4.59,
            "book_valuer_per_share_4q_avg": 4.28,
            "equity": 4285511,
            "current_ratio": 550.58,
            "debt_ratio": 11.9,
            "inventory_turnover_ratio": 1.35,
            "account_receivable_turnover_ratio": 1.98,
            "reinvestment_rate": -95.38,
            "research_to_sale_ratio": 29.23,
            "price_fair": 16.23,
            "eps_avg_yearly": 0.85,
            "eps_latest_yearly": 1.16,
            "eps_growth_yearly": 9.02
        },
        "20192": {
            "year_quarter": 20192,
            "year": 2019,
            "quarter": 2,
            "eps": 0.09,
            "eps_growth_year": -67.38,
            "eps_4q": 0.88,
            "eps_4q_growth_year": 42.64,
            "roe": 0.11,
            "roe_4q": 8.07,
            "gross_profit": 377110,
            "gross_margin": 56.68,
            "gross_margin_4q_avg": 60.2,
            "net_income": 6759,
            "net_income_4q": null,
            "revenue": 665310,
            "revenue_4q": null,
            "common_shares": 1316,
            "book_valuer_per_share": -0.84,
            "book_valuer_per_share_4q_avg": 3.07,
            "equity": 7665066,
            "current_ratio": 253.84,
            "debt_ratio": 26.03,
            "inventory_turnover_ratio": 0.9,
            "account_receivable_turnover_ratio": 1.72,
            "reinvestment_rate": -120.29,
            "research_to_sale_ratio": 32.51,
            "price_fair": 2.32,
            "eps_avg_yearly": 0.77,
            "eps_latest_yearly": 0.36,
            "eps_growth_yearly": -40.35
        },
        "20193": {
            "year_quarter": 20193,
            "year": 2019,
            "quarter": 3,
            "eps": -0.04,
            "eps_growth_year": -114.69,
            "eps_4q": 0.53,
            "eps_4q_growth_year": -29.58,
            "roe": -0.71,
            "roe_4q": 3.6399999999999997,
            "gross_profit": 383587,
            "gross_margin": 45.07,
            "gross_margin_4q_avg": 56.15,
            "net_income": -53767,
            "net_income_4q": null,
            "revenue": 851051,
            "revenue_4q": null,
            "common_shares": 1314,
            "book_valuer_per_share": -0.86,
            "book_valuer_per_share_4q_avg": 1.81,
            "equity": 7575279,
            "current_ratio": 231.67,
            "debt_ratio": 25.97,
            "inventory_turnover_ratio": 1.1,
            "account_receivable_turnover_ratio": 1.9,
            "reinvestment_rate": 33.55,
            "research_to_sale_ratio": 30.55,
            "price_fair": 2.28,
            "eps_avg_yearly": 0.76,
            "eps_latest_yearly": 0.36,
            "eps_growth_yearly": -36.13
        },
        "20194": {
            "year_quarter": 20194,
            "year": 2019,
            "quarter": 4,
            "eps": -0.39,
            "eps_growth_year": -289.1,
            "eps_4q": -0.06,
            "eps_4q_growth_year": -105.93,
            "roe": -3.5,
            "roe_4q": -1.0499999999999998,
            "gross_profit": 322002,
            "gross_margin": 43.23,
            "gross_margin_4q_avg": 51.78,
            "net_income": -260698,
            "net_income_4q": null,
            "revenue": 744799,
            "revenue_4q": null,
            "common_shares": 1317,
            "book_valuer_per_share": -1.14,
            "book_valuer_per_share_4q_avg": 0.44,
            "equity": 7306410,
            "current_ratio": 219.11,
            "debt_ratio": 27.06,
            "inventory_turnover_ratio": 1.3,
            "account_receivable_turnover_ratio": 1.57,
            "reinvestment_rate": 5.42,
            "research_to_sale_ratio": 33.23,
            "price_fair": 2.3,
            "eps_avg_yearly": 0.77,
            "eps_latest_yearly": 0.36,
            "eps_growth_yearly": -30.9
        },
        "20201": {
            "year_quarter": 20201,
            "year": 2020,
            "quarter": 1,
            "eps": -0.06,
            "eps_growth_year": -121.89,
            "eps_4q": -0.41,
            "eps_4q_growth_year": -138.13,
            "roe": -0.67,
            "roe_4q": -4.77,
            "gross_profit": 361428,
            "gross_margin": 54.56,
            "gross_margin_4q_avg": 49.89,
            "net_income": -48450,
            "net_income_4q": null,
            "revenue": 662452,
            "revenue_4q": null,
            "common_shares": 1323,
            "book_valuer_per_share": -1.13,
            "book_valuer_per_share_4q_avg": -0.99,
            "equity": 7230132,
            "current_ratio": 207.44,
            "debt_ratio": 28.05,
            "inventory_turnover_ratio": 1.12,
            "account_receivable_turnover_ratio": 1.38,
            "reinvestment_rate": -19.13,
            "research_to_sale_ratio": 39.35,
            "price_fair": 25.76,
            "eps_avg_yearly": 0.87,
            "eps_latest_yearly": 0.36,
            "eps_growth_yearly": 19.5
        },
        "20202": {
            "year_quarter": 20202,
            "year": 2020,
            "quarter": 2,
            "eps": -0.05,
            "eps_growth_year": -156.11,
            "eps_4q": -0.54,
            "eps_4q_growth_year": -161.72,
            "roe": -0.79,
            "roe_4q": -5.67,
            "gross_profit": 350702,
            "gross_margin": 53.41,
            "gross_margin_4q_avg": 49.07,
            "net_income": -57331,
            "net_income_4q": null,
            "revenue": 656568,
            "revenue_4q": null,
            "common_shares": 1334,
            "book_valuer_per_share": -0.19,
            "book_valuer_per_share_4q_avg": -0.83,
            "equity": 7203812,
            "current_ratio": 306.35,
            "debt_ratio": 27.83,
            "inventory_turnover_ratio": 1.22,
            "account_receivable_turnover_ratio": 1.42,
            "reinvestment_rate": 61.5,
            "research_to_sale_ratio": 40.57,
            "price_fair": 25.76,
            "eps_avg_yearly": 0.87,
            "eps_latest_yearly": 0.36,
            "eps_growth_yearly": 19.5
        },
        "20203": {
            "year_quarter": 20203,
            "year": 2020,
            "quarter": 3,
            "eps": -0.11,
            "eps_growth_year": null,
            "eps_4q": -0.61,
            "eps_4q_growth_year": -214.08,
            "roe": -1.15,
            "roe_4q": -6.109999999999999,
            "gross_profit": 340067,
            "gross_margin": 51.33,
            "gross_margin_4q_avg": 50.63,
            "net_income": -82501,
            "net_income_4q": null,
            "revenue": 662470,
            "revenue_4q": null,
            "common_shares": 1341,
            "book_valuer_per_share": -0.74,
            "book_valuer_per_share_4q_avg": -0.8,
            "equity": 7165818,
            "current_ratio": 288.27,
            "debt_ratio": 30.45,
            "inventory_turnover_ratio": 1.18,
            "account_receivable_turnover_ratio": 1.4,
            "reinvestment_rate": 84.09,
            "research_to_sale_ratio": 40.42,
            "price_fair": 25.76,
            "eps_avg_yearly": 0.87,
            "eps_latest_yearly": 0.36,
            "eps_growth_yearly": 19.5
        },
        "20204": {
            "year_quarter": 20204,
            "year": 2020,
            "quarter": 4,
            "eps": 2.56,
            "eps_growth_year": null,
            "eps_4q": 2.34,
            "eps_4q_growth_year": null,
            "roe": 22.38,
            "roe_4q": 19.77,
            "gross_profit": 304744,
            "gross_margin": 42.46,
            "gross_margin_4q_avg": 50.44,
            "net_income": 1772673,
            "net_income_4q": null,
            "revenue": 717671,
            "revenue_4q": null,
            "common_shares": 1328,
            "book_valuer_per_share": 0.87,
            "book_valuer_per_share_4q_avg": -0.3,
            "equity": 8678580,
            "current_ratio": 216.5,
            "debt_ratio": 22.05,
            "inventory_turnover_ratio": 1.31,
            "account_receivable_turnover_ratio": 1.45,
            "reinvestment_rate": 8.87,
            "research_to_sale_ratio": 38.93,
            "price_fair": 25.76,
            "eps_avg_yearly": 0.87,
            "eps_latest_yearly": 0.36,
            "eps_growth_yearly": 19.5
        },
        "20211": {
            "year_quarter": 20211,
            "year": 2021,
            "quarter": 1,
            "eps": -0.14,
            "eps_growth_year": null,
            "eps_4q": 2.26,
            "eps_4q_growth_year": null,
            "roe": -1.31,
            "roe_4q": 19.130000000000003,
            "gross_profit": 326902,
            "gross_margin": 47.13,
            "gross_margin_4q_avg": 48.58,
            "net_income": -113033,
            "net_income_4q": null,
            "revenue": 693641,
            "revenue_4q": null,
            "common_shares": 1330,
            "book_valuer_per_share": 0.4,
            "book_valuer_per_share_4q_avg": 0.09,
            "equity": 8535622,
            "current_ratio": 214.14,
            "debt_ratio": 22.27,
            "inventory_turnover_ratio": 1.24,
            "account_receivable_turnover_ratio": 1.44,
            "reinvestment_rate": 10.14,
            "research_to_sale_ratio": 39.59,
            "price_fair": 25.76,
            "eps_avg_yearly": 0.87,
            "eps_latest_yearly": 0.36,
            "eps_growth_yearly": 19.5
        },
        "20212": {
            "year_quarter": 20212,
            "year": 2021,
            "quarter": 2,
            "eps": -0.11,
            "eps_growth_year": null,
            "eps_4q": 2.2,
            "eps_4q_growth_year": null,
            "roe": -1.86,
            "roe_4q": 18.060000000000002,
            "gross_profit": 359256,
            "gross_margin": 49.4,
            "gross_margin_4q_avg": 47.58,
            "net_income": -157893,
            "net_income_4q": null,
            "revenue": 727297,
            "revenue_4q": null,
            "common_shares": 1340,
            "book_valuer_per_share": 0.53,
            "book_valuer_per_share_4q_avg": 0.27,
            "equity": 8417537,
            "current_ratio": 133.25,
            "debt_ratio": 22.96,
            "inventory_turnover_ratio": 1.38,
            "account_receivable_turnover_ratio": 1.53,
            "reinvestment_rate": 10.12,
            "research_to_sale_ratio": 37.51,
            "price_fair": 25.76,
            "eps_avg_yearly": 0.87,
            "eps_latest_yearly": 0.36,
            "eps_growth_yearly": 19.5
        },
        "20213": {
            "year_quarter": 20213,
            "year": 2021,
            "quarter": 3,
            "eps": -0.02,
            "eps_growth_year": null,
            "eps_4q": 2.29,
            "eps_4q_growth_year": null,
            "roe": -0.27,
            "roe_4q": 18.939999999999998,
            "gross_profit": 381060,
            "gross_margin": 50.8,
            "gross_margin_4q_avg": 47.45,
            "net_income": -22908,
            "net_income_4q": null,
            "revenue": 750143,
            "revenue_4q": null,
            "common_shares": 1343,
            "book_valuer_per_share": 0.68,
            "book_valuer_per_share_4q_avg": 0.62,
            "equity": 8389617,
            "current_ratio": 142.06,
            "debt_ratio": 22.5,
            "inventory_turnover_ratio": 1.39,
            "account_receivable_turnover_ratio": 1.54,
            "reinvestment_rate": 13.3,
            "research_to_sale_ratio": 33.63,
            "price_fair": 2.76,
            "eps_avg_yearly": 0.92,
            "eps_latest_yearly": 0.36,
            "eps_growth_yearly": -3.27
        },
        "20214": {
            "year_quarter": 20214,
            "year": 2021,
            "quarter": 4,
            "eps": 0.08,
            "eps_growth_year": -97.08,
            "eps_4q": -0.2,
            "eps_4q_growth_year": -108.49,
            "roe": 0.2,
            "roe_4q": -3.24,
            "gross_profit": 421132,
            "gross_margin": 52.79,
            "gross_margin_4q_avg": 50.03,
            "net_income": 16536,
            "net_income_4q": null,
            "revenue": 797819,
            "revenue_4q": null,
            "common_shares": 1350,
            "book_valuer_per_share": 0.87,
            "book_valuer_per_share_4q_avg": 0.62,
            "equity": 8435804,
            "current_ratio": 150.14,
            "debt_ratio": 21.64,
            "inventory_turnover_ratio": 1.4,
            "account_receivable_turnover_ratio": 1.55,
            "reinvestment_rate": 12.05,
            "research_to_sale_ratio": 34.08,
            "price_fair": 2.76,
            "eps_avg_yearly": 0.92,
            "eps_latest_yearly": 0.36,
            "eps_growth_yearly": -3.27
        },
        "20221": {
            "year_quarter": 20221,
            "year": 2022,
            "quarter": 1,
            "eps": -0.07,
            "eps_growth_year": null,
            "eps_4q": -0.13,
            "eps_4q_growth_year": -105.66,
            "roe": -0.76,
            "roe_4q": -2.6900000000000004,
            "gross_profit": 418141,
            "gross_margin": 50.24,
            "gross_margin_4q_avg": 50.81,
            "net_income": -88242,
            "net_income_4q": null,
            "revenue": 832279,
            "revenue_4q": null,
            "common_shares": 1633,
            "book_valuer_per_share": -3.61,
            "book_valuer_per_share_4q_avg": -0.38,
            "equity": 14855370,
            "current_ratio": 162.73,
            "debt_ratio": 30.03,
            "inventory_turnover_ratio": 1.03,
            "account_receivable_turnover_ratio": 1.35,
            "reinvestment_rate": 25.14,
            "research_to_sale_ratio": 34.38,
            "price_fair": 2.76,
            "eps_avg_yearly": 0.92,
            "eps_latest_yearly": 0.36,
            "eps_growth_yearly": -3.27
        },
        "20222": {
            "year_quarter": 20222,
            "year": 2022,
            "quarter": 2,
            "eps": -0.32,
            "eps_growth_year": null,
            "eps_4q": -0.34,
            "eps_4q_growth_year": -115.38,
            "roe": -1.87,
            "roe_4q": -2.6999999999999997,
            "gross_profit": 371830,
            "gross_margin": 34.56,
            "gross_margin_4q_avg": 47.1,
            "net_income": -276428,
            "net_income_4q": null,
            "revenue": 1075881,
            "revenue_4q": null,
            "common_shares": 1646,
            "book_valuer_per_share": -3.45,
            "book_valuer_per_share_4q_avg": -1.38,
            "equity": 14741197,
            "current_ratio": 175.99,
            "debt_ratio": 29.26,
            "inventory_turnover_ratio": 1.41,
            "account_receivable_turnover_ratio": 1.45,
            "reinvestment_rate": 39.24,
            "research_to_sale_ratio": 34.12,
            "price_fair": 2.64,
            "eps_avg_yearly": 0.88,
            "eps_latest_yearly": 0.36,
            "eps_growth_yearly": -46.19
        },
        "20223": {
            "year_quarter": 20223,
            "year": 2022,
            "quarter": 3,
            "eps": -0.07,
            "eps_growth_year": null,
            "eps_4q": -0.39,
            "eps_4q_growth_year": -117.07,
            "roe": -0.41,
            "roe_4q": -2.84,
            "gross_profit": 587820,
            "gross_margin": 48.53,
            "gross_margin_4q_avg": 46.53,
            "net_income": -62532,
            "net_income_4q": null,
            "revenue": 1211245,
            "revenue_4q": null,
            "common_shares": 1682,
            "book_valuer_per_share": -3.21,
            "book_valuer_per_share_4q_avg": -2.35,
            "equity": 15686344,
            "current_ratio": 181.39,
            "debt_ratio": 28.76,
            "inventory_turnover_ratio": 1.15,
            "account_receivable_turnover_ratio": 1.37,
            "reinvestment_rate": 52.77,
            "research_to_sale_ratio": 30.7,
            "price_fair": 2.32,
            "eps_avg_yearly": 0.77,
            "eps_latest_yearly": 0.36,
            "eps_growth_yearly": -76.4
        },
        "20224": {
            "year_quarter": 20224,
            "year": 2022,
            "quarter": 4,
            "eps": 0.01,
            "eps_growth_year": -88.92,
            "eps_4q": -0.46,
            "eps_4q_growth_year": null,
            "roe": 0.04,
            "roe_4q": -3,
            "gross_profit": 686434,
            "gross_margin": 51.11,
            "gross_margin_4q_avg": 46.11,
            "net_income": 6168,
            "net_income_4q": null,
            "revenue": 1342978,
            "revenue_4q": null,
            "common_shares": 1692,
            "book_valuer_per_share": -2.9,
            "book_valuer_per_share_4q_avg": -3.29,
            "equity": 15702097,
            "current_ratio": 179.57,
            "debt_ratio": 28.98,
            "inventory_turnover_ratio": 0.97,
            "account_receivable_turnover_ratio": 1.33,
            "reinvestment_rate": 55.33,
            "research_to_sale_ratio": 29.73,
            "price_fair": 2.28,
            "eps_avg_yearly": 0.76,
            "eps_latest_yearly": 0.36,
            "eps_growth_yearly": -47.93
        },
        "20231": {
            "year_quarter": 20231,
            "year": 2023,
            "quarter": 1,
            "eps": -0.19,
            "eps_growth_year": null,
            "eps_4q": -0.57,
            "eps_4q_growth_year": null,
            "roe": -1.06,
            "roe_4q": -3.3,
            "gross_profit": 750900,
            "gross_margin": 51.9,
            "gross_margin_4q_avg": 46.53,
            "net_income": -165700,
            "net_income_4q": null,
            "revenue": 1446900,
            "revenue_4q": null,
            "common_shares": 1700,
            "book_valuer_per_share": -2.92,
            "book_valuer_per_share_4q_avg": -3.12,
            "equity": 15465000,
            "current_ratio": 167.23,
            "debt_ratio": 29.83,
            "inventory_turnover_ratio": 0.89,
            "account_receivable_turnover_ratio": 1.29,
            "reinvestment_rate": 76.35,
            "research_to_sale_ratio": 30.69,
            "price_fair": 1.08,
            "eps_avg_yearly": 0.36,
            "eps_latest_yearly": 0.36,
            "eps_growth_yearly": -275.86
        },
        "20232": {
            "year_quarter": 20232,
            "year": 2023,
            "quarter": 2,
            "eps": 0.07,
            "eps_growth_year": null,
            "eps_4q": -0.18,
            "eps_4q_growth_year": null,
            "roe": 0.03,
            "roe_4q": -1.4,
            "gross_profit": 786000,
            "gross_margin": 51.82,
            "gross_margin_4q_avg": 50.84,
            "net_income": 4300,
            "net_income_4q": null,
            "revenue": 1516900,
            "revenue_4q": null,
            "common_shares": 1700,
            "book_valuer_per_share": -2.57,
            "book_valuer_per_share_4q_avg": -2.9,
            "equity": 15530200,
            "current_ratio": 135.22,
            "debt_ratio": 29.92,
            "inventory_turnover_ratio": 0.84,
            "account_receivable_turnover_ratio": 1.22,
            "reinvestment_rate": 80.62,
            "research_to_sale_ratio": 29.6,
            "price_fair": 0,
            "eps_avg_yearly": 0,
            "eps_latest_yearly": 0,
            "eps_growth_yearly": 0
        },
        "20233": {
            "year_quarter": 20233,
            "year": 2023,
            "quarter": 3,
            "eps": 0.03,
            "eps_growth_year": null,
            "eps_4q": -0.08,
            "eps_4q_growth_year": null,
            "roe": 0.09,
            "roe_4q": -0.9,
            "gross_profit": 777300,
            "gross_margin": 50.56,
            "gross_margin_4q_avg": 51.35,
            "net_income": 13300,
            "net_income_4q": null,
            "revenue": 1537300,
            "revenue_4q": null,
            "common_shares": 1700,
            "book_valuer_per_share": -2.17,
            "book_valuer_per_share_4q_avg": -2.64,
            "equity": 15559000,
            "current_ratio": 131.37,
            "debt_ratio": 30.92,
            "inventory_turnover_ratio": 0.81,
            "account_receivable_turnover_ratio": 1.15,
            "reinvestment_rate": 84.51,
            "research_to_sale_ratio": 29.15,
            "price_fair": 0.36,
            "eps_avg_yearly": 0.12,
            "eps_latest_yearly": 0.12,
            "eps_growth_yearly": -228.57
        },
        "20234": {
            "year_quarter": 20234,
            "year": 2023,
            "quarter": 4,
            "eps": -0.02,
            "eps_growth_year": -284.96,
            "eps_4q": -0.1,
            "eps_4q_growth_year": null,
            "roe": -0.1,
            "roe_4q": -1.04,
            "gross_profit": 673300,
            "gross_margin": 47.47,
            "gross_margin_4q_avg": 50.44,
            "net_income": -15400,
            "net_income_4q": null,
            "revenue": 1418500,
            "revenue_4q": null,
            "common_shares": 1700,
            "book_valuer_per_share": -1.74,
            "book_valuer_per_share_4q_avg": -2.35,
            "equity": 15637200,
            "current_ratio": 137.47,
            "debt_ratio": 30.57,
            "inventory_turnover_ratio": 0.74,
            "account_receivable_turnover_ratio": 1.1,
            "reinvestment_rate": 47.54,
            "research_to_sale_ratio": 31.24,
            "price_fair": 0.36,
            "eps_avg_yearly": 0.12,
            "eps_latest_yearly": 0.12,
            "eps_growth_yearly": -228.57
        },
        "20241": {
            "year_quarter": 20241,
            "year": 2024,
            "quarter": 1,
            "eps": -0.15,
            "eps_growth_year": null,
            "eps_4q": -0.07,
            "eps_4q_growth_year": null,
            "roe": -1.09,
            "roe_4q": -1.07,
            "gross_profit": 557200,
            "gross_margin": 42.16,
            "gross_margin_4q_avg": 48,
            "net_income": -168900,
            "net_income_4q": null,
            "revenue": 1321700,
            "revenue_4q": null,
            "common_shares": 1700,
            "book_valuer_per_share": -1.54,
            "book_valuer_per_share_4q_avg": -2.01,
            "equity": 15493900,
            "current_ratio": 104.62,
            "debt_ratio": 30.44,
            "inventory_turnover_ratio": 0.73,
            "account_receivable_turnover_ratio": 1.21,
            "reinvestment_rate": 67.25,
            "research_to_sale_ratio": 36.37,
            "price_fair": 0.36,
            "eps_avg_yearly": 0.12,
            "eps_latest_yearly": 0.12,
            "eps_growth_yearly": -228.57
        },
        "20242": {
            "year_quarter": 20242,
            "year": 2024,
            "quarter": 2,
            "eps": -0.21,
            "eps_growth_year": -397.67,
            "eps_4q": -0.35,
            "eps_4q_growth_year": null,
            "roe": -1.34,
            "roe_4q": -2.4400000000000004,
            "gross_profit": 521100,
            "gross_margin": 38.86,
            "gross_margin_4q_avg": 44.76,
            "net_income": -207500,
            "net_income_4q": null,
            "revenue": 1340900,
            "revenue_4q": null,
            "common_shares": 1700,
            "book_valuer_per_share": -1.27,
            "book_valuer_per_share_4q_avg": -1.68,
            "equity": 15389500,
            "current_ratio": 103.05,
            "debt_ratio": 29.24,
            "inventory_turnover_ratio": 0.8,
            "account_receivable_turnover_ratio": 1.21,
            "reinvestment_rate": 103.77,
            "research_to_sale_ratio": 35.41,
            "price_fair": 0.36,
            "eps_avg_yearly": 0.12,
            "eps_latest_yearly": 0.12,
            "eps_growth_yearly": -228.57
        },
        "20243": {
            "year_quarter": 20243,
            "year": 2024,
            "quarter": 3,
            "eps": -0.19,
            "eps_growth_year": -788.06,
            "eps_4q": -0.56,
            "eps_4q_growth_year": null,
            "roe": -1.07,
            "roe_4q": -3.6,
            "gross_profit": 551200,
            "gross_margin": 38.86,
            "gross_margin_4q_avg": 41.84,
            "net_income": -164300,
            "net_income_4q": null,
            "revenue": 1418600,
            "revenue_4q": null,
            "common_shares": 1700,
            "book_valuer_per_share": -1.12,
            "book_valuer_per_share_4q_avg": -1.42,
            "equity": 15233400,
            "current_ratio": 158.18,
            "debt_ratio": 29.85,
            "inventory_turnover_ratio": 0.89,
            "account_receivable_turnover_ratio": 1.17,
            "reinvestment_rate": 119.87,
            "research_to_sale_ratio": 33.91,
            "price_fair": 0.36,
            "eps_avg_yearly": 0.12,
            "eps_latest_yearly": 0.12,
            "eps_growth_yearly": -228.57
        }
    },
    "months": {
        "2001-01": {
            "month": "2001-01",
            "price": "7.15",
            "revenue": 0
        },
        "2001-02": {
            "month": "2001-02",
            "price": "7.12",
            "revenue": 0
        },
        "2001-03": {
            "month": "2001-03",
            "price": "4.37",
            "revenue": 0
        },
        "2001-04": {
            "month": "2001-04",
            "price": "4.12",
            "revenue": 0
        },
        "2001-05": {
            "month": "2001-05",
            "price": "6.96",
            "revenue": 0
        },
        "2001-06": {
            "month": "2001-06",
            "price": "6.05",
            "revenue": 0
        },
        "2001-07": {
            "month": "2001-07",
            "price": "6.72",
            "revenue": 0
        },
        "2001-08": {
            "month": "2001-08",
            "price": "7.21",
            "revenue": 0
        },
        "2001-09": {
            "month": "2001-09",
            "price": "4.89",
            "revenue": 0
        },
        "2001-10": {
            "month": "2001-10",
            "price": "5.26",
            "revenue": 0
        },
        "2001-11": {
            "month": "2001-11",
            "price": "7.55",
            "revenue": 0
        },
        "2001-12": {
            "month": "2001-12",
            "price": "9.07",
            "revenue": 0
        },
        "2002-01": {
            "month": "2002-01",
            "price": "10.26",
            "revenue": 0
        },
        "2002-02": {
            "month": "2002-02",
            "price": "8.93",
            "revenue": 0
        },
        "2002-03": {
            "month": "2002-03",
            "price": "9.92",
            "revenue": 0
        },
        "2002-04": {
            "month": "2002-04",
            "price": "9.91",
            "revenue": 0
        },
        "2002-05": {
            "month": "2002-05",
            "price": "8.85",
            "revenue": 0
        },
        "2002-06": {
            "month": "2002-06",
            "price": "5.97",
            "revenue": 0
        },
        "2002-07": {
            "month": "2002-07",
            "price": "5.17",
            "revenue": 0
        },
        "2002-08": {
            "month": "2002-08",
            "price": "4.59",
            "revenue": 0
        },
        "2002-09": {
            "month": "2002-09",
            "price": "4.63",
            "revenue": 0
        },
        "2002-10": {
            "month": "2002-10",
            "price": "3.79",
            "revenue": 0
        },
        "2002-11": {
            "month": "2002-11",
            "price": "5.20",
            "revenue": 0
        },
        "2002-12": {
            "month": "2002-12",
            "price": "5.07",
            "revenue": 0
        },
        "2003-01": {
            "month": "2003-01",
            "price": "5.03",
            "revenue": 0
        },
        "2003-02": {
            "month": "2003-02",
            "price": "4.73",
            "revenue": 0
        },
        "2003-03": {
            "month": "2003-03",
            "price": "4.96",
            "revenue": 0
        },
        "2003-04": {
            "month": "2003-04",
            "price": "5.52",
            "revenue": 0
        },
        "2003-05": {
            "month": "2003-05",
            "price": "6.90",
            "revenue": 0
        },
        "2003-06": {
            "month": "2003-06",
            "price": "8.06",
            "revenue": 0
        },
        "2003-07": {
            "month": "2003-07",
            "price": "9.12",
            "revenue": 0
        },
        "2003-08": {
            "month": "2003-08",
            "price": "9.38",
            "revenue": 0
        },
        "2003-09": {
            "month": "2003-09",
            "price": "9.94",
            "revenue": 0
        },
        "2003-10": {
            "month": "2003-10",
            "price": "10.54",
            "revenue": 0
        },
        "2003-11": {
            "month": "2003-11",
            "price": "10.60",
            "revenue": 0
        },
        "2003-12": {
            "month": "2003-12",
            "price": "9.37",
            "revenue": 0
        },
        "2004-01": {
            "month": "2004-01",
            "price": "10.48",
            "revenue": 0
        },
        "2004-02": {
            "month": "2004-02",
            "price": "10.68",
            "revenue": 0
        },
        "2004-03": {
            "month": "2004-03",
            "price": "10.58",
            "revenue": 0
        },
        "2004-04": {
            "month": "2004-04",
            "price": "11.20",
            "revenue": 0
        },
        "2004-05": {
            "month": "2004-05",
            "price": "10.41",
            "revenue": 0
        },
        "2004-06": {
            "month": "2004-06",
            "price": "12.22",
            "revenue": 0
        },
        "2004-07": {
            "month": "2004-07",
            "price": "11.66",
            "revenue": 0
        },
        "2004-08": {
            "month": "2004-08",
            "price": "11.21",
            "revenue": 0
        },
        "2004-09": {
            "month": "2004-09",
            "price": "12.78",
            "revenue": 0
        },
        "2004-10": {
            "month": "2004-10",
            "price": "14.29",
            "revenue": 0
        },
        "2004-11": {
            "month": "2004-11",
            "price": "14.85",
            "revenue": 0
        },
        "2004-12": {
            "month": "2004-12",
            "price": "17.30",
            "revenue": 0
        },
        "2005-01": {
            "month": "2005-01",
            "price": "16.78",
            "revenue": 0
        },
        "2005-02": {
            "month": "2005-02",
            "price": "17.76",
            "revenue": 0
        },
        "2005-03": {
            "month": "2005-03",
            "price": "18.55",
            "revenue": 0
        },
        "2005-04": {
            "month": "2005-04",
            "price": "17.53",
            "revenue": 0
        },
        "2005-05": {
            "month": "2005-05",
            "price": "18.57",
            "revenue": 0
        },
        "2005-06": {
            "month": "2005-06",
            "price": "19.76",
            "revenue": 0
        },
        "2005-07": {
            "month": "2005-07",
            "price": "20.81",
            "revenue": 0
        },
        "2005-08": {
            "month": "2005-08",
            "price": "22.43",
            "revenue": 0
        },
        "2005-09": {
            "month": "2005-09",
            "price": "22.89",
            "revenue": 0
        },
        "2005-10": {
            "month": "2005-10",
            "price": "22.29",
            "revenue": 0
        },
        "2005-11": {
            "month": "2005-11",
            "price": "25.86",
            "revenue": 0
        },
        "2005-12": {
            "month": "2005-12",
            "price": "29.03",
            "revenue": 0
        },
        "2006-01": {
            "month": "2006-01",
            "price": "32.02",
            "revenue": 0
        },
        "2006-02": {
            "month": "2006-02",
            "price": "32.55",
            "revenue": 0
        },
        "2006-03": {
            "month": "2006-03",
            "price": "28.90",
            "revenue": 0
        },
        "2006-04": {
            "month": "2006-04",
            "price": "28.79",
            "revenue": 0
        },
        "2006-05": {
            "month": "2006-05",
            "price": "26.57",
            "revenue": 0
        },
        "2006-06": {
            "month": "2006-06",
            "price": "24.37",
            "revenue": 0
        },
        "2006-07": {
            "month": "2006-07",
            "price": "19.06",
            "revenue": 0
        },
        "2006-08": {
            "month": "2006-08",
            "price": "18.16",
            "revenue": 0
        },
        "2006-09": {
            "month": "2006-09",
            "price": "19.11",
            "revenue": 0
        },
        "2006-10": {
            "month": "2006-10",
            "price": "17.22",
            "revenue": 0
        },
        "2006-11": {
            "month": "2006-11",
            "price": "19.52",
            "revenue": 0
        },
        "2006-12": {
            "month": "2006-12",
            "price": "19.99",
            "revenue": 0
        },
        "2007-01": {
            "month": "2007-01",
            "price": "19.34",
            "revenue": 0
        },
        "2007-02": {
            "month": "2007-02",
            "price": "19.14",
            "revenue": 0
        },
        "2007-03": {
            "month": "2007-03",
            "price": "18.26",
            "revenue": 0
        },
        "2007-04": {
            "month": "2007-04",
            "price": "16.85",
            "revenue": 0
        },
        "2007-05": {
            "month": "2007-05",
            "price": "16.70",
            "revenue": 0
        },
        "2007-06": {
            "month": "2007-06",
            "price": "16.95",
            "revenue": 0
        },
        "2007-07": {
            "month": "2007-07",
            "price": "18.65",
            "revenue": 0
        },
        "2007-08": {
            "month": "2007-08",
            "price": "16.90",
            "revenue": 0
        },
        "2007-09": {
            "month": "2007-09",
            "price": "16.33",
            "revenue": 0
        },
        "2007-10": {
            "month": "2007-10",
            "price": "17.14",
            "revenue": 0
        },
        "2007-11": {
            "month": "2007-11",
            "price": "17.00",
            "revenue": 0
        },
        "2007-12": {
            "month": "2007-12",
            "price": "14.60",
            "revenue": 0
        },
        "2008-01": {
            "month": "2008-01",
            "price": "11.50",
            "revenue": 0
        },
        "2008-02": {
            "month": "2008-02",
            "price": "11.36",
            "revenue": 0
        },
        "2008-03": {
            "month": "2008-03",
            "price": "11.22",
            "revenue": 0
        },
        "2008-04": {
            "month": "2008-04",
            "price": "11.62",
            "revenue": 0
        },
        "2008-05": {
            "month": "2008-05",
            "price": "14.16",
            "revenue": 0
        },
        "2008-06": {
            "month": "2008-06",
            "price": "17.06",
            "revenue": 0
        },
        "2008-07": {
            "month": "2008-07",
            "price": "15.57",
            "revenue": 0
        },
        "2008-08": {
            "month": "2008-08",
            "price": "15.35",
            "revenue": 0
        },
        "2008-09": {
            "month": "2008-09",
            "price": "11.07",
            "revenue": 0
        },
        "2008-10": {
            "month": "2008-10",
            "price": "7.29",
            "revenue": 0
        },
        "2008-11": {
            "month": "2008-11",
            "price": "5.94",
            "revenue": 0
        },
        "2008-12": {
            "month": "2008-12",
            "price": "6.38",
            "revenue": 0
        },
        "2009-01": {
            "month": "2009-01",
            "price": "6.81",
            "revenue": 0
        },
        "2009-02": {
            "month": "2009-02",
            "price": "7.61",
            "revenue": 0
        },
        "2009-03": {
            "month": "2009-03",
            "price": "8.59",
            "revenue": 0
        },
        "2009-04": {
            "month": "2009-04",
            "price": "10.16",
            "revenue": 0
        },
        "2009-05": {
            "month": "2009-05",
            "price": "11.10",
            "revenue": 0
        },
        "2009-06": {
            "month": "2009-06",
            "price": "11.81",
            "revenue": 0
        },
        "2009-07": {
            "month": "2009-07",
            "price": "12.78",
            "revenue": 0
        },
        "2009-08": {
            "month": "2009-08",
            "price": "14.01",
            "revenue": 0
        },
        "2009-09": {
            "month": "2009-09",
            "price": "15.92",
            "revenue": 0
        },
        "2009-10": {
            "month": "2009-10",
            "price": "15.12",
            "revenue": 0
        },
        "2009-11": {
            "month": "2009-11",
            "price": "15.32",
            "revenue": 0
        },
        "2009-12": {
            "month": "2009-12",
            "price": "19.00",
            "revenue": 0
        },
        "2010-01": {
            "month": "2010-01",
            "price": "20.04",
            "revenue": 0
        },
        "2010-02": {
            "month": "2010-02",
            "price": "19.08",
            "revenue": 0
        },
        "2010-03": {
            "month": "2010-03",
            "price": "20.37",
            "revenue": 0
        },
        "2010-04": {
            "month": "2010-04",
            "price": "21.44",
            "revenue": 0
        },
        "2010-05": {
            "month": "2010-05",
            "price": "19.03",
            "revenue": 0
        },
        "2010-06": {
            "month": "2010-06",
            "price": "18.07",
            "revenue": 0
        },
        "2010-07": {
            "month": "2010-07",
            "price": "16.41",
            "revenue": 0
        },
        "2010-08": {
            "month": "2010-08",
            "price": "15.40",
            "revenue": 0
        },
        "2010-09": {
            "month": "2010-09",
            "price": "17.34",
            "revenue": 0
        },
        "2010-10": {
            "month": "2010-10",
            "price": "17.36",
            "revenue": 0
        },
        "2010-11": {
            "month": "2010-11",
            "price": "19.79",
            "revenue": 0
        },
        "2010-12": {
            "month": "2010-12",
            "price": "19.26",
            "revenue": 0
        },
        "2011-01": {
            "month": "2011-01",
            "price": "20.09",
            "revenue": 0
        },
        "2011-02": {
            "month": "2011-02",
            "price": "19.19",
            "revenue": 0
        },
        "2011-03": {
            "month": "2011-03",
            "price": "16.13",
            "revenue": 0
        },
        "2011-04": {
            "month": "2011-04",
            "price": "15.79",
            "revenue": 0
        },
        "2011-05": {
            "month": "2011-05",
            "price": "14.77",
            "revenue": 0
        },
        "2011-06": {
            "month": "2011-06",
            "price": "14.41",
            "revenue": 0
        },
        "2011-07": {
            "month": "2011-07",
            "price": "15.06",
            "revenue": 0
        },
        "2011-08": {
            "month": "2011-08",
            "price": "12.96",
            "revenue": 0
        },
        "2011-09": {
            "month": "2011-09",
            "price": "14.45",
            "revenue": 0
        },
        "2011-10": {
            "month": "2011-10",
            "price": "14.41",
            "revenue": 0
        },
        "2011-11": {
            "month": "2011-11",
            "price": "14.11",
            "revenue": 0
        },
        "2011-12": {
            "month": "2011-12",
            "price": "13.87",
            "revenue": 0
        },
        "2012-01": {
            "month": "2012-01",
            "price": "15.35",
            "revenue": 0
        },
        "2012-02": {
            "month": "2012-02",
            "price": "16.04",
            "revenue": 0
        },
        "2012-03": {
            "month": "2012-03",
            "price": "15.38",
            "revenue": 0
        },
        "2012-04": {
            "month": "2012-04",
            "price": "15.20",
            "revenue": 0
        },
        "2012-05": {
            "month": "2012-05",
            "price": "13.51",
            "revenue": 0
        },
        "2012-06": {
            "month": "2012-06",
            "price": "11.76",
            "revenue": 0
        },
        "2012-07": {
            "month": "2012-07",
            "price": "10.89",
            "revenue": 0
        },
        "2012-08": {
            "month": "2012-08",
            "price": "11.08",
            "revenue": 0
        },
        "2012-09": {
            "month": "2012-09",
            "price": "9.96",
            "revenue": 0
        },
        "2012-10": {
            "month": "2012-10",
            "price": "8.57",
            "revenue": 0
        },
        "2012-11": {
            "month": "2012-11",
            "price": "7.95",
            "revenue": 0
        },
        "2012-12": {
            "month": "2012-12",
            "price": "8.28",
            "revenue": 0
        },
        "2013-01": {
            "month": "2013-01",
            "price": "8.62",
            "revenue": 0
        },
        "2013-02": {
            "month": "2013-02",
            "price": "9.57",
            "revenue": 0
        },
        "2013-03": {
            "month": "2013-03",
            "price": "10.47",
            "revenue": 0
        },
        "2013-04": {
            "month": "2013-04",
            "price": "10.27",
            "revenue": 0
        },
        "2013-05": {
            "month": "2013-05",
            "price": "11.10",
            "revenue": 0
        },
        "2013-06": {
            "month": "2013-06",
            "price": "11.18",
            "revenue": 0
        },
        "2013-07": {
            "month": "2013-07",
            "price": "11.98",
            "revenue": 0
        },
        "2013-08": {
            "month": "2013-08",
            "price": "12.72",
            "revenue": 0
        },
        "2013-09": {
            "month": "2013-09",
            "price": "12.31",
            "revenue": 0
        },
        "2013-10": {
            "month": "2013-10",
            "price": "11.59",
            "revenue": 0
        },
        "2013-11": {
            "month": "2013-11",
            "price": "13.56",
            "revenue": 0
        },
        "2013-12": {
            "month": "2013-12",
            "price": "13.64",
            "revenue": 0
        },
        "2014-01": {
            "month": "2014-01",
            "price": "14.94",
            "revenue": 0
        },
        "2014-02": {
            "month": "2014-02",
            "price": "15.16",
            "revenue": 0
        },
        "2014-03": {
            "month": "2014-03",
            "price": "15.75",
            "revenue": 0
        },
        "2014-04": {
            "month": "2014-04",
            "price": "15.72",
            "revenue": 0
        },
        "2014-05": {
            "month": "2014-05",
            "price": "15.54",
            "revenue": 0
        },
        "2014-06": {
            "month": "2014-06",
            "price": "14.92",
            "revenue": 0
        },
        "2014-07": {
            "month": "2014-07",
            "price": "14.08",
            "revenue": 0
        },
        "2014-08": {
            "month": "2014-08",
            "price": "13.39",
            "revenue": 0
        },
        "2014-09": {
            "month": "2014-09",
            "price": "13.82",
            "revenue": 0
        },
        "2014-10": {
            "month": "2014-10",
            "price": "12.76",
            "revenue": 0
        },
        "2014-11": {
            "month": "2014-11",
            "price": "13.56",
            "revenue": 0
        },
        "2014-12": {
            "month": "2014-12",
            "price": "14.45",
            "revenue": 0
        },
        "2015-01": {
            "month": "2015-01",
            "price": "15.43",
            "revenue": 0
        },
        "2015-02": {
            "month": "2015-02",
            "price": "16.20",
            "revenue": 0
        },
        "2015-03": {
            "month": "2015-03",
            "price": "15.81",
            "revenue": 0
        },
        "2015-04": {
            "month": "2015-04",
            "price": "14.82",
            "revenue": 0
        },
        "2015-05": {
            "month": "2015-05",
            "price": "14.06",
            "revenue": 0
        },
        "2015-06": {
            "month": "2015-06",
            "price": "14.14",
            "revenue": 0
        },
        "2015-07": {
            "month": "2015-07",
            "price": "12.72",
            "revenue": 0
        },
        "2015-08": {
            "month": "2015-08",
            "price": "11.86",
            "revenue": 0
        },
        "2015-09": {
            "month": "2015-09",
            "price": "9.54",
            "revenue": 0
        },
        "2015-10": {
            "month": "2015-10",
            "price": "9.11",
            "revenue": 0
        },
        "2015-11": {
            "month": "2015-11",
            "price": "8.66",
            "revenue": 0
        },
        "2015-12": {
            "month": "2015-12",
            "price": "8.74",
            "revenue": 0
        },
        "2016-01": {
            "month": "2016-01",
            "price": "8.27",
            "revenue": 0
        },
        "2016-02": {
            "month": "2016-02",
            "price": "9.09",
            "revenue": 0
        },
        "2016-03": {
            "month": "2016-03",
            "price": "10.15",
            "revenue": 0
        },
        "2016-04": {
            "month": "2016-04",
            "price": "10.27",
            "revenue": 0
        },
        "2016-05": {
            "month": "2016-05",
            "price": "9.79",
            "revenue": 0
        },
        "2016-06": {
            "month": "2016-06",
            "price": "9.96",
            "revenue": 0
        },
        "2016-07": {
            "month": "2016-07",
            "price": "10.55",
            "revenue": 0
        },
        "2016-08": {
            "month": "2016-08",
            "price": "11.80",
            "revenue": 0
        },
        "2016-09": {
            "month": "2016-09",
            "price": "12.81",
            "revenue": 0
        },
        "2016-10": {
            "month": "2016-10",
            "price": "13.05",
            "revenue": 0
        },
        "2016-11": {
            "month": "2016-11",
            "price": "13.58",
            "revenue": 0
        },
        "2016-12": {
            "month": "2016-12",
            "price": "14.22",
            "revenue": 0
        },
        "2017-01": {
            "month": "2017-01",
            "price": "14.46",
            "revenue": 0
        },
        "2017-02": {
            "month": "2017-02",
            "price": "15.76",
            "revenue": 0
        },
        "2017-03": {
            "month": "2017-03",
            "price": "15.91",
            "revenue": 0
        },
        "2017-04": {
            "month": "2017-04",
            "price": "14.97",
            "revenue": 0
        },
        "2017-05": {
            "month": "2017-05",
            "price": "15.93",
            "revenue": 0
        },
        "2017-06": {
            "month": "2017-06",
            "price": "17.44",
            "revenue": 0
        },
        "2017-07": {
            "month": "2017-07",
            "price": "16.16",
            "revenue": 0
        },
        "2017-08": {
            "month": "2017-08",
            "price": "16.03",
            "revenue": 0
        },
        "2017-09": {
            "month": "2017-09",
            "price": "17.85",
            "revenue": 0
        },
        "2017-10": {
            "month": "2017-10",
            "price": "18.40",
            "revenue": 0
        },
        "2017-11": {
            "month": "2017-11",
            "price": "20.97",
            "revenue": 0
        },
        "2017-12": {
            "month": "2017-12",
            "price": "21.99",
            "revenue": 0
        },
        "2018-01": {
            "month": "2018-01",
            "price": "23.30",
            "revenue": 0
        },
        "2018-02": {
            "month": "2018-02",
            "price": "22.45",
            "revenue": 0
        },
        "2018-03": {
            "month": "2018-03",
            "price": "22.90",
            "revenue": 0
        },
        "2018-04": {
            "month": "2018-04",
            "price": "21.04",
            "revenue": 0
        },
        "2018-05": {
            "month": "2018-05",
            "price": "21.47",
            "revenue": 0
        },
        "2018-06": {
            "month": "2018-06",
            "price": "21.51",
            "revenue": 0
        },
        "2018-07": {
            "month": "2018-07",
            "price": "21.67",
            "revenue": 0
        },
        "2018-08": {
            "month": "2018-08",
            "price": "20.84",
            "revenue": 0
        },
        "2018-09": {
            "month": "2018-09",
            "price": "19.00",
            "revenue": 0
        },
        "2018-10": {
            "month": "2018-10",
            "price": "17.85",
            "revenue": 0
        },
        "2018-11": {
            "month": "2018-11",
            "price": "16.21",
            "revenue": 0
        },
        "2018-12": {
            "month": "2018-12",
            "price": "15.42",
            "revenue": 0
        },
        "2019-01": {
            "month": "2019-01",
            "price": "17.15",
            "revenue": 0
        },
        "2019-02": {
            "month": "2019-02",
            "price": "19.20",
            "revenue": 0
        },
        "2019-03": {
            "month": "2019-03",
            "price": "19.78",
            "revenue": 0
        },
        "2019-04": {
            "month": "2019-04",
            "price": "23.27",
            "revenue": 0
        },
        "2019-05": {
            "month": "2019-05",
            "price": "22.98",
            "revenue": 0
        },
        "2019-06": {
            "month": "2019-06",
            "price": "23.86",
            "revenue": 0
        },
        "2019-07": {
            "month": "2019-07",
            "price": "25.72",
            "revenue": 0
        },
        "2019-08": {
            "month": "2019-08",
            "price": "24.49",
            "revenue": 0
        },
        "2019-09": {
            "month": "2019-09",
            "price": "25.05",
            "revenue": 0
        },
        "2019-10": {
            "month": "2019-10",
            "price": "24.05",
            "revenue": 0
        },
        "2019-11": {
            "month": "2019-11",
            "price": "26.69",
            "revenue": 0
        },
        "2019-12": {
            "month": "2019-12",
            "price": "25.46",
            "revenue": 0
        },
        "2020-01": {
            "month": "2020-01",
            "price": "26.66",
            "revenue": 0
        },
        "2020-02": {
            "month": "2020-02",
            "price": "24.18",
            "revenue": 0
        },
        "2020-03": {
            "month": "2020-03",
            "price": "21.24",
            "revenue": 0
        },
        "2020-04": {
            "month": "2020-04",
            "price": "25.28",
            "revenue": 0
        },
        "2020-05": {
            "month": "2020-05",
            "price": "27.75",
            "revenue": 0
        },
        "2020-06": {
            "month": "2020-06",
            "price": "34.48",
            "revenue": 0
        },
        "2020-07": {
            "month": "2020-07",
            "price": "36.20",
            "revenue": 0
        },
        "2020-08": {
            "month": "2020-08",
            "price": "35.43",
            "revenue": 0
        },
        "2020-09": {
            "month": "2020-09",
            "price": "38.74",
            "revenue": 0
        },
        "2020-10": {
            "month": "2020-10",
            "price": "41.56",
            "revenue": 0
        },
        "2020-11": {
            "month": "2020-11",
            "price": "42.62",
            "revenue": 0
        },
        "2020-12": {
            "month": "2020-12",
            "price": "45.59",
            "revenue": 0
        },
        "2021-01": {
            "month": "2021-01",
            "price": "51.00",
            "revenue": 0
        },
        "2021-02": {
            "month": "2021-02",
            "price": "50.78",
            "revenue": 0
        },
        "2021-03": {
            "month": "2021-03",
            "price": "45.88",
            "revenue": 0
        },
        "2021-04": {
            "month": "2021-04",
            "price": "48.03",
            "revenue": 0
        },
        "2021-05": {
            "month": "2021-05",
            "price": "45.16",
            "revenue": 0
        },
        "2021-06": {
            "month": "2021-06",
            "price": "53.05",
            "revenue": 0
        },
        "2021-07": {
            "month": "2021-07",
            "price": "57.40",
            "revenue": 0
        },
        "2021-08": {
            "month": "2021-08",
            "price": "60.70",
            "revenue": 0
        },
        "2021-09": {
            "month": "2021-09",
            "price": "61.70",
            "revenue": 0
        },
        "2021-10": {
            "month": "2021-10",
            "price": "65.11",
            "revenue": 0
        },
        "2021-11": {
            "month": "2021-11",
            "price": "72.55",
            "revenue": 0
        },
        "2021-12": {
            "month": "2021-12",
            "price": "85.88",
            "revenue": 0
        },
        "2022-01": {
            "month": "2022-01",
            "price": "77.79",
            "revenue": 0
        },
        "2022-02": {
            "month": "2022-02",
            "price": "70.48",
            "revenue": 0
        },
        "2022-03": {
            "month": "2022-03",
            "price": "68.34",
            "revenue": 0
        },
        "2022-04": {
            "month": "2022-04",
            "price": "62.71",
            "revenue": 0
        },
        "2022-05": {
            "month": "2022-05",
            "price": "56.47",
            "revenue": 0
        },
        "2022-06": {
            "month": "2022-06",
            "price": "51.16",
            "revenue": 0
        },
        "2022-07": {
            "month": "2022-07",
            "price": "48.94",
            "revenue": 0
        },
        "2022-08": {
            "month": "2022-08",
            "price": "53.41",
            "revenue": 0
        },
        "2022-09": {
            "month": "2022-09",
            "price": "45.77",
            "revenue": 0
        },
        "2022-10": {
            "month": "2022-10",
            "price": "40.62",
            "revenue": 0
        },
        "2022-11": {
            "month": "2022-11",
            "price": "41.82",
            "revenue": 0
        },
        "2022-12": {
            "month": "2022-12",
            "price": "40.01",
            "revenue": 0
        },
        "2023-01": {
            "month": "2023-01",
            "price": "39.85",
            "revenue": 0
        },
        "2023-02": {
            "month": "2023-02",
            "price": "45.34",
            "revenue": 0
        },
        "2023-03": {
            "month": "2023-03",
            "price": "41.40",
            "revenue": 0
        },
        "2023-04": {
            "month": "2023-04",
            "price": "39.82",
            "revenue": 0
        },
        "2023-05": {
            "month": "2023-05",
            "price": "45.18",
            "revenue": 0
        },
        "2023-06": {
            "month": "2023-06",
            "price": "60.09",
            "revenue": 0
        },
        "2023-07": {
            "month": "2023-07",
            "price": "63.02",
            "revenue": 0
        },
        "2023-08": {
            "month": "2023-08",
            "price": "59.33",
            "revenue": 0
        },
        "2023-09": {
            "month": "2023-09",
            "price": "54.69",
            "revenue": 0
        },
        "2023-10": {
            "month": "2023-10",
            "price": "51.47",
            "revenue": 0
        },
        "2023-11": {
            "month": "2023-11",
            "price": "53.95",
            "revenue": 0
        },
        "2023-12": {
            "month": "2023-12",
            "price": "56.86",
            "revenue": 0
        }
    }
}
