{
    "summary": {
        "stock_name": "Microsoft Corp",
        "stock_id": "MSFT",
        "category": "Computer and Technology",
        "main_business": "微軟公司成立於1975年4月4日。公司開發和支援軟體，服務，裝置和解決方案，這些軟體，服務，裝置和解決方案可為客戶帶來新價值，並幫助個人和企業充分發揮其潛力。公司提供一系列服務，包括基於雲的解決方案，為客戶提供軟體，服務，平臺和內容，並且公司提供解決方案支援和諮詢服務。公司還向全球受眾提供相關的線上廣告。公司的產品包括作業系統；跨裝置生產力應用程式；伺服器應用程式；業務解決方案應用程式；桌面和伺服器管理工具；軟體開發工具和影片遊戲。公司還設計，製造和銷售裝置，包括PC，平板電腦，遊戲和娛樂控制檯，其他智慧裝置以及相關配件。",
        "website_url": "https://www.microsoft.com/en-us",
        "ceo": "Satya Nadella",
        "pe_ratio": 36,
        "report_year_from": 1994,
        "report_year_to": 2024,
        "age": 30,
        "eps_negative_percentage": 0,
        "eps_growth_avg": {
            "last_all": 18.06,
            "last_2y": 20.2,
            "last_4y": 20.98,
            "last_8y": 16.7,
            "last_12y": 13.64,
            "last_16y": 13.83,
            "last_20y": 14.16,
            "at_2006_last_3y": 15.54,
            "at_2007_last_3y": 20.37,
            "at_2008_last_3y": 21.66,
            "at_2009_last_3y": 7.65,
            "at_2010_last_3y": 14.47,
            "at_2011_last_3y": 17.98,
            "at_2012_last_3y": 8.83,
            "at_2013_last_3y": 13.1,
            "at_2014_last_3y": 6.76,
            "at_2015_last_3y": -3.56,
            "at_2016_last_3y": 2.85,
            "at_2017_last_3y": 9.2,
            "at_2018_last_3y": 11.34,
            "at_2019_last_3y": 22.33,
            "at_2020_last_3y": 21.26,
            "at_2021_last_3y": 23.5,
            "at_2022_last_3y": 25.84,
            "at_2023_last_3y": 18.53,
            "at_2024_last_3y": 18.53,
            "at_2006_last_all": 32.43,
            "at_2007_last_all": 29.37,
            "at_2008_last_all": 29.29,
            "at_2009_last_all": 24.1,
            "at_2010_last_all": 24.45,
            "at_2011_last_all": 24.81,
            "at_2012_last_all": 21.85,
            "at_2013_last_all": 20.43,
            "at_2014_last_all": 19.01,
            "at_2015_last_all": 16.71,
            "at_2016_last_all": 16.78,
            "at_2017_last_all": 17.62,
            "at_2018_last_all": 17.2,
            "at_2019_last_all": 17.96,
            "at_2020_last_all": 17.72,
            "at_2021_last_all": 18.8,
            "at_2022_last_all": 18.85,
            "at_2023_last_all": 18.06,
            "at_2024_last_all": 18.06
        },
        "latest_eps": 11.08,
        "latest_price": 402.2,
        "latest_roe": 38.4,
        "latest_gross_margin": 71.16,
        "latest_equity": 220714000,
        "latest_revenue": 56517000,
        "latest_gross_profit": 40215000,
        "latest_net_income": 22291000,
        "latest_debt_ratio": 50.49,
        "latest_current_ratio": 166.35,
        "latest_account_receivable_turnover_ratio": 1.32,
        "latest_inventory_turnover_ratio": 5.93,
        "latest_reinvestment_rate": 29.61,
        "latest_research_to_sale_ratio": 11.78
    },
    "eps_dividends": {
        "2001": {
            "cash": 0,
            "stock": 0,
            "eps": 0.23
        },
        "2002": {
            "cash": 0,
            "stock": 0,
            "eps": 0.76
        },
        "2003": {
            "cash": 0.24,
            "stock": 0,
            "eps": 0.72
        },
        "2004": {
            "cash": 3.08,
            "stock": 0,
            "eps": 0.89
        },
        "2005": {
            "cash": 0.32,
            "stock": 0,
            "eps": 1.28
        },
        "2006": {
            "cash": 0.37,
            "stock": 0,
            "eps": 1.28
        },
        "2007": {
            "cash": 0.41000000000000003,
            "stock": 0,
            "eps": 1.46
        },
        "2008": {
            "cash": 0.46,
            "stock": 0,
            "eps": 1.88
        },
        "2009": {
            "cash": 0.52,
            "stock": 0,
            "eps": 1.65
        },
        "2010": {
            "cash": 0.55,
            "stock": 0,
            "eps": 2.1
        },
        "2011": {
            "cash": 0.6799999999999999,
            "stock": 0,
            "eps": 2.69
        },
        "2012": {
            "cash": 0.8300000000000001,
            "stock": 0,
            "eps": 2.48
        },
        "2013": {
            "cash": 0.9700000000000001,
            "stock": 0,
            "eps": 2.6
        },
        "2014": {
            "cash": 1.1500000000000001,
            "stock": 0,
            "eps": 2.65
        },
        "2015": {
            "cash": 1.29,
            "stock": 0,
            "eps": 2.3
        },
        "2016": {
            "cash": 1.4700000000000002,
            "stock": 0,
            "eps": 2.71
        },
        "2017": {
            "cash": 1.5899999999999999,
            "stock": 0,
            "eps": 3.53
        },
        "2018": {
            "cash": 1.72,
            "stock": 0,
            "eps": 3.9
        },
        "2019": {
            "cash": 1.8900000000000001,
            "stock": 0,
            "eps": 5.1
        },
        "2020": {
            "cash": 2.09,
            "stock": 0,
            "eps": 5.79
        },
        "2021": {
            "cash": 2.3000000000000003,
            "stock": 0,
            "eps": 8.06
        },
        "2022": {
            "cash": 2.54,
            "stock": 0,
            "eps": 9.66
        },
        "2023": {
            "cash": 2.72,
            "stock": 0,
            "eps": 9.81
        },
        "2024": {
            "cash": 0.68,
            "stock": 0,
            "eps": 2.99
        }
    },
    "dividends": {
        "2003-03-07": {
            "cash": 0.08,
            "stock": 0
        },
        "2003-11-07": {
            "cash": 0.16,
            "stock": 0
        },
        "2004-09-14": {
            "cash": 0.08,
            "stock": 0
        },
        "2004-12-02": {
            "cash": 3,
            "stock": 0
        },
        "2005-03-10": {
            "cash": 0.08,
            "stock": 0
        },
        "2005-06-09": {
            "cash": 0.08,
            "stock": 0
        },
        "2005-09-08": {
            "cash": 0.08,
            "stock": 0
        },
        "2005-12-08": {
            "cash": 0.08,
            "stock": 0
        },
        "2006-03-09": {
            "cash": 0.09,
            "stock": 0
        },
        "2006-06-08": {
            "cash": 0.09,
            "stock": 0
        },
        "2006-09-14": {
            "cash": 0.09,
            "stock": 0
        },
        "2006-12-14": {
            "cash": 0.1,
            "stock": 0
        },
        "2007-03-08": {
            "cash": 0.1,
            "stock": 0
        },
        "2007-06-14": {
            "cash": 0.1,
            "stock": 0
        },
        "2007-09-13": {
            "cash": 0.1,
            "stock": 0
        },
        "2007-12-13": {
            "cash": 0.11,
            "stock": 0
        },
        "2008-03-13": {
            "cash": 0.11,
            "stock": 0
        },
        "2008-06-12": {
            "cash": 0.11,
            "stock": 0
        },
        "2008-09-11": {
            "cash": 0.11,
            "stock": 0
        },
        "2008-12-11": {
            "cash": 0.13,
            "stock": 0
        },
        "2009-03-12": {
            "cash": 0.13,
            "stock": 0
        },
        "2009-06-18": {
            "cash": 0.13,
            "stock": 0
        },
        "2009-09-10": {
            "cash": 0.13,
            "stock": 0
        },
        "2009-12-10": {
            "cash": 0.13,
            "stock": 0
        },
        "2010-03-11": {
            "cash": 0.13,
            "stock": 0
        },
        "2010-06-10": {
            "cash": 0.13,
            "stock": 0
        },
        "2010-09-09": {
            "cash": 0.13,
            "stock": 0
        },
        "2010-12-09": {
            "cash": 0.16,
            "stock": 0
        },
        "2011-03-10": {
            "cash": 0.16,
            "stock": 0
        },
        "2011-06-09": {
            "cash": 0.16,
            "stock": 0
        },
        "2011-09-08": {
            "cash": 0.16,
            "stock": 0
        },
        "2011-12-08": {
            "cash": 0.2,
            "stock": 0
        },
        "2012-03-08": {
            "cash": 0.2,
            "stock": 0
        },
        "2012-06-14": {
            "cash": 0.2,
            "stock": 0
        },
        "2012-09-13": {
            "cash": 0.2,
            "stock": 0
        },
        "2012-12-13": {
            "cash": 0.23,
            "stock": 0
        },
        "2013-03-14": {
            "cash": 0.23,
            "stock": 0
        },
        "2013-06-13": {
            "cash": 0.23,
            "stock": 0
        },
        "2013-09-12": {
            "cash": 0.23,
            "stock": 0
        },
        "2013-12-12": {
            "cash": 0.28,
            "stock": 0
        },
        "2014-03-13": {
            "cash": 0.28,
            "stock": 0
        },
        "2014-06-12": {
            "cash": 0.28,
            "stock": 0
        },
        "2014-09-11": {
            "cash": 0.28,
            "stock": 0
        },
        "2014-12-11": {
            "cash": 0.31,
            "stock": 0
        },
        "2015-03-12": {
            "cash": 0.31,
            "stock": 0
        },
        "2015-06-11": {
            "cash": 0.31,
            "stock": 0
        },
        "2015-09-10": {
            "cash": 0.31,
            "stock": 0
        },
        "2015-12-10": {
            "cash": 0.36,
            "stock": 0
        },
        "2016-03-10": {
            "cash": 0.36,
            "stock": 0
        },
        "2016-06-09": {
            "cash": 0.36,
            "stock": 0
        },
        "2016-09-08": {
            "cash": 0.36,
            "stock": 0
        },
        "2016-12-08": {
            "cash": 0.39,
            "stock": 0
        },
        "2017-03-09": {
            "cash": 0.39,
            "stock": 0
        },
        "2017-06-08": {
            "cash": 0.39,
            "stock": 0
        },
        "2017-09-14": {
            "cash": 0.39,
            "stock": 0
        },
        "2017-12-14": {
            "cash": 0.42,
            "stock": 0
        },
        "2018-03-08": {
            "cash": 0.42,
            "stock": 0
        },
        "2018-06-14": {
            "cash": 0.42,
            "stock": 0
        },
        "2018-09-13": {
            "cash": 0.42,
            "stock": 0
        },
        "2018-12-13": {
            "cash": 0.46,
            "stock": 0
        },
        "2019-03-14": {
            "cash": 0.46,
            "stock": 0
        },
        "2019-06-13": {
            "cash": 0.46,
            "stock": 0
        },
        "2019-09-12": {
            "cash": 0.46,
            "stock": 0
        },
        "2019-12-12": {
            "cash": 0.51,
            "stock": 0
        },
        "2020-03-12": {
            "cash": 0.51,
            "stock": 0
        },
        "2020-06-11": {
            "cash": 0.51,
            "stock": 0
        },
        "2020-09-10": {
            "cash": 0.51,
            "stock": 0
        },
        "2020-12-10": {
            "cash": 0.56,
            "stock": 0
        },
        "2021-03-11": {
            "cash": 0.56,
            "stock": 0
        },
        "2021-06-10": {
            "cash": 0.56,
            "stock": 0
        },
        "2021-09-09": {
            "cash": 0.56,
            "stock": 0
        },
        "2021-12-09": {
            "cash": 0.62,
            "stock": 0
        },
        "2022-03-10": {
            "cash": 0.62,
            "stock": 0
        },
        "2022-06-09": {
            "cash": 0.62,
            "stock": 0
        },
        "2022-09-08": {
            "cash": 0.62,
            "stock": 0
        },
        "2022-12-08": {
            "cash": 0.68,
            "stock": 0
        },
        "2023-03-09": {
            "cash": 0.68,
            "stock": 0
        },
        "2023-06-08": {
            "cash": 0.68,
            "stock": 0
        },
        "2023-09-08": {
            "cash": 0.68,
            "stock": 0
        },
        "2023-12-08": {
            "cash": 0.68,
            "stock": 0
        },
        "2024-03-08": {
            "cash": 0.68,
            "stock": 0
        }
    },
    "prices": {
        "200101": "27.89",
        "200102": "29.66",
        "200103": "27.85",
        "200104": "31.18",
        "200105": "34.89",
        "200106": "35.31",
        "200107": "34.18",
        "200108": "31.55",
        "200109": "26.64",
        "200110": "28.84",
        "200111": "32.34",
        "200112": "33.76",
        "200201": "33.35",
        "200202": "30.00",
        "200203": "30.88",
        "200204": "27.76",
        "200205": "26.33",
        "200206": "26.72",
        "200207": "24.98",
        "200208": "24.58",
        "200209": "23.53",
        "200210": "24.71",
        "200211": "28.14",
        "200212": "27.09",
        "200301": "26.39",
        "200302": "23.87",
        "200303": "24.60",
        "200304": "25.20",
        "200305": "25.30",
        "200306": "25.18",
        "200307": "26.80",
        "200308": "26.04",
        "200309": "28.51",
        "200310": "28.35",
        "200311": "25.70",
        "200312": "26.74",
        "200401": "27.96",
        "200402": "26.86",
        "200403": "25.36",
        "200404": "25.91",
        "200405": "25.98",
        "200406": "27.40",
        "200407": "28.22",
        "200408": "27.41",
        "200409": "27.35",
        "200410": "28.12",
        "200411": "27.97",
        "200412": "27.07",
        "200501": "26.33",
        "200502": "25.84",
        "200503": "24.74",
        "200504": "24.78",
        "200505": "25.47",
        "200506": "25.27",
        "200507": "25.54",
        "200508": "27.02",
        "200509": "26.14",
        "200510": "24.86",
        "200511": "27.35",
        "200512": "27.10",
        "200601": "27.00",
        "200602": "26.92",
        "200603": "27.17",
        "200604": "27.08",
        "200605": "23.32",
        "200606": "22.49",
        "200607": "23.39",
        "200608": "25.01",
        "200609": "26.49",
        "200610": "28.14",
        "200611": "29.31",
        "200612": "29.65",
        "200701": "30.53",
        "200702": "29.19",
        "200703": "27.69",
        "200704": "28.72",
        "200705": "30.74",
        "200706": "30.09",
        "200707": "30.15",
        "200708": "28.69",
        "200709": "28.93",
        "200710": "31.22",
        "200711": "34.51",
        "200712": "34.96",
        "200801": "33.51",
        "200802": "28.46",
        "200803": "28.37",
        "200804": "29.34",
        "200805": "29.13",
        "200806": "28.04",
        "200807": "25.98",
        "200808": "27.34",
        "200809": "26.18",
        "200810": "23.50",
        "200811": "20.56",
        "200812": "19.52",
        "200901": "18.91",
        "200902": "18.18",
        "200903": "16.91",
        "200904": "19.40",
        "200905": "20.03",
        "200906": "22.92",
        "200907": "23.66",
        "200908": "23.92",
        "200909": "25.12",
        "200910": "26.44",
        "200911": "29.19",
        "200912": "30.27",
        "201001": "30.15",
        "201002": "28.36",
        "201003": "29.26",
        "201004": "30.52",
        "201005": "28.12",
        "201006": "25.42",
        "201007": "25.07",
        "201008": "24.71",
        "201009": "24.59",
        "201010": "25.18",
        "201011": "26.20",
        "201012": "27.55",
        "201101": "28.32",
        "201102": "27.32",
        "201103": "25.56",
        "201104": "25.78",
        "201105": "25.06",
        "201106": "24.45",
        "201107": "26.97",
        "201108": "25.39",
        "201109": "25.97",
        "201110": "26.70",
        "201111": "25.83",
        "201112": "25.71",
        "201201": "28.52",
        "201202": "30.82",
        "201203": "32.19",
        "201204": "31.50",
        "201205": "30.23",
        "201206": "29.68",
        "201207": "29.76",
        "201208": "30.36",
        "201209": "30.78",
        "201210": "29.07",
        "201211": "27.81",
        "201212": "26.97",
        "201301": "27.24",
        "201302": "27.70",
        "201303": "28.14",
        "201304": "29.87",
        "201305": "33.95",
        "201306": "34.63",
        "201307": "33.65",
        "201308": "32.49",
        "201309": "32.52",
        "201310": "34.38",
        "201311": "37.36",
        "201312": "37.46",
        "201401": "36.35",
        "201402": "37.24",
        "201403": "38.99",
        "201404": "40.13",
        "201405": "39.92",
        "201406": "41.36",
        "201407": "43.21",
        "201408": "44.26",
        "201409": "46.41",
        "201410": "45.20",
        "201411": "48.41",
        "201412": "47.49",
        "201501": "45.51",
        "201502": "43.08",
        "201503": "42.13",
        "201504": "43.46",
        "201505": "47.53",
        "201506": "45.96",
        "201507": "45.61",
        "201508": "45.51",
        "201509": "43.56",
        "201510": "48.70",
        "201511": "53.88",
        "201512": "55.40",
        "201601": "52.40",
        "201602": "51.38",
        "201603": "53.38",
        "201604": "54.05",
        "201605": "50.97",
        "201606": "50.92",
        "201607": "54.10",
        "201608": "57.72",
        "201609": "57.29",
        "201610": "58.40",
        "201611": "59.93",
        "201612": "62.12",
        "201701": "63.19",
        "201702": "64.11",
        "201703": "64.84",
        "201704": "66.17",
        "201705": "68.92",
        "201706": "70.52",
        "201707": "72.01",
        "201708": "72.82",
        "201709": "74.34",
        "201710": "77.94",
        "201711": "83.72",
        "201712": "84.76",
        "201801": "90.08",
        "201802": "91.37",
        "201803": "92.90",
        "201804": "93.21",
        "201805": "96.98",
        "201806": "100.56",
        "201807": "104.64",
        "201808": "108.68",
        "201809": "112.24",
        "201810": "109.21",
        "201811": "107.30",
        "201812": "104.39",
        "201901": "104.14",
        "201902": "107.93",
        "201903": "115.13",
        "201904": "122.79",
        "201905": "126.35",
        "201906": "131.99",
        "201907": "138.10",
        "201908": "136.38",
        "201909": "138.12",
        "201910": "139.23",
        "201911": "148.10",
        "201912": "154.18",
        "202001": "164.00",
        "202002": "178.72",
        "202003": "152.55",
        "202004": "169.04",
        "202005": "182.34",
        "202006": "192.70",
        "202007": "207.08",
        "202008": "214.35",
        "202009": "208.81",
        "202010": "212.89",
        "202011": "214.14",
        "202012": "217.96",
        "202101": "221.98",
        "202102": "240.07",
        "202103": "233.67",
        "202104": "255.58",
        "202105": "247.40",
        "202106": "259.02",
        "202107": "281.50",
        "202108": "294.31",
        "202109": "296.87",
        "202110": "303.54",
        "202111": "335.87",
        "202112": "332.81",
        "202201": "308.74",
        "202202": "298.73",
        "202203": "295.75",
        "202204": "288.81",
        "202205": "266.73",
        "202206": "259.50",
        "202207": "262.21",
        "202208": "280.56",
        "202209": "247.71",
        "202210": "237.04",
        "202211": "237.28",
        "202212": "245.64",
        "202301": "237.28",
        "202302": "259.70",
        "202303": "266.74",
        "202304": "288.64",
        "202305": "314.51",
        "202306": "334.66",
        "202307": "341.69",
        "202308": "324.49",
        "202309": "326.04",
        "202310": "328.94",
        "202311": "368.35",
        "202312": "372.58"
    },
    "quarters": {
        "20013": {
            "year_quarter": 20013,
            "year": 2001,
            "quarter": 3,
            "eps": 0.22,
            "eps_growth_year": 2.39,
            "eps_4q": 0.91,
            "eps_4q_growth_year": 9,
            "roe": 5.19,
            "roe_4q": 5.19,
            "gross_profit": 5504000,
            "gross_margin": 85.96,
            "gross_margin_4q_avg": 85.96,
            "net_income": 2451000,
            "net_income_4q": null,
            "revenue": 6403000,
            "revenue_4q": null,
            "common_shares": 27647000,
            "book_valuer_per_share": 4.51,
            "book_valuer_per_share_4q_avg": 4.51,
            "equity": 48090000,
            "current_ratio": 387.98,
            "debt_ratio": 19.32,
            "inventory_turnover_ratio": null,
            "account_receivable_turnover_ratio": 1.67,
            "reinvestment_rate": 51.99,
            "research_to_sale_ratio": 16.7,
            "price_fair": 0,
            "eps_avg_yearly": 0,
            "eps_latest_yearly": 0,
            "eps_growth_yearly": 0
        },
        "20014": {
            "year_quarter": 20014,
            "year": 2001,
            "quarter": 4,
            "eps": 0.01,
            "eps_growth_year": -97.33,
            "eps_4q": 0.69,
            "eps_4q_growth_year": -18.34,
            "roe": 0.14,
            "roe_4q": 5.33,
            "gross_profit": 5710000,
            "gross_margin": 86.82,
            "gross_margin_4q_avg": 86.39,
            "net_income": 65000,
            "net_income_4q": null,
            "revenue": 6577000,
            "revenue_4q": null,
            "common_shares": 28390000,
            "book_valuer_per_share": 4.21,
            "book_valuer_per_share_4q_avg": 4.36,
            "equity": 47289000,
            "current_ratio": 423.71,
            "debt_ratio": 19.62,
            "inventory_turnover_ratio": null,
            "account_receivable_turnover_ratio": 1.83,
            "reinvestment_rate": 42.33,
            "research_to_sale_ratio": 20.74,
            "price_fair": 0,
            "eps_avg_yearly": 0,
            "eps_latest_yearly": 0,
            "eps_growth_yearly": 0
        },
        "20021": {
            "year_quarter": 20021,
            "year": 2002,
            "quarter": 1,
            "eps": 0.12,
            "eps_growth_year": -50.38,
            "eps_4q": 0.58,
            "eps_4q_growth_year": -34.77,
            "roe": 2.68,
            "roe_4q": 8.010000000000002,
            "gross_profit": 5242000,
            "gross_margin": 85.57,
            "gross_margin_4q_avg": 86.12,
            "net_income": 1283000,
            "net_income_4q": null,
            "revenue": 6126000,
            "revenue_4q": null,
            "common_shares": 29296000,
            "book_valuer_per_share": 4.33,
            "book_valuer_per_share_4q_avg": 4.35,
            "equity": 48505000,
            "current_ratio": 344.67,
            "debt_ratio": 20.96,
            "inventory_turnover_ratio": null,
            "account_receivable_turnover_ratio": 1.68,
            "reinvestment_rate": 31.1,
            "research_to_sale_ratio": 16.54,
            "price_fair": 0,
            "eps_avg_yearly": 0,
            "eps_latest_yearly": 0,
            "eps_growth_yearly": 0
        },
        "20022": {
            "year_quarter": 20022,
            "year": 2002,
            "quarter": 2,
            "eps": 0.25,
            "eps_growth_year": 4.37,
            "eps_4q": 0.59,
            "eps_4q_growth_year": -34.79,
            "roe": 4.56,
            "roe_4q": 12.57,
            "gross_profit": 6197000,
            "gross_margin": 80.05,
            "gross_margin_4q_avg": 84.6,
            "net_income": 2283000,
            "net_income_4q": null,
            "revenue": 7741000,
            "revenue_4q": null,
            "common_shares": 30175000,
            "book_valuer_per_share": 4.6,
            "book_valuer_per_share_4q_avg": 4.41,
            "equity": 51548000,
            "current_ratio": 414.87,
            "debt_ratio": 21.16,
            "inventory_turnover_ratio": null,
            "account_receivable_turnover_ratio": 1.78,
            "reinvestment_rate": 28.58,
            "research_to_sale_ratio": 13.49,
            "price_fair": 0,
            "eps_avg_yearly": 0,
            "eps_latest_yearly": 0,
            "eps_growth_yearly": 0
        },
        "20023": {
            "year_quarter": 20023,
            "year": 2002,
            "quarter": 3,
            "eps": 0.25,
            "eps_growth_year": 11.68,
            "eps_4q": 0.61,
            "eps_4q_growth_year": -32.32,
            "roe": 5.17,
            "roe_4q": 12.55,
            "gross_profit": 5850000,
            "gross_margin": 80.75,
            "gross_margin_4q_avg": 83.3,
            "net_income": 2738000,
            "net_income_4q": null,
            "revenue": 7245000,
            "revenue_4q": null,
            "common_shares": 30904000,
            "book_valuer_per_share": 4.86,
            "book_valuer_per_share_4q_avg": 4.5,
            "equity": 54300000,
            "current_ratio": 403.88,
            "debt_ratio": 20.59,
            "inventory_turnover_ratio": null,
            "account_receivable_turnover_ratio": 1.55,
            "reinvestment_rate": 35.8,
            "research_to_sale_ratio": 14.71,
            "price_fair": 10,
            "eps_avg_yearly": 1,
            "eps_latest_yearly": 1,
            "eps_growth_yearly": 0
        },
        "20024": {
            "year_quarter": 20024,
            "year": 2002,
            "quarter": 4,
            "eps": 0.14,
            "eps_growth_year": 2272.98,
            "eps_4q": 0.74,
            "eps_4q_growth_year": 7.36,
            "roe": 2.86,
            "roe_4q": 15.27,
            "gross_profit": 5885000,
            "gross_margin": 81.14,
            "gross_margin_4q_avg": 81.88,
            "net_income": 1525000,
            "net_income_4q": null,
            "revenue": 7253000,
            "revenue_4q": null,
            "common_shares": 31647000,
            "book_valuer_per_share": 4.71,
            "book_valuer_per_share_4q_avg": 4.63,
            "equity": 52180000,
            "current_ratio": 381.17,
            "debt_ratio": 22.86,
            "inventory_turnover_ratio": null,
            "account_receivable_turnover_ratio": 1.55,
            "reinvestment_rate": 30.8,
            "research_to_sale_ratio": 16.32,
            "price_fair": 2.34,
            "eps_avg_yearly": 0.78,
            "eps_latest_yearly": 0.56,
            "eps_growth_yearly": -88
        },
        "20031": {
            "year_quarter": 20031,
            "year": 2003,
            "quarter": 1,
            "eps": 0.19,
            "eps_growth_year": 62.01,
            "eps_4q": 0.82,
            "eps_4q_growth_year": 41.52,
            "roe": 3.86,
            "roe_4q": 16.45,
            "gross_profit": 6402000,
            "gross_margin": 82.65,
            "gross_margin_4q_avg": 81.15,
            "net_income": 2041000,
            "net_income_4q": null,
            "revenue": 7746000,
            "revenue_4q": null,
            "common_shares": 33013000,
            "book_valuer_per_share": 4.68,
            "book_valuer_per_share_4q_avg": 4.71,
            "equity": 53516000,
            "current_ratio": 363.76,
            "debt_ratio": 23.8,
            "inventory_turnover_ratio": 1.65,
            "account_receivable_turnover_ratio": 1.62,
            "reinvestment_rate": 24.2,
            "research_to_sale_ratio": 22.04,
            "price_fair": 2.32,
            "eps_avg_yearly": 0.77,
            "eps_latest_yearly": 0.76,
            "eps_growth_yearly": -11.05
        },
        "20032": {
            "year_quarter": 20032,
            "year": 2003,
            "quarter": 2,
            "eps": 0.19,
            "eps_growth_year": -24.4,
            "eps_4q": 0.76,
            "eps_4q_growth_year": 28.82,
            "roe": 3.41,
            "roe_4q": 15.299999999999999,
            "gross_profit": 6404000,
            "gross_margin": 74.98,
            "gross_margin_4q_avg": 79.88,
            "net_income": 1865000,
            "net_income_4q": null,
            "revenue": 8541000,
            "revenue_4q": null,
            "common_shares": 33605000,
            "book_valuer_per_share": 4.9,
            "book_valuer_per_share_4q_avg": 4.79,
            "equity": 55812000,
            "current_ratio": 388.71,
            "debt_ratio": 22.87,
            "inventory_turnover_ratio": 2.66,
            "account_receivable_turnover_ratio": 1.83,
            "reinvestment_rate": 18.14,
            "research_to_sale_ratio": 17.74,
            "price_fair": 2.31,
            "eps_avg_yearly": 0.77,
            "eps_latest_yearly": 0.76,
            "eps_growth_yearly": -8.29
        },
        "20033": {
            "year_quarter": 20033,
            "year": 2003,
            "quarter": 3,
            "eps": 0.2,
            "eps_growth_year": -19.66,
            "eps_4q": 0.71,
            "eps_4q_growth_year": 15.53,
            "roe": 3.75,
            "roe_4q": 13.879999999999999,
            "gross_profit": 6561000,
            "gross_margin": 83.74,
            "gross_margin_4q_avg": 80.63,
            "net_income": 2142000,
            "net_income_4q": null,
            "revenue": 7835000,
            "revenue_4q": null,
            "common_shares": 34332000,
            "book_valuer_per_share": 5.12,
            "book_valuer_per_share_4q_avg": 4.85,
            "equity": 58282000,
            "current_ratio": 415.41,
            "debt_ratio": 21.75,
            "inventory_turnover_ratio": 2.03,
            "account_receivable_turnover_ratio": 1.75,
            "reinvestment_rate": -2.18,
            "research_to_sale_ratio": 21.6,
            "price_fair": 2.33,
            "eps_avg_yearly": 0.78,
            "eps_latest_yearly": 0.8,
            "eps_growth_yearly": -2.42
        },
        "20034": {
            "year_quarter": 20034,
            "year": 2003,
            "quarter": 4,
            "eps": 0.14,
            "eps_growth_year": -0.97,
            "eps_4q": 0.71,
            "eps_4q_growth_year": -5.13,
            "roe": 2.41,
            "roe_4q": 13.43,
            "gross_profit": 6761000,
            "gross_margin": 83.83,
            "gross_margin_4q_avg": 81.3,
            "net_income": 1483000,
            "net_income_4q": null,
            "revenue": 8065000,
            "revenue_4q": null,
            "common_shares": 49234000,
            "book_valuer_per_share": 5.7,
            "book_valuer_per_share_4q_avg": 5.1,
            "equity": 64912000,
            "current_ratio": 422.02,
            "debt_ratio": 20.58,
            "inventory_turnover_ratio": 2.1,
            "account_receivable_turnover_ratio": 1.74,
            "reinvestment_rate": -2.01,
            "research_to_sale_ratio": 20.84,
            "price_fair": 2.22,
            "eps_avg_yearly": 0.74,
            "eps_latest_yearly": 0.56,
            "eps_growth_yearly": -22.02
        },
        "20041": {
            "year_quarter": 20041,
            "year": 2004,
            "quarter": 1,
            "eps": 0.24,
            "eps_growth_year": 28.64,
            "eps_4q": 0.76,
            "eps_4q_growth_year": -6.89,
            "roe": 3.97,
            "roe_4q": 13.540000000000001,
            "gross_profit": 6735000,
            "gross_margin": 81.98,
            "gross_margin_4q_avg": 81.13,
            "net_income": 2614000,
            "net_income_4q": null,
            "revenue": 8215000,
            "revenue_4q": null,
            "common_shares": 51298000,
            "book_valuer_per_share": 5.85,
            "book_valuer_per_share_4q_avg": 5.39,
            "equity": 66680000,
            "current_ratio": 403.43,
            "debt_ratio": 20.88,
            "inventory_turnover_ratio": 1.7,
            "account_receivable_turnover_ratio": 1.69,
            "reinvestment_rate": -16.36,
            "research_to_sale_ratio": 19.61,
            "price_fair": 24.64,
            "eps_avg_yearly": 0.77,
            "eps_latest_yearly": 0.96,
            "eps_growth_yearly": 21.95
        },
        "20042": {
            "year_quarter": 20042,
            "year": 2004,
            "quarter": 2,
            "eps": 0.14,
            "eps_growth_year": -23.53,
            "eps_4q": 0.72,
            "eps_4q_growth_year": -5.28,
            "roe": 2.28,
            "roe_4q": 12.41,
            "gross_profit": 7809000,
            "gross_margin": 76.91,
            "gross_margin_4q_avg": 81.62,
            "net_income": 1549000,
            "net_income_4q": null,
            "revenue": 10153000,
            "revenue_4q": null,
            "common_shares": 52676000,
            "book_valuer_per_share": 6.11,
            "book_valuer_per_share_4q_avg": 5.7,
            "equity": 69343000,
            "current_ratio": 448.05,
            "debt_ratio": 19.31,
            "inventory_turnover_ratio": 2.73,
            "account_receivable_turnover_ratio": 2,
            "reinvestment_rate": -18.97,
            "research_to_sale_ratio": 29.26,
            "price_fair": 2.24,
            "eps_avg_yearly": 0.75,
            "eps_latest_yearly": 0.56,
            "eps_growth_yearly": -1.63
        },
        "20043": {
            "year_quarter": 20043,
            "year": 2004,
            "quarter": 3,
            "eps": 0.26,
            "eps_growth_year": 29.18,
            "eps_4q": 0.77,
            "eps_4q_growth_year": 9.33,
            "roe": 1.88,
            "roe_4q": 10.540000000000001,
            "gross_profit": 7764000,
            "gross_margin": 84.62,
            "gross_margin_4q_avg": 81.84,
            "net_income": 1315000,
            "net_income_4q": null,
            "revenue": 9175000,
            "revenue_4q": null,
            "common_shares": 53975000,
            "book_valuer_per_share": 6.2,
            "book_valuer_per_share_4q_avg": 5.97,
            "equity": 70580000,
            "current_ratio": 408.35,
            "debt_ratio": 21.37,
            "inventory_turnover_ratio": 2.43,
            "account_receivable_turnover_ratio": 1.74,
            "reinvestment_rate": -7.16,
            "research_to_sale_ratio": 16.76,
            "price_fair": 27.22,
            "eps_avg_yearly": 0.78,
            "eps_latest_yearly": 1.04,
            "eps_growth_yearly": 36.65
        },
        "20044": {
            "year_quarter": 20044,
            "year": 2004,
            "quarter": 4,
            "eps": 0.25,
            "eps_growth_year": 86.45,
            "eps_4q": 0.89,
            "eps_4q_growth_year": 26.24,
            "roe": 3.7,
            "roe_4q": 11.83,
            "gross_profit": 7811000,
            "gross_margin": 84.06,
            "gross_margin_4q_avg": 81.89,
            "net_income": 2690000,
            "net_income_4q": null,
            "revenue": 9292000,
            "revenue_4q": null,
            "common_shares": 56396000,
            "book_valuer_per_share": 6.55,
            "book_valuer_per_share_4q_avg": 6.18,
            "equity": 74825000,
            "current_ratio": 471.41,
            "debt_ratio": 20.71,
            "inventory_turnover_ratio": 3.08,
            "account_receivable_turnover_ratio": 1.72,
            "reinvestment_rate": -25.48,
            "research_to_sale_ratio": 17.85,
            "price_fair": 28,
            "eps_avg_yearly": 0.8,
            "eps_latest_yearly": 1,
            "eps_growth_yearly": 31.44
        },
        "20051": {
            "year_quarter": 20051,
            "year": 2005,
            "quarter": 1,
            "eps": 0.26,
            "eps_growth_year": 10.09,
            "eps_4q": 0.92,
            "eps_4q_growth_year": 20.55,
            "roe": 3.35,
            "roe_4q": 11.209999999999999,
            "gross_profit": 7784000,
            "gross_margin": 84.71,
            "gross_margin_4q_avg": 82.58,
            "net_income": 2528000,
            "net_income_4q": null,
            "revenue": 9189000,
            "revenue_4q": null,
            "common_shares": 57147000,
            "book_valuer_per_share": 6.65,
            "book_valuer_per_share_4q_avg": 6.38,
            "equity": 75946000,
            "current_ratio": 461.05,
            "debt_ratio": 19.44,
            "inventory_turnover_ratio": 2.73,
            "account_receivable_turnover_ratio": 1.67,
            "reinvestment_rate": -18.84,
            "research_to_sale_ratio": 16.65,
            "price_fair": 28.76,
            "eps_avg_yearly": 0.82,
            "eps_latest_yearly": 1.04,
            "eps_growth_yearly": 30.04
        },
        "20052": {
            "year_quarter": 20052,
            "year": 2005,
            "quarter": 2,
            "eps": 0.32,
            "eps_growth_year": 122.4,
            "eps_4q": 1.09,
            "eps_4q_growth_year": 52.19,
            "roe": 5.62,
            "roe_4q": 14.55,
            "gross_profit": 8943000,
            "gross_margin": 82.67,
            "gross_margin_4q_avg": 84.02,
            "net_income": 3463000,
            "net_income_4q": null,
            "revenue": 10818000,
            "revenue_4q": null,
            "common_shares": 58403000,
            "book_valuer_per_share": 4.01,
            "book_valuer_per_share_4q_avg": 5.85,
            "equity": 47232000,
            "current_ratio": 295.11,
            "debt_ratio": 27.27,
            "inventory_turnover_ratio": 4.11,
            "account_receivable_turnover_ratio": 1.84,
            "reinvestment_rate": -16,
            "research_to_sale_ratio": 13.14,
            "price_fair": 30.1,
            "eps_avg_yearly": 0.86,
            "eps_latest_yearly": 1.28,
            "eps_growth_yearly": 35.23
        },
        "20053": {
            "year_quarter": 20053,
            "year": 2005,
            "quarter": 3,
            "eps": 0.29,
            "eps_growth_year": 11.87,
            "eps_4q": 1.12,
            "eps_4q_growth_year": 44.77,
            "roe": 5.42,
            "roe_4q": 18.09,
            "gross_profit": 8257000,
            "gross_margin": 85.83,
            "gross_margin_4q_avg": 84.32,
            "net_income": 2563000,
            "net_income_4q": null,
            "revenue": 9620000,
            "revenue_4q": null,
            "common_shares": 58829000,
            "book_valuer_per_share": 4.05,
            "book_valuer_per_share_4q_avg": 5.32,
            "equity": 47373000,
            "current_ratio": 288.7,
            "debt_ratio": 28.52,
            "inventory_turnover_ratio": 4.23,
            "account_receivable_turnover_ratio": 1.57,
            "reinvestment_rate": -8.02,
            "research_to_sale_ratio": 15.41,
            "price_fair": 30.91,
            "eps_avg_yearly": 0.88,
            "eps_latest_yearly": 1.16,
            "eps_growth_yearly": 29.63
        },
        "20054": {
            "year_quarter": 20054,
            "year": 2005,
            "quarter": 4,
            "eps": 0.41,
            "eps_growth_year": 61.73,
            "eps_4q": 1.28,
            "eps_4q_growth_year": 43.23,
            "roe": 7.75,
            "roe_4q": 22.14,
            "gross_profit": 8773000,
            "gross_margin": 86.34,
            "gross_margin_4q_avg": 84.89,
            "net_income": 3700000,
            "net_income_4q": null,
            "revenue": 10161000,
            "revenue_4q": null,
            "common_shares": 60413000,
            "book_valuer_per_share": 4.14,
            "book_valuer_per_share_4q_avg": 4.71,
            "equity": 48115000,
            "current_ratio": 288.78,
            "debt_ratio": 32.06,
            "inventory_turnover_ratio": 3.34,
            "account_receivable_turnover_ratio": 1.59,
            "reinvestment_rate": -2.64,
            "research_to_sale_ratio": 16.38,
            "price_fair": 32.8,
            "eps_avg_yearly": 0.94,
            "eps_latest_yearly": 1.64,
            "eps_growth_yearly": 39.34
        },
        "20061": {
            "year_quarter": 20061,
            "year": 2006,
            "quarter": 1,
            "eps": 0.32,
            "eps_growth_year": 21.17,
            "eps_4q": 1.33,
            "eps_4q_growth_year": 45.55,
            "roe": 6.51,
            "roe_4q": 25.3,
            "gross_profit": 8488000,
            "gross_margin": 87.14,
            "gross_margin_4q_avg": 85.5,
            "net_income": 3141000,
            "net_income_4q": null,
            "revenue": 9741000,
            "revenue_4q": null,
            "common_shares": 60862000,
            "book_valuer_per_share": 4.16,
            "book_valuer_per_share_4q_avg": 4.09,
            "equity": 48327000,
            "current_ratio": 292.74,
            "debt_ratio": 32.37,
            "inventory_turnover_ratio": 2.06,
            "account_receivable_turnover_ratio": 1.5,
            "reinvestment_rate": -5.42,
            "research_to_sale_ratio": 15.55,
            "price_fair": 33.6,
            "eps_avg_yearly": 0.96,
            "eps_latest_yearly": 1.28,
            "eps_growth_yearly": 30.86
        },
        "20062": {
            "year_quarter": 20062,
            "year": 2006,
            "quarter": 2,
            "eps": 0.35,
            "eps_growth_year": 10.04,
            "eps_4q": 1.37,
            "eps_4q_growth_year": 25.23,
            "roe": 7.9,
            "roe_4q": 27.58,
            "gross_profit": 9598000,
            "gross_margin": 81.08,
            "gross_margin_4q_avg": 85.1,
            "net_income": 3653000,
            "net_income_4q": null,
            "revenue": 11837000,
            "revenue_4q": null,
            "common_shares": 60140000,
            "book_valuer_per_share": 3.87,
            "book_valuer_per_share_4q_avg": 4.06,
            "equity": 44208000,
            "current_ratio": 278.82,
            "debt_ratio": 34.27,
            "inventory_turnover_ratio": 2.59,
            "account_receivable_turnover_ratio": 1.75,
            "reinvestment_rate": -16.22,
            "research_to_sale_ratio": 13.44,
            "price_fair": 34.56,
            "eps_avg_yearly": 0.99,
            "eps_latest_yearly": 1.4,
            "eps_growth_yearly": 31.28
        },
        "20063": {
            "year_quarter": 20063,
            "year": 2006,
            "quarter": 3,
            "eps": 0.31,
            "eps_growth_year": 9.27,
            "eps_4q": 1.39,
            "eps_4q_growth_year": 24.21,
            "roe": 6.9,
            "roe_4q": 29.060000000000002,
            "gross_profit": 8872000,
            "gross_margin": 81.39,
            "gross_margin_4q_avg": 83.99,
            "net_income": 2977000,
            "net_income_4q": null,
            "revenue": 10900000,
            "revenue_4q": null,
            "common_shares": 59850000,
            "book_valuer_per_share": 3.71,
            "book_valuer_per_share_4q_avg": 3.97,
            "equity": 42038000,
            "current_ratio": 253.87,
            "debt_ratio": 37.12,
            "inventory_turnover_ratio": 1.92,
            "account_receivable_turnover_ratio": 1.5,
            "reinvestment_rate": -12.81,
            "research_to_sale_ratio": 14.83,
            "price_fair": 35.09,
            "eps_avg_yearly": 1,
            "eps_latest_yearly": 1.24,
            "eps_growth_yearly": 28.42
        },
        "20064": {
            "year_quarter": 20064,
            "year": 2006,
            "quarter": 4,
            "eps": 0.3,
            "eps_growth_year": -26.6,
            "eps_4q": 1.28,
            "eps_4q_growth_year": 0.36,
            "roe": 6.89,
            "roe_4q": 28.199999999999996,
            "gross_profit": 9674000,
            "gross_margin": 81.96,
            "gross_margin_4q_avg": 82.89,
            "net_income": 2828000,
            "net_income_4q": null,
            "revenue": 11804000,
            "revenue_4q": null,
            "common_shares": 59005000,
            "book_valuer_per_share": 3.55,
            "book_valuer_per_share_4q_avg": 3.82,
            "equity": 40104000,
            "current_ratio": 218.39,
            "debt_ratio": 42.38,
            "inventory_turnover_ratio": 1.64,
            "account_receivable_turnover_ratio": 1.46,
            "reinvestment_rate": -8.61,
            "research_to_sale_ratio": 15.77,
            "price_fair": 36.49,
            "eps_avg_yearly": 1.04,
            "eps_latest_yearly": 1.2,
            "eps_growth_yearly": 38.61
        },
        "20071": {
            "year_quarter": 20071,
            "year": 2007,
            "quarter": 1,
            "eps": 0.35,
            "eps_growth_year": 10.33,
            "eps_4q": 1.32,
            "eps_4q_growth_year": -1.37,
            "roe": 9.13,
            "roe_4q": 30.82,
            "gross_profit": 9115000,
            "gross_margin": 84.31,
            "gross_margin_4q_avg": 82.19,
            "net_income": 3478000,
            "net_income_4q": null,
            "revenue": 10811000,
            "revenue_4q": null,
            "common_shares": 57657000,
            "book_valuer_per_share": 3.18,
            "book_valuer_per_share_4q_avg": 3.58,
            "equity": 36101000,
            "current_ratio": 206.44,
            "debt_ratio": 44.76,
            "inventory_turnover_ratio": 0.85,
            "account_receivable_turnover_ratio": 1.34,
            "reinvestment_rate": -7.02,
            "research_to_sale_ratio": 16.52,
            "price_fair": 37.89,
            "eps_avg_yearly": 1.08,
            "eps_latest_yearly": 1.4,
            "eps_growth_yearly": 33.85
        },
        "20072": {
            "year_quarter": 20072,
            "year": 2007,
            "quarter": 2,
            "eps": 0.27,
            "eps_growth_year": -21.84,
            "eps_4q": 1.24,
            "eps_4q_growth_year": -9.22,
            "roe": 7.22,
            "roe_4q": 30.14,
            "gross_profit": 8922000,
            "gross_margin": 71.14,
            "gross_margin_4q_avg": 79.7,
            "net_income": 2626000,
            "net_income_4q": null,
            "revenue": 12542000,
            "revenue_4q": null,
            "common_shares": 61152000,
            "book_valuer_per_share": 3.24,
            "book_valuer_per_share_4q_avg": 3.42,
            "equity": 36634000,
            "current_ratio": 203.38,
            "debt_ratio": 44.8,
            "inventory_turnover_ratio": 1.71,
            "account_receivable_turnover_ratio": 1.5,
            "reinvestment_rate": -4.55,
            "research_to_sale_ratio": 13.05,
            "price_fair": 38.59,
            "eps_avg_yearly": 1.1,
            "eps_latest_yearly": 1.08,
            "eps_growth_yearly": 28.14
        },
        "20073": {
            "year_quarter": 20073,
            "year": 2007,
            "quarter": 3,
            "eps": 0.52,
            "eps_growth_year": 66.82,
            "eps_4q": 1.45,
            "eps_4q_growth_year": 4.04,
            "roe": 13.76,
            "roe_4q": 37,
            "gross_profit": 12258000,
            "gross_margin": 85.14,
            "gross_margin_4q_avg": 80.64,
            "net_income": 4926000,
            "net_income_4q": null,
            "revenue": 14398000,
            "revenue_4q": null,
            "common_shares": 60827000,
            "book_valuer_per_share": 3.14,
            "book_valuer_per_share_4q_avg": 3.28,
            "equity": 34973000,
            "current_ratio": 197.82,
            "debt_ratio": 45.26,
            "inventory_turnover_ratio": 1.23,
            "account_receivable_turnover_ratio": 1.57,
            "reinvestment_rate": -5.2,
            "research_to_sale_ratio": 12.15,
            "price_fair": 41.39,
            "eps_avg_yearly": 1.18,
            "eps_latest_yearly": 2.08,
            "eps_growth_yearly": 49.97
        },
        "20074": {
            "year_quarter": 20074,
            "year": 2007,
            "quarter": 4,
            "eps": 0.32,
            "eps_growth_year": 4.41,
            "eps_4q": 1.46,
            "eps_4q_growth_year": 13.96,
            "roe": 9.19,
            "roe_4q": 39.3,
            "gross_profit": 10134000,
            "gross_margin": 75.79,
            "gross_margin_4q_avg": 79.1,
            "net_income": 3035000,
            "net_income_4q": null,
            "revenue": 13371000,
            "revenue_4q": null,
            "common_shares": 60557000,
            "book_valuer_per_share": 2.71,
            "book_valuer_per_share_4q_avg": 3.07,
            "equity": 31097000,
            "current_ratio": 169.1,
            "debt_ratio": 50.77,
            "inventory_turnover_ratio": 2.25,
            "account_receivable_turnover_ratio": 1.35,
            "reinvestment_rate": -3.58,
            "research_to_sale_ratio": 14.57,
            "price_fair": 42.96,
            "eps_avg_yearly": 1.23,
            "eps_latest_yearly": 1.28,
            "eps_growth_yearly": 47.86
        },
        "20081": {
            "year_quarter": 20081,
            "year": 2008,
            "quarter": 1,
            "eps": 0.45,
            "eps_growth_year": 27.56,
            "eps_4q": 1.56,
            "eps_4q_growth_year": 18.5,
            "roe": 13.57,
            "roe_4q": 43.739999999999995,
            "gross_profit": 11087000,
            "gross_margin": 80.56,
            "gross_margin_4q_avg": 78.16,
            "net_income": 4289000,
            "net_income_4q": null,
            "revenue": 13762000,
            "revenue_4q": null,
            "common_shares": 60699000,
            "book_valuer_per_share": 2.17,
            "book_valuer_per_share_4q_avg": 2.82,
            "equity": 32135000,
            "current_ratio": 157.64,
            "debt_ratio": 51.05,
            "inventory_turnover_ratio": 2.32,
            "account_receivable_turnover_ratio": 1.35,
            "reinvestment_rate": -5.65,
            "research_to_sale_ratio": 13.35,
            "price_fair": 44.8,
            "eps_avg_yearly": 1.28,
            "eps_latest_yearly": 1.8,
            "eps_growth_yearly": 40.15
        },
        "20082": {
            "year_quarter": 20082,
            "year": 2008,
            "quarter": 2,
            "eps": 0.5,
            "eps_growth_year": 82.21,
            "eps_4q": 1.78,
            "eps_4q_growth_year": 43.79,
            "roe": 14.14,
            "roe_4q": 50.66,
            "gross_profit": 12824000,
            "gross_margin": 78.35,
            "gross_margin_4q_avg": 79.96,
            "net_income": 4707000,
            "net_income_4q": null,
            "revenue": 16367000,
            "revenue_4q": null,
            "common_shares": 62528000,
            "book_valuer_per_share": 2.4,
            "book_valuer_per_share_4q_avg": 2.61,
            "equity": 34431000,
            "current_ratio": 171.25,
            "debt_ratio": 48.87,
            "inventory_turnover_ratio": 3.67,
            "account_receivable_turnover_ratio": 1.59,
            "reinvestment_rate": -5.85,
            "research_to_sale_ratio": 11.52,
            "price_fair": 47.95,
            "eps_avg_yearly": 1.37,
            "eps_latest_yearly": 2,
            "eps_growth_yearly": 53.35
        },
        "20083": {
            "year_quarter": 20083,
            "year": 2008,
            "quarter": 3,
            "eps": 0.47,
            "eps_growth_year": -10.62,
            "eps_4q": 1.73,
            "eps_4q_growth_year": 19.26,
            "roe": 12.19,
            "roe_4q": 49.089999999999996,
            "gross_profit": 11940000,
            "gross_margin": 82.61,
            "gross_margin_4q_avg": 79.33,
            "net_income": 4388000,
            "net_income_4q": null,
            "revenue": 14454000,
            "revenue_4q": null,
            "common_shares": 63375000,
            "book_valuer_per_share": 2.75,
            "book_valuer_per_share_4q_avg": 2.51,
            "equity": 37554000,
            "current_ratio": 153.5,
            "debt_ratio": 46.92,
            "inventory_turnover_ratio": 3.29,
            "account_receivable_turnover_ratio": 1.35,
            "reinvestment_rate": -0.66,
            "research_to_sale_ratio": 14.08,
            "price_fair": 49.79,
            "eps_avg_yearly": 1.42,
            "eps_latest_yearly": 1.88,
            "eps_growth_yearly": 30.42
        },
        "20084": {
            "year_quarter": 20084,
            "year": 2008,
            "quarter": 4,
            "eps": 0.46,
            "eps_growth_year": 45.18,
            "eps_4q": 1.87,
            "eps_4q_growth_year": 27.93,
            "roe": 11.64,
            "roe_4q": 51.54,
            "gross_profit": 12971000,
            "gross_margin": 81.9,
            "gross_margin_4q_avg": 80.86,
            "net_income": 4297000,
            "net_income_4q": null,
            "revenue": 15837000,
            "revenue_4q": null,
            "common_shares": 62849000,
            "book_valuer_per_share": 2.43,
            "book_valuer_per_share_4q_avg": 2.44,
            "equity": 36286000,
            "current_ratio": 144.69,
            "debt_ratio": 50.15,
            "inventory_turnover_ratio": 3.26,
            "account_receivable_turnover_ratio": 1.35,
            "reinvestment_rate": -2.95,
            "research_to_sale_ratio": 15.2,
            "price_fair": 51.63,
            "eps_avg_yearly": 1.48,
            "eps_latest_yearly": 1.84,
            "eps_growth_yearly": 30.85
        },
        "20091": {
            "year_quarter": 20091,
            "year": 2009,
            "quarter": 1,
            "eps": 0.48,
            "eps_growth_year": 5.62,
            "eps_4q": 1.9,
            "eps_4q_growth_year": 21.56,
            "roe": 12.52,
            "roe_4q": 50.49,
            "gross_profit": 12213000,
            "gross_margin": 81.09,
            "gross_margin_4q_avg": 80.99,
            "net_income": 4373000,
            "net_income_4q": null,
            "revenue": 15061000,
            "revenue_4q": null,
            "common_shares": 61655000,
            "book_valuer_per_share": 2.16,
            "book_valuer_per_share_4q_avg": 2.44,
            "equity": 33594000,
            "current_ratio": 152.57,
            "debt_ratio": 48.41,
            "inventory_turnover_ratio": 2.17,
            "account_receivable_turnover_ratio": 1.3,
            "reinvestment_rate": -6.1,
            "research_to_sale_ratio": 15.16,
            "price_fair": 53.55,
            "eps_avg_yearly": 1.53,
            "eps_latest_yearly": 1.92,
            "eps_growth_yearly": 30.94
        },
        "20092": {
            "year_quarter": 20092,
            "year": 2009,
            "quarter": 2,
            "eps": 0.47,
            "eps_growth_year": -5.47,
            "eps_4q": 1.87,
            "eps_4q_growth_year": 4.8,
            "roe": 12.26,
            "roe_4q": 48.61,
            "gross_profit": 12722000,
            "gross_margin": 76.5,
            "gross_margin_4q_avg": 80.53,
            "net_income": 4174000,
            "net_income_4q": null,
            "revenue": 16629000,
            "revenue_4q": null,
            "common_shares": 61392000,
            "book_valuer_per_share": 2.27,
            "book_valuer_per_share_4q_avg": 2.4,
            "equity": 34478000,
            "current_ratio": 159.13,
            "debt_ratio": 47.59,
            "inventory_turnover_ratio": 3,
            "account_receivable_turnover_ratio": 1.62,
            "reinvestment_rate": -5.37,
            "research_to_sale_ratio": 13.77,
            "price_fair": 54.31,
            "eps_avg_yearly": 1.57,
            "eps_latest_yearly": 1.88,
            "eps_growth_yearly": 24.65
        },
        "20093": {
            "year_quarter": 20093,
            "year": 2009,
            "quarter": 3,
            "eps": 0.36,
            "eps_growth_year": -23.02,
            "eps_4q": 1.76,
            "eps_4q_growth_year": 1.95,
            "roe": 8.34,
            "roe_4q": 44.760000000000005,
            "gross_profit": 10834000,
            "gross_margin": 79.38,
            "gross_margin_4q_avg": 79.72,
            "net_income": 2977000,
            "net_income_4q": null,
            "revenue": 13648000,
            "revenue_4q": null,
            "common_shares": 61896000,
            "book_valuer_per_share": 2.54,
            "book_valuer_per_share_4q_avg": 2.35,
            "equity": 36943000,
            "current_ratio": 170.94,
            "debt_ratio": 46.35,
            "inventory_turnover_ratio": 3.46,
            "account_receivable_turnover_ratio": 1.36,
            "reinvestment_rate": -3.57,
            "research_to_sale_ratio": 16.21,
            "price_fair": 49.36,
            "eps_avg_yearly": 1.59,
            "eps_latest_yearly": 1.44,
            "eps_growth_yearly": 21.14
        },
        "20094": {
            "year_quarter": 20094,
            "year": 2009,
            "quarter": 4,
            "eps": 0.34,
            "eps_growth_year": -24.83,
            "eps_4q": 1.65,
            "eps_4q_growth_year": -11.91,
            "roe": 7.96,
            "roe_4q": 41.08,
            "gross_profit": 10513000,
            "gross_margin": 80.26,
            "gross_margin_4q_avg": 79.31,
            "net_income": 3045000,
            "net_income_4q": null,
            "revenue": 13099000,
            "revenue_4q": null,
            "common_shares": 62382000,
            "book_valuer_per_share": 2.84,
            "book_valuer_per_share_4q_avg": 2.45,
            "equity": 39558000,
            "current_ratio": 182.29,
            "debt_ratio": 49.21,
            "inventory_turnover_ratio": 3.76,
            "account_receivable_turnover_ratio": 1.29,
            "reinvestment_rate": 0.09,
            "research_to_sale_ratio": 16.99,
            "price_fair": 30.42,
            "eps_avg_yearly": 1.57,
            "eps_latest_yearly": 1.36,
            "eps_growth_yearly": 9.41
        },
        "20101": {
            "year_quarter": 20101,
            "year": 2010,
            "quarter": 1,
            "eps": 0.4,
            "eps_growth_year": -16.45,
            "eps_4q": 1.57,
            "eps_4q_growth_year": -17.22,
            "roe": 8.85,
            "roe_4q": 37.41,
            "gross_profit": 10078000,
            "gross_margin": 78,
            "gross_margin_4q_avg": 78.54,
            "net_income": 3574000,
            "net_income_4q": null,
            "revenue": 12920000,
            "revenue_4q": null,
            "common_shares": 62293000,
            "book_valuer_per_share": 3.03,
            "book_valuer_per_share_4q_avg": 2.67,
            "equity": 41212000,
            "current_ratio": 181.6,
            "debt_ratio": 49.5,
            "inventory_turnover_ratio": 3.04,
            "account_receivable_turnover_ratio": 1.31,
            "reinvestment_rate": 3.32,
            "research_to_sale_ratio": 15.98,
            "price_fair": 46.52,
            "eps_avg_yearly": 1.59,
            "eps_latest_yearly": 1.6,
            "eps_growth_yearly": 19.31
        },
        "20102": {
            "year_quarter": 20102,
            "year": 2010,
            "quarter": 2,
            "eps": 0.74,
            "eps_growth_year": 58.95,
            "eps_4q": 1.84,
            "eps_4q_growth_year": -1.24,
            "roe": 15.58,
            "roe_4q": 40.730000000000004,
            "gross_profit": 15394000,
            "gross_margin": 80.93,
            "gross_margin_4q_avg": 79.64,
            "net_income": 6662000,
            "net_income_4q": null,
            "revenue": 19022000,
            "revenue_4q": null,
            "common_shares": 62566000,
            "book_valuer_per_share": 3.47,
            "book_valuer_per_share_4q_avg": 2.97,
            "equity": 44283000,
            "current_ratio": 204.11,
            "debt_ratio": 46.06,
            "inventory_turnover_ratio": 4.17,
            "account_receivable_turnover_ratio": 1.92,
            "reinvestment_rate": 4.73,
            "research_to_sale_ratio": 10.93,
            "price_fair": 58.98,
            "eps_avg_yearly": 1.69,
            "eps_latest_yearly": 2.96,
            "eps_growth_yearly": 38.21
        },
        "20103": {
            "year_quarter": 20103,
            "year": 2010,
            "quarter": 3,
            "eps": 0.45,
            "eps_growth_year": 25.97,
            "eps_4q": 1.94,
            "eps_4q_growth_year": 10.05,
            "roe": 8.9,
            "roe_4q": 41.29,
            "gross_profit": 11748000,
            "gross_margin": 81,
            "gross_margin_4q_avg": 80.05,
            "net_income": 4006000,
            "net_income_4q": null,
            "revenue": 14503000,
            "revenue_4q": null,
            "common_shares": 62517000,
            "book_valuer_per_share": 3.65,
            "book_valuer_per_share_4q_avg": 3.25,
            "equity": 45710000,
            "current_ratio": 206.32,
            "debt_ratio": 46.17,
            "inventory_turnover_ratio": 5.06,
            "account_receivable_turnover_ratio": 1.43,
            "reinvestment_rate": 4.56,
            "research_to_sale_ratio": 15.31,
            "price_fair": 60.2,
            "eps_avg_yearly": 1.72,
            "eps_latest_yearly": 1.8,
            "eps_growth_yearly": 31.27
        },
        "20104": {
            "year_quarter": 20104,
            "year": 2010,
            "quarter": 4,
            "eps": 0.51,
            "eps_growth_year": 48.74,
            "eps_4q": 2.11,
            "eps_4q_growth_year": 27.84,
            "roe": 9.83,
            "roe_4q": 43.160000000000004,
            "gross_profit": 12869000,
            "gross_margin": 80.24,
            "gross_margin_4q_avg": 80.04,
            "net_income": 4518000,
            "net_income_4q": null,
            "revenue": 16039000,
            "revenue_4q": null,
            "common_shares": 62856000,
            "book_valuer_per_share": 3.76,
            "book_valuer_per_share_4q_avg": 3.48,
            "equity": 46175000,
            "current_ratio": 212.93,
            "debt_ratio": 46.38,
            "inventory_turnover_ratio": 5.11,
            "account_receivable_turnover_ratio": 1.45,
            "reinvestment_rate": 5.27,
            "research_to_sale_ratio": 14.65,
            "price_fair": 62.04,
            "eps_avg_yearly": 1.77,
            "eps_latest_yearly": 2.04,
            "eps_growth_yearly": 35.41
        },
        "20111": {
            "year_quarter": 20111,
            "year": 2011,
            "quarter": 1,
            "eps": 0.62,
            "eps_growth_year": 56.39,
            "eps_4q": 2.33,
            "eps_4q_growth_year": 48.53,
            "roe": 11.62,
            "roe_4q": 45.93,
            "gross_profit": 13056000,
            "gross_margin": 80.62,
            "gross_margin_4q_avg": 80.7,
            "net_income": 5410000,
            "net_income_4q": null,
            "revenue": 16195000,
            "revenue_4q": null,
            "common_shares": 61935000,
            "book_valuer_per_share": 3.9,
            "book_valuer_per_share_4q_avg": 3.7,
            "equity": 46942000,
            "current_ratio": 230.43,
            "debt_ratio": 48.72,
            "inventory_turnover_ratio": 3.17,
            "account_receivable_turnover_ratio": 1.43,
            "reinvestment_rate": 5.47,
            "research_to_sale_ratio": 13.56,
            "price_fair": 64.4,
            "eps_avg_yearly": 1.84,
            "eps_latest_yearly": 2.48,
            "eps_growth_yearly": 36.64
        },
        "20112": {
            "year_quarter": 20112,
            "year": 2011,
            "quarter": 2,
            "eps": 0.77,
            "eps_growth_year": 4.01,
            "eps_4q": 2.36,
            "eps_4q_growth_year": 27.92,
            "roe": 13.9,
            "roe_4q": 44.25,
            "gross_profit": 15120000,
            "gross_margin": 75.78,
            "gross_margin_4q_avg": 79.41,
            "net_income": 6634000,
            "net_income_4q": null,
            "revenue": 19953000,
            "revenue_4q": null,
            "common_shares": 61646000,
            "book_valuer_per_share": 4.16,
            "book_valuer_per_share_4q_avg": 3.87,
            "equity": 48481000,
            "current_ratio": 245.49,
            "debt_ratio": 47.48,
            "inventory_turnover_ratio": 4.6,
            "account_receivable_turnover_ratio": 1.77,
            "reinvestment_rate": 6.02,
            "research_to_sale_ratio": 10.95,
            "price_fair": 68.78,
            "eps_avg_yearly": 1.97,
            "eps_latest_yearly": 3.08,
            "eps_growth_yearly": 48.4
        },
        "20113": {
            "year_quarter": 20113,
            "year": 2011,
            "quarter": 3,
            "eps": 0.61,
            "eps_growth_year": 36.22,
            "eps_4q": 2.52,
            "eps_4q_growth_year": 30.21,
            "roe": 10.27,
            "roe_4q": 45.62,
            "gross_profit": 12531000,
            "gross_margin": 76.28,
            "gross_margin_4q_avg": 78.23,
            "net_income": 5232000,
            "net_income_4q": null,
            "revenue": 16428000,
            "revenue_4q": null,
            "common_shares": 63234000,
            "book_valuer_per_share": 4.75,
            "book_valuer_per_share_4q_avg": 4.14,
            "equity": 53452000,
            "current_ratio": 275.61,
            "debt_ratio": 46.4,
            "inventory_turnover_ratio": 4.07,
            "account_receivable_turnover_ratio": 1.43,
            "reinvestment_rate": 5.96,
            "research_to_sale_ratio": 13.81,
            "price_fair": 59.74,
            "eps_avg_yearly": 1.99,
            "eps_latest_yearly": 2.44,
            "eps_growth_yearly": 20.06
        },
        "20114": {
            "year_quarter": 20114,
            "year": 2011,
            "quarter": 4,
            "eps": 0.69,
            "eps_growth_year": 34.59,
            "eps_4q": 2.7,
            "eps_4q_growth_year": 28.25,
            "roe": 10.63,
            "roe_4q": 46.419999999999995,
            "gross_profit": 13659000,
            "gross_margin": 78.65,
            "gross_margin_4q_avg": 77.83,
            "net_income": 5874000,
            "net_income_4q": null,
            "revenue": 17367000,
            "revenue_4q": null,
            "common_shares": 63415000,
            "book_valuer_per_share": 5.22,
            "book_valuer_per_share_4q_avg": 4.51,
            "equity": 57083000,
            "current_ratio": 260.37,
            "debt_ratio": 47.49,
            "inventory_turnover_ratio": 3.05,
            "account_receivable_turnover_ratio": 1.39,
            "reinvestment_rate": 6.34,
            "research_to_sale_ratio": 13.78,
            "price_fair": 72.8,
            "eps_avg_yearly": 2.08,
            "eps_latest_yearly": 2.76,
            "eps_growth_yearly": 32.95
        },
        "20121": {
            "year_quarter": 20121,
            "year": 2012,
            "quarter": 1,
            "eps": 0.68,
            "eps_growth_year": 8.62,
            "eps_4q": 2.75,
            "eps_4q_growth_year": 18.2,
            "roe": 9.85,
            "roe_4q": 44.65,
            "gross_profit": 13595000,
            "gross_margin": 78.26,
            "gross_margin_4q_avg": 77.24,
            "net_income": 5738000,
            "net_income_4q": null,
            "revenue": 17372000,
            "revenue_4q": null,
            "common_shares": 63492000,
            "book_valuer_per_share": 5.45,
            "book_valuer_per_share_4q_avg": 4.9,
            "equity": 59391000,
            "current_ratio": 294.68,
            "debt_ratio": 44.71,
            "inventory_turnover_ratio": 2.07,
            "account_receivable_turnover_ratio": 1.38,
            "reinvestment_rate": 2.95,
            "research_to_sale_ratio": 13.41,
            "price_fair": 69.32,
            "eps_avg_yearly": 2.14,
            "eps_latest_yearly": 2.72,
            "eps_growth_yearly": 22.43
        },
        "20122": {
            "year_quarter": 20122,
            "year": 2012,
            "quarter": 2,
            "eps": 0.78,
            "eps_growth_year": 1.09,
            "eps_4q": 2.76,
            "eps_4q_growth_year": 17.07,
            "roe": 10.73,
            "roe_4q": 41.480000000000004,
            "gross_profit": 15247000,
            "gross_margin": 73,
            "gross_margin_4q_avg": 76.55,
            "net_income": 6624000,
            "net_income_4q": null,
            "revenue": 20885000,
            "revenue_4q": null,
            "common_shares": 63902000,
            "book_valuer_per_share": 5,
            "book_valuer_per_share_4q_avg": 5.11,
            "equity": 64121000,
            "current_ratio": 285.79,
            "debt_ratio": 42.87,
            "inventory_turnover_ratio": 3.11,
            "account_receivable_turnover_ratio": 1.76,
            "reinvestment_rate": 1.79,
            "research_to_sale_ratio": 11.35,
            "price_fair": 73.58,
            "eps_avg_yearly": 2.21,
            "eps_latest_yearly": 3.12,
            "eps_growth_yearly": 23.33
        },
        "20123": {
            "year_quarter": 20123,
            "year": 2012,
            "quarter": 3,
            "eps": 0.6,
            "eps_growth_year": -2.23,
            "eps_4q": 2.75,
            "eps_4q_growth_year": 8.94,
            "roe": 7.69,
            "roe_4q": 38.900000000000006,
            "gross_profit": 13455000,
            "gross_margin": 77.3,
            "gross_margin_4q_avg": 76.8,
            "net_income": 5108000,
            "net_income_4q": null,
            "revenue": 17407000,
            "revenue_4q": null,
            "common_shares": 65273000,
            "book_valuer_per_share": 5.5,
            "book_valuer_per_share_4q_avg": 5.29,
            "equity": 68659000,
            "current_ratio": 293.7,
            "debt_ratio": 41.82,
            "inventory_turnover_ratio": 2.86,
            "account_receivable_turnover_ratio": 1.41,
            "reinvestment_rate": 5.7,
            "research_to_sale_ratio": 14.46,
            "price_fair": 65.1,
            "eps_avg_yearly": 2.24,
            "eps_latest_yearly": 2.4,
            "eps_growth_yearly": 19.06
        },
        "20124": {
            "year_quarter": 20124,
            "year": 2012,
            "quarter": 4,
            "eps": 0.42,
            "eps_growth_year": -38.89,
            "eps_4q": 2.48,
            "eps_4q_growth_year": -8.14,
            "roe": -0.73,
            "roe_4q": 27.54,
            "gross_profit": 13896000,
            "gross_margin": 76.95,
            "gross_margin_4q_avg": 76.38,
            "net_income": -492000,
            "net_income_4q": null,
            "revenue": 18059000,
            "revenue_4q": null,
            "common_shares": 65797000,
            "book_valuer_per_share": 5.93,
            "book_valuer_per_share_4q_avg": 5.47,
            "equity": 66363000,
            "current_ratio": 260.29,
            "debt_ratio": 45.28,
            "inventory_turnover_ratio": 3.27,
            "account_receivable_turnover_ratio": 1.35,
            "reinvestment_rate": 9.68,
            "research_to_sale_ratio": 14.36,
            "price_fair": 49.27,
            "eps_avg_yearly": 2.23,
            "eps_latest_yearly": 1.68,
            "eps_growth_yearly": 12.09
        },
        "20131": {
            "year_quarter": 20131,
            "year": 2013,
            "quarter": 1,
            "eps": 0.53,
            "eps_growth_year": -20.94,
            "eps_4q": 2.34,
            "eps_4q_growth_year": -15.07,
            "roe": 6.61,
            "roe_4q": 24.3,
            "gross_profit": 11840000,
            "gross_margin": 73.96,
            "gross_margin_4q_avg": 75.3,
            "net_income": 4466000,
            "net_income_4q": null,
            "revenue": 16008000,
            "revenue_4q": null,
            "common_shares": 66084000,
            "book_valuer_per_share": 6.05,
            "book_valuer_per_share_4q_avg": 5.62,
            "equity": 68836000,
            "current_ratio": 267.66,
            "debt_ratio": 43.52,
            "inventory_turnover_ratio": 3.02,
            "account_receivable_turnover_ratio": 1.25,
            "reinvestment_rate": 10.13,
            "research_to_sale_ratio": 15.37,
            "price_fair": 61.79,
            "eps_avg_yearly": 2.24,
            "eps_latest_yearly": 2.12,
            "eps_growth_yearly": 17.55
        },
        "20132": {
            "year_quarter": 20132,
            "year": 2013,
            "quarter": 2,
            "eps": 0.76,
            "eps_growth_year": -2.99,
            "eps_4q": 2.32,
            "eps_4q_growth_year": -16.17,
            "roe": 9.02,
            "roe_4q": 22.59,
            "gross_profit": 15764000,
            "gross_margin": 73.47,
            "gross_margin_4q_avg": 75.42,
            "net_income": 6377000,
            "net_income_4q": null,
            "revenue": 21456000,
            "revenue_4q": null,
            "common_shares": 66334000,
            "book_valuer_per_share": 6.51,
            "book_valuer_per_share_4q_avg": 6,
            "equity": 72576000,
            "current_ratio": 280.71,
            "debt_ratio": 43.6,
            "inventory_turnover_ratio": 3.47,
            "account_receivable_turnover_ratio": 1.77,
            "reinvestment_rate": 10.8,
            "research_to_sale_ratio": 11.78,
            "price_fair": 81.03,
            "eps_avg_yearly": 2.32,
            "eps_latest_yearly": 3.04,
            "eps_growth_yearly": 28.92
        },
        "20133": {
            "year_quarter": 20133,
            "year": 2013,
            "quarter": 3,
            "eps": 0.72,
            "eps_growth_year": 19.86,
            "eps_4q": 2.44,
            "eps_4q_growth_year": -11.41,
            "roe": 8.11,
            "roe_4q": 23.009999999999998,
            "gross_profit": 15702000,
            "gross_margin": 76.64,
            "gross_margin_4q_avg": 75.26,
            "net_income": 6055000,
            "net_income_4q": null,
            "revenue": 20489000,
            "revenue_4q": null,
            "common_shares": 52181250,
            "book_valuer_per_share": 7.04,
            "book_valuer_per_share_4q_avg": 6.38,
            "equity": 76688000,
            "current_ratio": 292.91,
            "debt_ratio": 42.81,
            "inventory_turnover_ratio": 2.52,
            "account_receivable_turnover_ratio": 1.56,
            "reinvestment_rate": 10.06,
            "research_to_sale_ratio": 12.88,
            "price_fair": 84.18,
            "eps_avg_yearly": 2.41,
            "eps_latest_yearly": 2.88,
            "eps_growth_yearly": 33.46
        },
        "20134": {
            "year_quarter": 20134,
            "year": 2013,
            "quarter": 4,
            "eps": 0.59,
            "eps_growth_year": 40.52,
            "eps_4q": 2.61,
            "eps_4q_growth_year": 5.04,
            "roe": 6.38,
            "roe_4q": 30.119999999999997,
            "gross_profit": 14158000,
            "gross_margin": 71.16,
            "gross_margin_4q_avg": 73.81,
            "net_income": 4965000,
            "net_income_4q": null,
            "revenue": 19896000,
            "revenue_4q": null,
            "common_shares": 52050000,
            "book_valuer_per_share": 7.35,
            "book_valuer_per_share_4q_avg": 6.74,
            "equity": 78944000,
            "current_ratio": 271.18,
            "debt_ratio": 44.57,
            "inventory_turnover_ratio": 2.82,
            "account_receivable_turnover_ratio": 1.35,
            "reinvestment_rate": 9.06,
            "research_to_sale_ratio": 13.99,
            "price_fair": 86.36,
            "eps_avg_yearly": 2.47,
            "eps_latest_yearly": 2.36,
            "eps_growth_yearly": 30.33
        },
        "20141": {
            "year_quarter": 20141,
            "year": 2014,
            "quarter": 1,
            "eps": 0.63,
            "eps_growth_year": 17.02,
            "eps_4q": 2.7,
            "eps_4q_growth_year": 15.29,
            "roe": 6.53,
            "roe_4q": 30.04,
            "gross_profit": 13384000,
            "gross_margin": 72.23,
            "gross_margin_4q_avg": 73.38,
            "net_income": 5244000,
            "net_income_4q": null,
            "revenue": 18529000,
            "revenue_4q": null,
            "common_shares": 52162500,
            "book_valuer_per_share": 7.67,
            "book_valuer_per_share_4q_avg": 7.14,
            "equity": 81641000,
            "current_ratio": 287.24,
            "debt_ratio": 42.65,
            "inventory_turnover_ratio": 2.26,
            "account_receivable_turnover_ratio": 1.3,
            "reinvestment_rate": 10.18,
            "research_to_sale_ratio": 14.93,
            "price_fair": 88.38,
            "eps_avg_yearly": 2.53,
            "eps_latest_yearly": 2.52,
            "eps_growth_yearly": 27.62
        },
        "20142": {
            "year_quarter": 20142,
            "year": 2014,
            "quarter": 2,
            "eps": 0.78,
            "eps_growth_year": 3.3,
            "eps_4q": 2.72,
            "eps_4q_growth_year": 17.53,
            "roe": 7.87,
            "roe_4q": 28.89,
            "gross_profit": 16197000,
            "gross_margin": 66.06,
            "gross_margin_4q_avg": 71.52,
            "net_income": 6558000,
            "net_income_4q": null,
            "revenue": 24519000,
            "revenue_4q": null,
            "common_shares": 51875000,
            "book_valuer_per_share": 8.13,
            "book_valuer_per_share_4q_avg": 7.55,
            "equity": 85100000,
            "current_ratio": 316.73,
            "debt_ratio": 44.58,
            "inventory_turnover_ratio": 3.96,
            "account_receivable_turnover_ratio": 1.82,
            "reinvestment_rate": 13.37,
            "research_to_sale_ratio": 11.21,
            "price_fair": 56.58,
            "eps_avg_yearly": 2.54,
            "eps_latest_yearly": 3.12,
            "eps_growth_yearly": 12.32
        },
        "20143": {
            "year_quarter": 20143,
            "year": 2014,
            "quarter": 3,
            "eps": 0.68,
            "eps_growth_year": -5.89,
            "eps_4q": 2.68,
            "eps_4q_growth_year": 10.03,
            "roe": 6.56,
            "roe_4q": 27.34,
            "gross_profit": 14425000,
            "gross_margin": 70.7,
            "gross_margin_4q_avg": 70.04,
            "net_income": 5660000,
            "net_income_4q": null,
            "revenue": 20403000,
            "revenue_4q": null,
            "common_shares": 51625000,
            "book_valuer_per_share": 8.45,
            "book_valuer_per_share_4q_avg": 7.9,
            "equity": 87424000,
            "current_ratio": 321.52,
            "debt_ratio": 44,
            "inventory_turnover_ratio": 3.4,
            "account_receivable_turnover_ratio": 1.38,
            "reinvestment_rate": 13.31,
            "research_to_sale_ratio": 13.44,
            "price_fair": 74.95,
            "eps_avg_yearly": 2.59,
            "eps_latest_yearly": 2.72,
            "eps_growth_yearly": 18.91
        },
        "20144": {
            "year_quarter": 20144,
            "year": 2014,
            "quarter": 4,
            "eps": 0.56,
            "eps_growth_year": -4.7,
            "eps_4q": 2.65,
            "eps_4q_growth_year": 1.76,
            "roe": 5.21,
            "roe_4q": 26.17,
            "gross_profit": 15749000,
            "gross_margin": 67.36,
            "gross_margin_4q_avg": 69.09,
            "net_income": 4612000,
            "net_income_4q": null,
            "revenue": 23382000,
            "revenue_4q": null,
            "common_shares": 51493750,
            "book_valuer_per_share": 7.61,
            "book_valuer_per_share_4q_avg": 7.97,
            "equity": 89784000,
            "current_ratio": 250.4,
            "debt_ratio": 47.92,
            "inventory_turnover_ratio": 3.33,
            "account_receivable_turnover_ratio": 1.42,
            "reinvestment_rate": 12.64,
            "research_to_sale_ratio": 13.36,
            "price_fair": 55.14,
            "eps_avg_yearly": 2.61,
            "eps_latest_yearly": 2.24,
            "eps_growth_yearly": 11.17
        },
        "20151": {
            "year_quarter": 20151,
            "year": 2015,
            "quarter": 1,
            "eps": 0.65,
            "eps_growth_year": 3.89,
            "eps_4q": 2.68,
            "eps_4q_growth_year": -0.77,
            "roe": 5.05,
            "roe_4q": 24.69,
            "gross_profit": 14928000,
            "gross_margin": 64.34,
            "gross_margin_4q_avg": 67.12,
            "net_income": 4540000,
            "net_income_4q": null,
            "revenue": 23201000,
            "revenue_4q": null,
            "common_shares": 51593750,
            "book_valuer_per_share": 7.68,
            "book_valuer_per_share_4q_avg": 7.97,
            "equity": 90170000,
            "current_ratio": 251.58,
            "debt_ratio": 46.85,
            "inventory_turnover_ratio": 2.85,
            "account_receivable_turnover_ratio": 1.43,
            "reinvestment_rate": 11.24,
            "research_to_sale_ratio": 13.21,
            "price_fair": 51.71,
            "eps_avg_yearly": 2.61,
            "eps_latest_yearly": 2.6,
            "eps_growth_yearly": 9.79
        },
        "20152": {
            "year_quarter": 20152,
            "year": 2015,
            "quarter": 2,
            "eps": 0.73,
            "eps_growth_year": -6.8,
            "eps_4q": 2.62,
            "eps_4q_growth_year": -3.64,
            "roe": 6.44,
            "roe_4q": 23.259999999999998,
            "gross_profit": 16334000,
            "gross_margin": 61.71,
            "gross_margin_4q_avg": 66.03,
            "net_income": 5863000,
            "net_income_4q": null,
            "revenue": 26470000,
            "revenue_4q": null,
            "common_shares": 51362500,
            "book_valuer_per_share": 7.63,
            "book_valuer_per_share_4q_avg": 7.84,
            "equity": 91879000,
            "current_ratio": 245.41,
            "debt_ratio": 47.45,
            "inventory_turnover_ratio": 3.9,
            "account_receivable_turnover_ratio": 1.82,
            "reinvestment_rate": 9.17,
            "research_to_sale_ratio": 10.97,
            "price_fair": 43.78,
            "eps_avg_yearly": 2.6,
            "eps_latest_yearly": 2.92,
            "eps_growth_yearly": 6.82
        },
        "20153": {
            "year_quarter": 20153,
            "year": 2015,
            "quarter": 3,
            "eps": 0.63,
            "eps_growth_year": -6.84,
            "eps_4q": 2.58,
            "eps_4q_growth_year": -3.85,
            "roe": 5.48,
            "roe_4q": 22.180000000000003,
            "gross_profit": 14568000,
            "gross_margin": 67.04,
            "gross_margin_4q_avg": 65.11,
            "net_income": 4985000,
            "net_income_4q": null,
            "revenue": 21729000,
            "revenue_4q": null,
            "common_shares": 50706250,
            "book_valuer_per_share": 7.57,
            "book_valuer_per_share_4q_avg": 7.62,
            "equity": 90132000,
            "current_ratio": 290.56,
            "debt_ratio": 48.99,
            "inventory_turnover_ratio": 3.17,
            "account_receivable_turnover_ratio": 1.52,
            "reinvestment_rate": 8.96,
            "research_to_sale_ratio": 13.73,
            "price_fair": 48.48,
            "eps_avg_yearly": 2.61,
            "eps_latest_yearly": 2.52,
            "eps_growth_yearly": 8.59
        },
        "20154": {
            "year_quarter": 20154,
            "year": 2015,
            "quarter": 4,
            "eps": 0.29,
            "eps_growth_year": -48.9,
            "eps_4q": 2.3,
            "eps_4q_growth_year": -13.25,
            "roe": -3.75,
            "roe_4q": 13.220000000000002,
            "gross_profit": 14712000,
            "gross_margin": 66.33,
            "gross_margin_4q_avg": 64.86,
            "net_income": -3195000,
            "net_income_4q": null,
            "revenue": 22180000,
            "revenue_4q": null,
            "common_shares": 50168750,
            "book_valuer_per_share": 7.26,
            "book_valuer_per_share_4q_avg": 7.54,
            "equity": 80083000,
            "current_ratio": 247.34,
            "debt_ratio": 54.1,
            "inventory_turnover_ratio": 2.78,
            "account_receivable_turnover_ratio": 1.46,
            "reinvestment_rate": 13.92,
            "research_to_sale_ratio": 13.95,
            "price_fair": 7.52,
            "eps_avg_yearly": 2.51,
            "eps_latest_yearly": 1.16,
            "eps_growth_yearly": -8.18
        },
        "20161": {
            "year_quarter": 20161,
            "year": 2016,
            "quarter": 1,
            "eps": 0.61,
            "eps_growth_year": -6.06,
            "eps_4q": 2.26,
            "eps_4q_growth_year": -15.51,
            "roe": 6.22,
            "roe_4q": 14.39,
            "gross_profit": 13172000,
            "gross_margin": 64.64,
            "gross_margin_4q_avg": 64.93,
            "net_income": 4902000,
            "net_income_4q": null,
            "revenue": 20379000,
            "revenue_4q": null,
            "common_shares": 49912500,
            "book_valuer_per_share": 6.96,
            "book_valuer_per_share_4q_avg": 7.36,
            "equity": 77445000,
            "current_ratio": 246.27,
            "debt_ratio": 55.21,
            "inventory_turnover_ratio": 2.15,
            "account_receivable_turnover_ratio": 1.39,
            "reinvestment_rate": 15.07,
            "research_to_sale_ratio": 14.53,
            "price_fair": 74.12,
            "eps_avg_yearly": 2.49,
            "eps_latest_yearly": 2.44,
            "eps_growth_yearly": 19.77
        },
        "20162": {
            "year_quarter": 20162,
            "year": 2016,
            "quarter": 2,
            "eps": 0.64,
            "eps_growth_year": -12.87,
            "eps_4q": 2.17,
            "eps_4q_growth_year": -17.37,
            "roe": 6.51,
            "roe_4q": 14.46,
            "gross_profit": 13924000,
            "gross_margin": 58.51,
            "gross_margin_4q_avg": 64.13,
            "net_income": 5018000,
            "net_income_4q": null,
            "revenue": 23796000,
            "revenue_4q": null,
            "common_shares": 49531250,
            "book_valuer_per_share": 6.91,
            "book_valuer_per_share_4q_avg": 7.18,
            "equity": 76780000,
            "current_ratio": 299.73,
            "debt_ratio": 57.37,
            "inventory_turnover_ratio": 3.03,
            "account_receivable_turnover_ratio": 1.83,
            "reinvestment_rate": 14.15,
            "research_to_sale_ratio": 12.19,
            "price_fair": 67.08,
            "eps_avg_yearly": 2.46,
            "eps_latest_yearly": 2.56,
            "eps_growth_yearly": 17.32
        },
        "20163": {
            "year_quarter": 20163,
            "year": 2016,
            "quarter": 3,
            "eps": 0.48,
            "eps_growth_year": -24.26,
            "eps_4q": 2.01,
            "eps_4q_growth_year": -21.84,
            "roe": 4.96,
            "roe_4q": 13.939999999999998,
            "gross_profit": 12809000,
            "gross_margin": 62.39,
            "gross_margin_4q_avg": 62.97,
            "net_income": 3756000,
            "net_income_4q": null,
            "revenue": 20531000,
            "revenue_4q": null,
            "common_shares": 49187500,
            "book_valuer_per_share": 6.66,
            "book_valuer_per_share_4q_avg": 6.95,
            "equity": 74806000,
            "current_ratio": 289.54,
            "debt_ratio": 58.87,
            "inventory_turnover_ratio": 3,
            "account_receivable_turnover_ratio": 1.53,
            "reinvestment_rate": 14.54,
            "research_to_sale_ratio": 14.51,
            "price_fair": 65.09,
            "eps_avg_yearly": 2.43,
            "eps_latest_yearly": 1.92,
            "eps_growth_yearly": 16.84
        },
        "20164": {
            "year_quarter": 20164,
            "year": 2016,
            "quarter": 4,
            "eps": 0.98,
            "eps_growth_year": 238.78,
            "eps_4q": 2.7,
            "eps_4q_growth_year": 17.46,
            "roe": 9.35,
            "roe_4q": 27.04,
            "gross_profit": 18469000,
            "gross_margin": 69.83,
            "gross_margin_4q_avg": 63.84,
            "net_income": 6863000,
            "net_income_4q": null,
            "revenue": 26448000,
            "revenue_4q": null,
            "common_shares": 48800000,
            "book_valuer_per_share": 6.45,
            "book_valuer_per_share_4q_avg": 6.75,
            "equity": 71997000,
            "current_ratio": 235.29,
            "debt_ratio": 62.79,
            "inventory_turnover_ratio": 3.39,
            "account_receivable_turnover_ratio": 1.73,
            "reinvestment_rate": 13.57,
            "research_to_sale_ratio": 11.9,
            "price_fair": 89.78,
            "eps_avg_yearly": 2.57,
            "eps_latest_yearly": 3.92,
            "eps_growth_yearly": 50.38
        },
        "20171": {
            "year_quarter": 20171,
            "year": 2017,
            "quarter": 1,
            "eps": 0.72,
            "eps_growth_year": 18.22,
            "eps_4q": 2.81,
            "eps_4q_growth_year": 24.42,
            "roe": 7.96,
            "roe_4q": 28.78,
            "gross_profit": 14084000,
            "gross_margin": 64.23,
            "gross_margin_4q_avg": 63.74,
            "net_income": 5667000,
            "net_income_4q": null,
            "revenue": 21928000,
            "revenue_4q": null,
            "common_shares": 48650000,
            "book_valuer_per_share": 6.29,
            "book_valuer_per_share_4q_avg": 6.58,
            "equity": 70372000,
            "current_ratio": 268.51,
            "debt_ratio": 66.89,
            "inventory_turnover_ratio": 2.92,
            "account_receivable_turnover_ratio": 1.49,
            "reinvestment_rate": 13.22,
            "research_to_sale_ratio": 14.16,
            "price_fair": 91.44,
            "eps_avg_yearly": 2.61,
            "eps_latest_yearly": 2.88,
            "eps_growth_yearly": 37.2
        },
        "20172": {
            "year_quarter": 20172,
            "year": 2017,
            "quarter": 2,
            "eps": 0.81,
            "eps_growth_year": 27.88,
            "eps_4q": 2.99,
            "eps_4q_growth_year": 38.02,
            "roe": 9.01,
            "roe_4q": 31.28,
            "gross_profit": 15925000,
            "gross_margin": 61.66,
            "gross_margin_4q_avg": 64.53,
            "net_income": 6267000,
            "net_income_4q": null,
            "revenue": 25826000,
            "revenue_4q": null,
            "common_shares": 48312500,
            "book_valuer_per_share": 3.01,
            "book_valuer_per_share_4q_avg": 5.6,
            "equity": 68809000,
            "current_ratio": 204.77,
            "debt_ratio": 69.37,
            "inventory_turnover_ratio": 3.9,
            "account_receivable_turnover_ratio": 2.03,
            "reinvestment_rate": 12.72,
            "research_to_sale_ratio": 11.86,
            "price_fair": 91.88,
            "eps_avg_yearly": 2.63,
            "eps_latest_yearly": 3.24,
            "eps_growth_yearly": 29.48
        },
        "20173": {
            "year_quarter": 20173,
            "year": 2017,
            "quarter": 3,
            "eps": 0.74,
            "eps_growth_year": 55.27,
            "eps_4q": 3.26,
            "eps_4q_growth_year": 61.65,
            "roe": 7.92,
            "roe_4q": 34.24,
            "gross_profit": 15152000,
            "gross_margin": 65.28,
            "gross_margin_4q_avg": 65.25,
            "net_income": 5486000,
            "net_income_4q": null,
            "revenue": 23212000,
            "revenue_4q": null,
            "common_shares": 48268750,
            "book_valuer_per_share": 3.17,
            "book_valuer_per_share_4q_avg": 4.73,
            "equity": 69729000,
            "current_ratio": 281.34,
            "debt_ratio": 69.01,
            "inventory_turnover_ratio": 4.09,
            "account_receivable_turnover_ratio": 1.71,
            "reinvestment_rate": 10.92,
            "research_to_sale_ratio": 14.45,
            "price_fair": 92.05,
            "eps_avg_yearly": 2.63,
            "eps_latest_yearly": 2.96,
            "eps_growth_yearly": 28.63
        },
        "20174": {
            "year_quarter": 20174,
            "year": 2017,
            "quarter": 4,
            "eps": 1.26,
            "eps_growth_year": 29.26,
            "eps_4q": 3.54,
            "eps_4q_growth_year": 31.05,
            "roe": 10.25,
            "roe_4q": 35.14,
            "gross_profit": 17149000,
            "gross_margin": 66.98,
            "gross_margin_4q_avg": 64.54,
            "net_income": 8069000,
            "net_income_4q": null,
            "revenue": 25605000,
            "revenue_4q": null,
            "common_shares": 48175000,
            "book_valuer_per_share": 5.51,
            "book_valuer_per_share_4q_avg": 4.5,
            "equity": 87711000,
            "current_ratio": 291.86,
            "debt_ratio": 64.96,
            "inventory_turnover_ratio": 4.07,
            "account_receivable_turnover_ratio": 1.45,
            "reinvestment_rate": 16.78,
            "research_to_sale_ratio": 10.81,
            "price_fair": 97.91,
            "eps_avg_yearly": 2.8,
            "eps_latest_yearly": 5.04,
            "eps_growth_yearly": 50.72
        },
        "20181": {
            "year_quarter": 20181,
            "year": 2018,
            "quarter": 1,
            "eps": 0.84,
            "eps_growth_year": 16.97,
            "eps_4q": 3.66,
            "eps_4q_growth_year": 30.22,
            "roe": 7.42,
            "roe_4q": 34.6,
            "gross_profit": 16260000,
            "gross_margin": 66.26,
            "gross_margin_4q_avg": 65.05,
            "net_income": 6576000,
            "net_income_4q": null,
            "revenue": 24538000,
            "revenue_4q": null,
            "common_shares": 48250000,
            "book_valuer_per_share": 5.78,
            "book_valuer_per_share_4q_avg": 4.37,
            "equity": 89647000,
            "current_ratio": 311.98,
            "debt_ratio": 64.01,
            "inventory_turnover_ratio": 3.07,
            "account_receivable_turnover_ratio": 1.33,
            "reinvestment_rate": 13.23,
            "research_to_sale_ratio": 14.57,
            "price_fair": 99.75,
            "eps_avg_yearly": 2.85,
            "eps_latest_yearly": 3.36,
            "eps_growth_yearly": 40.69
        },
        "20182": {
            "year_quarter": 20182,
            "year": 2018,
            "quarter": 2,
            "eps": 0.98,
            "eps_growth_year": 19.73,
            "eps_4q": 3.82,
            "eps_4q_growth_year": 27.86,
            "roe": 8.93,
            "roe_4q": 34.52,
            "gross_profit": 17854000,
            "gross_margin": 61.74,
            "gross_margin_4q_avg": 65.07,
            "net_income": 7498000,
            "net_income_4q": null,
            "revenue": 28918000,
            "revenue_4q": null,
            "common_shares": 48156250,
            "book_valuer_per_share": 4.41,
            "book_valuer_per_share_4q_avg": 4.72,
            "equity": 78360000,
            "current_ratio": 288.53,
            "debt_ratio": 69.39,
            "inventory_turnover_ratio": 4.24,
            "account_receivable_turnover_ratio": 1.75,
            "reinvestment_rate": 12.65,
            "research_to_sale_ratio": 12.12,
            "price_fair": 101.5,
            "eps_avg_yearly": 2.9,
            "eps_latest_yearly": 3.92,
            "eps_growth_yearly": 38.9
        },
        "20183": {
            "year_quarter": 20183,
            "year": 2018,
            "quarter": 3,
            "eps": 0.95,
            "eps_growth_year": 28.48,
            "eps_4q": 4.04,
            "eps_4q_growth_year": 23.97,
            "roe": 9.42,
            "roe_4q": 36.02,
            "gross_profit": 17550000,
            "gross_margin": 65.44,
            "gross_margin_4q_avg": 65.11,
            "net_income": 7424000,
            "net_income_4q": null,
            "revenue": 26819000,
            "revenue_4q": null,
            "common_shares": 48062500,
            "book_valuer_per_share": 4.57,
            "book_valuer_per_share_4q_avg": 5.07,
            "equity": 79239000,
            "current_ratio": 339.58,
            "debt_ratio": 67.72,
            "inventory_turnover_ratio": 4.54,
            "account_receivable_turnover_ratio": 1.51,
            "reinvestment_rate": 11.86,
            "research_to_sale_ratio": 13.85,
            "price_fair": 103.86,
            "eps_avg_yearly": 2.97,
            "eps_latest_yearly": 3.8,
            "eps_growth_yearly": 41.34
        },
        "20184": {
            "year_quarter": 20184,
            "year": 2018,
            "quarter": 4,
            "eps": 1.13,
            "eps_growth_year": -10.69,
            "eps_4q": 3.9,
            "eps_4q_growth_year": 10.16,
            "roe": 10.83,
            "roe_4q": 36.6,
            "gross_profit": 20343000,
            "gross_margin": 67.62,
            "gross_margin_4q_avg": 65.27,
            "net_income": 8773000,
            "net_income_4q": null,
            "revenue": 30085000,
            "revenue_4q": null,
            "common_shares": 47981250,
            "book_valuer_per_share": 5.08,
            "book_valuer_per_share_4q_avg": 4.96,
            "equity": 82718000,
            "current_ratio": 290.08,
            "debt_ratio": 68.04,
            "inventory_turnover_ratio": 4.11,
            "account_receivable_turnover_ratio": 1.38,
            "reinvestment_rate": 12.25,
            "research_to_sale_ratio": 13.07,
            "price_fair": 108.85,
            "eps_avg_yearly": 3.11,
            "eps_latest_yearly": 4.52,
            "eps_growth_yearly": 50.49
        },
        "20191": {
            "year_quarter": 20191,
            "year": 2019,
            "quarter": 1,
            "eps": 1.14,
            "eps_growth_year": 34.65,
            "eps_4q": 4.19,
            "eps_4q_growth_year": 14.46,
            "roe": 10.46,
            "roe_4q": 39.64,
            "gross_profit": 19179000,
            "gross_margin": 65.94,
            "gross_margin_4q_avg": 65.19,
            "net_income": 8824000,
            "net_income_4q": null,
            "revenue": 29084000,
            "revenue_4q": null,
            "common_shares": 48000000,
            "book_valuer_per_share": 5.54,
            "book_valuer_per_share_4q_avg": 4.9,
            "equity": 85967000,
            "current_ratio": 291.76,
            "debt_ratio": 66.63,
            "inventory_turnover_ratio": 3.16,
            "account_receivable_turnover_ratio": 1.33,
            "reinvestment_rate": 15.01,
            "research_to_sale_ratio": 13.67,
            "price_fair": 113.14,
            "eps_avg_yearly": 3.23,
            "eps_latest_yearly": 4.56,
            "eps_growth_yearly": 46.69
        },
        "20192": {
            "year_quarter": 20192,
            "year": 2019,
            "quarter": 2,
            "eps": 1.11,
            "eps_growth_year": 13.35,
            "eps_4q": 4.32,
            "eps_4q_growth_year": 13.05,
            "roe": 9.63,
            "roe_4q": 40.34,
            "gross_profit": 20048000,
            "gross_margin": 61.74,
            "gross_margin_4q_avg": 65.19,
            "net_income": 8577000,
            "net_income_4q": null,
            "revenue": 32471000,
            "revenue_4q": null,
            "common_shares": 48018750,
            "book_valuer_per_share": 5.48,
            "book_valuer_per_share_4q_avg": 5.17,
            "equity": 92128000,
            "current_ratio": 311.77,
            "debt_ratio": 64.41,
            "inventory_turnover_ratio": 4.46,
            "account_receivable_turnover_ratio": 1.75,
            "reinvestment_rate": 16.13,
            "research_to_sale_ratio": 12.53,
            "price_fair": 116.46,
            "eps_avg_yearly": 3.33,
            "eps_latest_yearly": 4.44,
            "eps_growth_yearly": 42.96
        },
        "20193": {
            "year_quarter": 20193,
            "year": 2019,
            "quarter": 3,
            "eps": 1.14,
            "eps_growth_year": 19.27,
            "eps_4q": 4.51,
            "eps_4q_growth_year": 11.68,
            "roe": 9.42,
            "roe_4q": 40.34,
            "gross_profit": 20401000,
            "gross_margin": 66.73,
            "gross_margin_4q_avg": 65.51,
            "net_income": 8809000,
            "net_income_4q": null,
            "revenue": 30571000,
            "revenue_4q": null,
            "common_shares": 47912500,
            "book_valuer_per_share": 5.86,
            "book_valuer_per_share_4q_avg": 5.49,
            "equity": 94864000,
            "current_ratio": 296.85,
            "debt_ratio": 63.97,
            "inventory_turnover_ratio": 5.2,
            "account_receivable_turnover_ratio": 1.57,
            "reinvestment_rate": 16.5,
            "research_to_sale_ratio": 14.12,
            "price_fair": 120.93,
            "eps_avg_yearly": 3.46,
            "eps_latest_yearly": 4.56,
            "eps_growth_yearly": 47.06
        },
        "20194": {
            "year_quarter": 20194,
            "year": 2019,
            "quarter": 4,
            "eps": 1.71,
            "eps_growth_year": 51.29,
            "eps_4q": 5.09,
            "eps_4q_growth_year": 30.37,
            "roe": 13.37,
            "roe_4q": 42.88,
            "gross_profit": 23305000,
            "gross_margin": 69.12,
            "gross_margin_4q_avg": 65.88,
            "net_income": 13187000,
            "net_income_4q": null,
            "revenue": 33717000,
            "revenue_4q": null,
            "common_shares": 49679500,
            "book_valuer_per_share": 6.88,
            "book_valuer_per_share_4q_avg": 5.94,
            "equity": 102330000,
            "current_ratio": 252.88,
            "debt_ratio": 64.29,
            "inventory_turnover_ratio": 5.19,
            "account_receivable_turnover_ratio": 1.38,
            "reinvestment_rate": 17.34,
            "research_to_sale_ratio": 13.38,
            "price_fair": 133.35,
            "eps_avg_yearly": 3.81,
            "eps_latest_yearly": 6.84,
            "eps_growth_yearly": 73.05
        },
        "20201": {
            "year_quarter": 20201,
            "year": 2020,
            "quarter": 1,
            "eps": 1.39,
            "eps_growth_year": 22.14,
            "eps_4q": 5.34,
            "eps_4q_growth_year": 27.28,
            "roe": 10.25,
            "roe_4q": 42.67,
            "gross_profit": 22649000,
            "gross_margin": 68.52,
            "gross_margin_4q_avg": 66.53,
            "net_income": 10678000,
            "net_income_4q": null,
            "revenue": 33055000,
            "revenue_4q": null,
            "common_shares": 47712500,
            "book_valuer_per_share": 7.39,
            "book_valuer_per_share_4q_avg": 6.4,
            "equity": 106061000,
            "current_ratio": 285.45,
            "debt_ratio": 61.98,
            "inventory_turnover_ratio": 4.44,
            "account_receivable_turnover_ratio": 1.36,
            "reinvestment_rate": 17.86,
            "research_to_sale_ratio": 13.81,
            "price_fair": 140.18,
            "eps_avg_yearly": 4.01,
            "eps_latest_yearly": 5.56,
            "eps_growth_yearly": 40.79
        },
        "20202": {
            "year_quarter": 20202,
            "year": 2020,
            "quarter": 2,
            "eps": 1.52,
            "eps_growth_year": 37.14,
            "eps_4q": 5.75,
            "eps_4q_growth_year": 32.94,
            "roe": 10.78,
            "roe_4q": 43.82,
            "gross_profit": 24548000,
            "gross_margin": 66.51,
            "gross_margin_4q_avg": 67.72,
            "net_income": 11649000,
            "net_income_4q": null,
            "revenue": 36906000,
            "revenue_4q": null,
            "common_shares": 47568750,
            "book_valuer_per_share": 7.98,
            "book_valuer_per_share_4q_avg": 7.03,
            "equity": 110109000,
            "current_ratio": 280.14,
            "debt_ratio": 61.06,
            "inventory_turnover_ratio": 5.56,
            "account_receivable_turnover_ratio": 1.73,
            "reinvestment_rate": 18.42,
            "research_to_sale_ratio": 12.47,
            "price_fair": 147.88,
            "eps_avg_yearly": 4.23,
            "eps_latest_yearly": 6.08,
            "eps_growth_yearly": 41.89
        },
        "20203": {
            "year_quarter": 20203,
            "year": 2020,
            "quarter": 3,
            "eps": 1.41,
            "eps_growth_year": 23.8,
            "eps_4q": 6.02,
            "eps_4q_growth_year": 33.53,
            "roe": 9.57,
            "roe_4q": 43.97,
            "gross_profit": 24046000,
            "gross_margin": 68.66,
            "gross_margin_4q_avg": 68.2,
            "net_income": 10752000,
            "net_income_4q": null,
            "revenue": 35021000,
            "revenue_4q": null,
            "common_shares": 47437500,
            "book_valuer_per_share": 8.64,
            "book_valuer_per_share_4q_avg": 7.72,
            "equity": 114501000,
            "current_ratio": 290.43,
            "debt_ratio": 59.89,
            "inventory_turnover_ratio": 6.33,
            "account_receivable_turnover_ratio": 1.52,
            "reinvestment_rate": 17.44,
            "research_to_sale_ratio": 13.95,
            "price_fair": 156.01,
            "eps_avg_yearly": 4.46,
            "eps_latest_yearly": 5.64,
            "eps_growth_yearly": 46.34
        },
        "20204": {
            "year_quarter": 20204,
            "year": 2020,
            "quarter": 4,
            "eps": 1.47,
            "eps_growth_year": -14.05,
            "eps_4q": 5.78,
            "eps_4q_growth_year": 13.64,
            "roe": 9.62,
            "roe_4q": 40.22,
            "gross_profit": 25694000,
            "gross_margin": 67.56,
            "gross_margin_4q_avg": 67.81,
            "net_income": 11202000,
            "net_income_4q": null,
            "revenue": 38033000,
            "revenue_4q": null,
            "common_shares": 47318750,
            "book_valuer_per_share": 8.97,
            "book_valuer_per_share_4q_avg": 8.25,
            "equity": 118304000,
            "current_ratio": 251.58,
            "debt_ratio": 60.74,
            "inventory_turnover_ratio": 6.97,
            "account_receivable_turnover_ratio": 1.39,
            "reinvestment_rate": 18.77,
            "research_to_sale_ratio": 13.71,
            "price_fair": 143.62,
            "eps_avg_yearly": 4.58,
            "eps_latest_yearly": 5.88,
            "eps_growth_yearly": 21.36
        },
        "20211": {
            "year_quarter": 20211,
            "year": 2021,
            "quarter": 1,
            "eps": 1.82,
            "eps_growth_year": 31.13,
            "eps_4q": 6.21,
            "eps_4q_growth_year": 16.37,
            "roe": 11.5,
            "roe_4q": 41.47,
            "gross_profit": 26152000,
            "gross_margin": 70.39,
            "gross_margin_4q_avg": 68.28,
            "net_income": 13893000,
            "net_income_4q": null,
            "revenue": 37154000,
            "revenue_4q": null,
            "common_shares": 47275000,
            "book_valuer_per_share": 9.6,
            "book_valuer_per_share_4q_avg": 8.8,
            "equity": 123392000,
            "current_ratio": 252.76,
            "debt_ratio": 59.01,
            "inventory_turnover_ratio": 4.78,
            "account_receivable_turnover_ratio": 1.35,
            "reinvestment_rate": 20.17,
            "research_to_sale_ratio": 13.26,
            "price_fair": 169.93,
            "eps_avg_yearly": 4.86,
            "eps_latest_yearly": 7.28,
            "eps_growth_yearly": 33.94
        },
        "20212": {
            "year_quarter": 20212,
            "year": 2021,
            "quarter": 2,
            "eps": 2.03,
            "eps_growth_year": 33.97,
            "eps_4q": 6.73,
            "eps_4q_growth_year": 17.02,
            "roe": 12.19,
            "roe_4q": 42.879999999999995,
            "gross_profit": 28882000,
            "gross_margin": 67.05,
            "gross_margin_4q_avg": 68.42,
            "net_income": 15463000,
            "net_income_4q": null,
            "revenue": 43076000,
            "revenue_4q": null,
            "common_shares": 47162500,
            "book_valuer_per_share": 10.53,
            "book_valuer_per_share_4q_avg": 9.44,
            "equity": 130236000,
            "current_ratio": 257.79,
            "debt_ratio": 57.18,
            "inventory_turnover_ratio": 6.13,
            "account_receivable_turnover_ratio": 1.72,
            "reinvestment_rate": 23.31,
            "research_to_sale_ratio": 11.37,
            "price_fair": 180.6,
            "eps_avg_yearly": 5.16,
            "eps_latest_yearly": 8.12,
            "eps_growth_yearly": 33.7
        },
        "20213": {
            "year_quarter": 20213,
            "year": 2021,
            "quarter": 3,
            "eps": 2.04,
            "eps_growth_year": 44.46,
            "eps_4q": 7.35,
            "eps_4q_growth_year": 22.16,
            "roe": 11.68,
            "roe_4q": 44.989999999999995,
            "gross_profit": 28661000,
            "gross_margin": 68.72,
            "gross_margin_4q_avg": 68.43,
            "net_income": 15457000,
            "net_income_4q": null,
            "revenue": 41706000,
            "revenue_4q": null,
            "common_shares": 47087500,
            "book_valuer_per_share": 10.18,
            "book_valuer_per_share_4q_avg": 9.82,
            "equity": 134505000,
            "current_ratio": 229.4,
            "debt_ratio": 56.45,
            "inventory_turnover_ratio": 6.26,
            "account_receivable_turnover_ratio": 1.56,
            "reinvestment_rate": 20.84,
            "research_to_sale_ratio": 12.48,
            "price_fair": 191.98,
            "eps_avg_yearly": 5.49,
            "eps_latest_yearly": 8.16,
            "eps_growth_yearly": 35.99
        },
        "20214": {
            "year_quarter": 20214,
            "year": 2021,
            "quarter": 4,
            "eps": 2.17,
            "eps_growth_year": 48.05,
            "eps_4q": 8.06,
            "eps_4q_growth_year": 39.42,
            "roe": 11.9,
            "roe_4q": 47.269999999999996,
            "gross_profit": 32161000,
            "gross_margin": 69.68,
            "gross_margin_4q_avg": 68.96,
            "net_income": 16458000,
            "net_income_4q": null,
            "revenue": 46152000,
            "revenue_4q": null,
            "common_shares": 46993750,
            "book_valuer_per_share": 11.24,
            "book_valuer_per_share_4q_avg": 10.39,
            "equity": 141988000,
            "current_ratio": 208,
            "debt_ratio": 57.46,
            "inventory_turnover_ratio": 5.73,
            "account_receivable_turnover_ratio": 1.43,
            "reinvestment_rate": 22.72,
            "research_to_sale_ratio": 12.32,
            "price_fair": 171.44,
            "eps_avg_yearly": 5.71,
            "eps_latest_yearly": 8.68,
            "eps_growth_yearly": 20.01
        },
        "20221": {
            "year_quarter": 20221,
            "year": 2022,
            "quarter": 1,
            "eps": 2.71,
            "eps_growth_year": 48.92,
            "eps_4q": 8.95,
            "eps_4q_growth_year": 44.05,
            "roe": 13.95,
            "roe_4q": 49.72,
            "gross_profit": 31671000,
            "gross_margin": 69.89,
            "gross_margin_4q_avg": 68.84,
            "net_income": 20505000,
            "net_income_4q": null,
            "revenue": 45317000,
            "revenue_4q": null,
            "common_shares": 46937500,
            "book_valuer_per_share": 12.48,
            "book_valuer_per_share_4q_avg": 11.11,
            "equity": 151978000,
            "current_ratio": 216.48,
            "debt_ratio": 54.69,
            "inventory_turnover_ratio": 4.51,
            "account_receivable_turnover_ratio": 1.39,
            "reinvestment_rate": 23.65,
            "research_to_sale_ratio": 12.36,
            "price_fair": 216.3,
            "eps_avg_yearly": 6.18,
            "eps_latest_yearly": 10.84,
            "eps_growth_yearly": 34.57
        },
        "20222": {
            "year_quarter": 20222,
            "year": 2022,
            "quarter": 2,
            "eps": 2.48,
            "eps_growth_year": 22.35,
            "eps_4q": 9.4,
            "eps_4q_growth_year": 39.77,
            "roe": 12.03,
            "roe_4q": 49.559999999999995,
            "gross_profit": 34768000,
            "gross_margin": 67.21,
            "gross_margin_4q_avg": 68.88,
            "net_income": 18765000,
            "net_income_4q": null,
            "revenue": 51728000,
            "revenue_4q": null,
            "common_shares": 46875000,
            "book_valuer_per_share": 13.55,
            "book_valuer_per_share_4q_avg": 11.86,
            "equity": 160010000,
            "current_ratio": 224.73,
            "debt_ratio": 52.99,
            "inventory_turnover_ratio": 5.28,
            "account_receivable_turnover_ratio": 1.7,
            "reinvestment_rate": 24.43,
            "research_to_sale_ratio": 11.13,
            "price_fair": 229.43,
            "eps_avg_yearly": 6.56,
            "eps_latest_yearly": 9.92,
            "eps_growth_yearly": 28.28
        },
        "20223": {
            "year_quarter": 20223,
            "year": 2022,
            "quarter": 3,
            "eps": 2.23,
            "eps_growth_year": 9.33,
            "eps_4q": 9.59,
            "eps_4q_growth_year": 30.45,
            "roe": 10.36,
            "roe_4q": 48.24,
            "gross_profit": 33745000,
            "gross_margin": 68.37,
            "gross_margin_4q_avg": 68.79,
            "net_income": 16728000,
            "net_income_4q": null,
            "revenue": 49360000,
            "revenue_4q": null,
            "common_shares": 46768750,
            "book_valuer_per_share": 11.25,
            "book_valuer_per_share_4q_avg": 12.13,
            "equity": 162924000,
            "current_ratio": 198.77,
            "debt_ratio": 52.72,
            "inventory_turnover_ratio": 4.95,
            "account_receivable_turnover_ratio": 1.49,
            "reinvestment_rate": 24.85,
            "research_to_sale_ratio": 12.78,
            "price_fair": 240.63,
            "eps_avg_yearly": 6.88,
            "eps_latest_yearly": 8.92,
            "eps_growth_yearly": 26.52
        },
        "20224": {
            "year_quarter": 20224,
            "year": 2022,
            "quarter": 4,
            "eps": 2.24,
            "eps_growth_year": 3,
            "eps_4q": 9.66,
            "eps_4q_growth_year": 19.85,
            "roe": 10.16,
            "roe_4q": 46.5,
            "gross_profit": 35436000,
            "gross_margin": 68.32,
            "gross_margin_4q_avg": 68.45,
            "net_income": 16740000,
            "net_income_4q": null,
            "revenue": 51865000,
            "revenue_4q": null,
            "common_shares": 46650000,
            "book_valuer_per_share": 11.75,
            "book_valuer_per_share_4q_avg": 12.26,
            "equity": 166542000,
            "current_ratio": 178.46,
            "debt_ratio": 54.35,
            "inventory_turnover_ratio": 4.67,
            "account_receivable_turnover_ratio": 1.35,
            "reinvestment_rate": 24.92,
            "research_to_sale_ratio": 13.21,
            "price_fair": 228.15,
            "eps_avg_yearly": 7.15,
            "eps_latest_yearly": 8.96,
            "eps_growth_yearly": 21.9
        },
        "20231": {
            "year_quarter": 20231,
            "year": 2023,
            "quarter": 1,
            "eps": 2.35,
            "eps_growth_year": -13.36,
            "eps_4q": 9.29,
            "eps_4q_growth_year": 3.88,
            "roe": 10.32,
            "roe_4q": 42.87,
            "gross_profit": 34670000,
            "gross_margin": 69.17,
            "gross_margin_4q_avg": 68.27,
            "net_income": 17556000,
            "net_income_4q": null,
            "revenue": 50122000,
            "revenue_4q": null,
            "common_shares": 46606250,
            "book_valuer_per_share": 12.78,
            "book_valuer_per_share_4q_avg": 12.33,
            "equity": 173566000,
            "current_ratio": 184.02,
            "debt_ratio": 51.76,
            "inventory_turnover_ratio": 3.86,
            "account_receivable_turnover_ratio": 1.33,
            "reinvestment_rate": 24.48,
            "research_to_sale_ratio": 13.22,
            "price_fair": 245.3,
            "eps_avg_yearly": 7.46,
            "eps_latest_yearly": 9.4,
            "eps_growth_yearly": 22.9
        },
        "20232": {
            "year_quarter": 20232,
            "year": 2023,
            "quarter": 2,
            "eps": 2.32,
            "eps_growth_year": -6.42,
            "eps_4q": 9.13,
            "eps_4q_growth_year": -2.83,
            "roe": 9.21,
            "roe_4q": 40.05,
            "gross_profit": 35259000,
            "gross_margin": 66.85,
            "gross_margin_4q_avg": 68.18,
            "net_income": 16425000,
            "net_income_4q": null,
            "revenue": 52747000,
            "revenue_4q": null,
            "common_shares": 46543750,
            "book_valuer_per_share": 14.08,
            "book_valuer_per_share_4q_avg": 12.47,
            "equity": 183136000,
            "current_ratio": 193.13,
            "debt_ratio": 49.76,
            "inventory_turnover_ratio": 4.83,
            "account_receivable_turnover_ratio": 1.57,
            "reinvestment_rate": 25.74,
            "research_to_sale_ratio": 12.98,
            "price_fair": 257.88,
            "eps_avg_yearly": 7.76,
            "eps_latest_yearly": 9.28,
            "eps_growth_yearly": 23.24
        },
        "20233": {
            "year_quarter": 20233,
            "year": 2023,
            "quarter": 3,
            "eps": 2.45,
            "eps_growth_year": 10.14,
            "eps_4q": 9.36,
            "eps_4q_growth_year": -2.4,
            "roe": 9.69,
            "roe_4q": 39.379999999999995,
            "gross_profit": 36729000,
            "gross_margin": 69.49,
            "gross_margin_4q_avg": 68.46,
            "net_income": 18299000,
            "net_income_4q": null,
            "revenue": 52857000,
            "revenue_4q": null,
            "common_shares": 46481250,
            "book_valuer_per_share": 15.71,
            "book_valuer_per_share_4q_avg": 13.58,
            "equity": 194683000,
            "current_ratio": 191.26,
            "debt_ratio": 48.78,
            "inventory_turnover_ratio": 5.51,
            "account_receivable_turnover_ratio": 1.44,
            "reinvestment_rate": 26.63,
            "research_to_sale_ratio": 13.21,
            "price_fair": 274.63,
            "eps_avg_yearly": 8.09,
            "eps_latest_yearly": 9.8,
            "eps_growth_yearly": 23.97
        },
        "20234": {
            "year_quarter": 20234,
            "year": 2023,
            "quarter": 4,
            "eps": 2.69,
            "eps_growth_year": 20.32,
            "eps_4q": 9.81,
            "eps_4q_growth_year": 1.64,
            "roe": 10.02,
            "roe_4q": 39.24,
            "gross_profit": 39394000,
            "gross_margin": 70.11,
            "gross_margin_4q_avg": 68.91,
            "net_income": 20081000,
            "net_income_4q": null,
            "revenue": 56189000,
            "revenue_4q": null,
            "common_shares": 46450000,
            "book_valuer_per_share": 17.35,
            "book_valuer_per_share_4q_avg": 14.98,
            "equity": 206223000,
            "current_ratio": 176.92,
            "debt_ratio": 49.94,
            "inventory_turnover_ratio": 6.25,
            "account_receivable_turnover_ratio": 1.31,
            "reinvestment_rate": 28.28,
            "research_to_sale_ratio": 11.99,
            "price_fair": 199.23,
            "eps_avg_yearly": 8.33,
            "eps_latest_yearly": 10.76,
            "eps_growth_yearly": 13.92
        },
        "20241": {
            "year_quarter": 20241,
            "year": 2024,
            "quarter": 1,
            "eps": 2.99,
            "eps_growth_year": 27.24,
            "eps_4q": 10.45,
            "eps_4q_growth_year": 12.49,
            "roe": 10.44,
            "roe_4q": 39.36,
            "gross_profit": 40215000,
            "gross_margin": 71.16,
            "gross_margin_4q_avg": 69.4,
            "net_income": 22291000,
            "net_income_4q": null,
            "revenue": 56517000,
            "revenue_4q": null,
            "common_shares": 46443750,
            "book_valuer_per_share": 19.38,
            "book_valuer_per_share_4q_avg": 16.63,
            "equity": 220714000,
            "current_ratio": 166.35,
            "debt_ratio": 50.49,
            "inventory_turnover_ratio": 5.93,
            "account_receivable_turnover_ratio": 1.32,
            "reinvestment_rate": 29.61,
            "research_to_sale_ratio": 11.78,
            "price_fair": 273.98,
            "eps_avg_yearly": 8.73,
            "eps_latest_yearly": 11.96,
            "eps_growth_yearly": 21.38
        }
    },
    "months": {
        "2001-01": {
            "month": "2001-01",
            "price": "27.89",
            "revenue": 0
        },
        "2001-02": {
            "month": "2001-02",
            "price": "29.66",
            "revenue": 0
        },
        "2001-03": {
            "month": "2001-03",
            "price": "27.85",
            "revenue": 0
        },
        "2001-04": {
            "month": "2001-04",
            "price": "31.18",
            "revenue": 0
        },
        "2001-05": {
            "month": "2001-05",
            "price": "34.89",
            "revenue": 0
        },
        "2001-06": {
            "month": "2001-06",
            "price": "35.31",
            "revenue": 0
        },
        "2001-07": {
            "month": "2001-07",
            "price": "34.18",
            "revenue": 0
        },
        "2001-08": {
            "month": "2001-08",
            "price": "31.55",
            "revenue": 0
        },
        "2001-09": {
            "month": "2001-09",
            "price": "26.64",
            "revenue": 0
        },
        "2001-10": {
            "month": "2001-10",
            "price": "28.84",
            "revenue": 0
        },
        "2001-11": {
            "month": "2001-11",
            "price": "32.34",
            "revenue": 0
        },
        "2001-12": {
            "month": "2001-12",
            "price": "33.76",
            "revenue": 0
        },
        "2002-01": {
            "month": "2002-01",
            "price": "33.35",
            "revenue": 0
        },
        "2002-02": {
            "month": "2002-02",
            "price": "30.00",
            "revenue": 0
        },
        "2002-03": {
            "month": "2002-03",
            "price": "30.88",
            "revenue": 0
        },
        "2002-04": {
            "month": "2002-04",
            "price": "27.76",
            "revenue": 0
        },
        "2002-05": {
            "month": "2002-05",
            "price": "26.33",
            "revenue": 0
        },
        "2002-06": {
            "month": "2002-06",
            "price": "26.72",
            "revenue": 0
        },
        "2002-07": {
            "month": "2002-07",
            "price": "24.98",
            "revenue": 0
        },
        "2002-08": {
            "month": "2002-08",
            "price": "24.58",
            "revenue": 0
        },
        "2002-09": {
            "month": "2002-09",
            "price": "23.53",
            "revenue": 0
        },
        "2002-10": {
            "month": "2002-10",
            "price": "24.71",
            "revenue": 0
        },
        "2002-11": {
            "month": "2002-11",
            "price": "28.14",
            "revenue": 0
        },
        "2002-12": {
            "month": "2002-12",
            "price": "27.09",
            "revenue": 0
        },
        "2003-01": {
            "month": "2003-01",
            "price": "26.39",
            "revenue": 0
        },
        "2003-02": {
            "month": "2003-02",
            "price": "23.87",
            "revenue": 0
        },
        "2003-03": {
            "month": "2003-03",
            "price": "24.60",
            "revenue": 0
        },
        "2003-04": {
            "month": "2003-04",
            "price": "25.20",
            "revenue": 0
        },
        "2003-05": {
            "month": "2003-05",
            "price": "25.30",
            "revenue": 0
        },
        "2003-06": {
            "month": "2003-06",
            "price": "25.18",
            "revenue": 0
        },
        "2003-07": {
            "month": "2003-07",
            "price": "26.80",
            "revenue": 0
        },
        "2003-08": {
            "month": "2003-08",
            "price": "26.04",
            "revenue": 0
        },
        "2003-09": {
            "month": "2003-09",
            "price": "28.51",
            "revenue": 0
        },
        "2003-10": {
            "month": "2003-10",
            "price": "28.35",
            "revenue": 0
        },
        "2003-11": {
            "month": "2003-11",
            "price": "25.70",
            "revenue": 0
        },
        "2003-12": {
            "month": "2003-12",
            "price": "26.74",
            "revenue": 0
        },
        "2004-01": {
            "month": "2004-01",
            "price": "27.96",
            "revenue": 0
        },
        "2004-02": {
            "month": "2004-02",
            "price": "26.86",
            "revenue": 0
        },
        "2004-03": {
            "month": "2004-03",
            "price": "25.36",
            "revenue": 0
        },
        "2004-04": {
            "month": "2004-04",
            "price": "25.91",
            "revenue": 0
        },
        "2004-05": {
            "month": "2004-05",
            "price": "25.98",
            "revenue": 0
        },
        "2004-06": {
            "month": "2004-06",
            "price": "27.40",
            "revenue": 0
        },
        "2004-07": {
            "month": "2004-07",
            "price": "28.22",
            "revenue": 0
        },
        "2004-08": {
            "month": "2004-08",
            "price": "27.41",
            "revenue": 0
        },
        "2004-09": {
            "month": "2004-09",
            "price": "27.35",
            "revenue": 0
        },
        "2004-10": {
            "month": "2004-10",
            "price": "28.12",
            "revenue": 0
        },
        "2004-11": {
            "month": "2004-11",
            "price": "27.97",
            "revenue": 0
        },
        "2004-12": {
            "month": "2004-12",
            "price": "27.07",
            "revenue": 0
        },
        "2005-01": {
            "month": "2005-01",
            "price": "26.33",
            "revenue": 0
        },
        "2005-02": {
            "month": "2005-02",
            "price": "25.84",
            "revenue": 0
        },
        "2005-03": {
            "month": "2005-03",
            "price": "24.74",
            "revenue": 0
        },
        "2005-04": {
            "month": "2005-04",
            "price": "24.78",
            "revenue": 0
        },
        "2005-05": {
            "month": "2005-05",
            "price": "25.47",
            "revenue": 0
        },
        "2005-06": {
            "month": "2005-06",
            "price": "25.27",
            "revenue": 0
        },
        "2005-07": {
            "month": "2005-07",
            "price": "25.54",
            "revenue": 0
        },
        "2005-08": {
            "month": "2005-08",
            "price": "27.02",
            "revenue": 0
        },
        "2005-09": {
            "month": "2005-09",
            "price": "26.14",
            "revenue": 0
        },
        "2005-10": {
            "month": "2005-10",
            "price": "24.86",
            "revenue": 0
        },
        "2005-11": {
            "month": "2005-11",
            "price": "27.35",
            "revenue": 0
        },
        "2005-12": {
            "month": "2005-12",
            "price": "27.10",
            "revenue": 0
        },
        "2006-01": {
            "month": "2006-01",
            "price": "27.00",
            "revenue": 0
        },
        "2006-02": {
            "month": "2006-02",
            "price": "26.92",
            "revenue": 0
        },
        "2006-03": {
            "month": "2006-03",
            "price": "27.17",
            "revenue": 0
        },
        "2006-04": {
            "month": "2006-04",
            "price": "27.08",
            "revenue": 0
        },
        "2006-05": {
            "month": "2006-05",
            "price": "23.32",
            "revenue": 0
        },
        "2006-06": {
            "month": "2006-06",
            "price": "22.49",
            "revenue": 0
        },
        "2006-07": {
            "month": "2006-07",
            "price": "23.39",
            "revenue": 0
        },
        "2006-08": {
            "month": "2006-08",
            "price": "25.01",
            "revenue": 0
        },
        "2006-09": {
            "month": "2006-09",
            "price": "26.49",
            "revenue": 0
        },
        "2006-10": {
            "month": "2006-10",
            "price": "28.14",
            "revenue": 0
        },
        "2006-11": {
            "month": "2006-11",
            "price": "29.31",
            "revenue": 0
        },
        "2006-12": {
            "month": "2006-12",
            "price": "29.65",
            "revenue": 0
        },
        "2007-01": {
            "month": "2007-01",
            "price": "30.53",
            "revenue": 0
        },
        "2007-02": {
            "month": "2007-02",
            "price": "29.19",
            "revenue": 0
        },
        "2007-03": {
            "month": "2007-03",
            "price": "27.69",
            "revenue": 0
        },
        "2007-04": {
            "month": "2007-04",
            "price": "28.72",
            "revenue": 0
        },
        "2007-05": {
            "month": "2007-05",
            "price": "30.74",
            "revenue": 0
        },
        "2007-06": {
            "month": "2007-06",
            "price": "30.09",
            "revenue": 0
        },
        "2007-07": {
            "month": "2007-07",
            "price": "30.15",
            "revenue": 0
        },
        "2007-08": {
            "month": "2007-08",
            "price": "28.69",
            "revenue": 0
        },
        "2007-09": {
            "month": "2007-09",
            "price": "28.93",
            "revenue": 0
        },
        "2007-10": {
            "month": "2007-10",
            "price": "31.22",
            "revenue": 0
        },
        "2007-11": {
            "month": "2007-11",
            "price": "34.51",
            "revenue": 0
        },
        "2007-12": {
            "month": "2007-12",
            "price": "34.96",
            "revenue": 0
        },
        "2008-01": {
            "month": "2008-01",
            "price": "33.51",
            "revenue": 0
        },
        "2008-02": {
            "month": "2008-02",
            "price": "28.46",
            "revenue": 0
        },
        "2008-03": {
            "month": "2008-03",
            "price": "28.37",
            "revenue": 0
        },
        "2008-04": {
            "month": "2008-04",
            "price": "29.34",
            "revenue": 0
        },
        "2008-05": {
            "month": "2008-05",
            "price": "29.13",
            "revenue": 0
        },
        "2008-06": {
            "month": "2008-06",
            "price": "28.04",
            "revenue": 0
        },
        "2008-07": {
            "month": "2008-07",
            "price": "25.98",
            "revenue": 0
        },
        "2008-08": {
            "month": "2008-08",
            "price": "27.34",
            "revenue": 0
        },
        "2008-09": {
            "month": "2008-09",
            "price": "26.18",
            "revenue": 0
        },
        "2008-10": {
            "month": "2008-10",
            "price": "23.50",
            "revenue": 0
        },
        "2008-11": {
            "month": "2008-11",
            "price": "20.56",
            "revenue": 0
        },
        "2008-12": {
            "month": "2008-12",
            "price": "19.52",
            "revenue": 0
        },
        "2009-01": {
            "month": "2009-01",
            "price": "18.91",
            "revenue": 0
        },
        "2009-02": {
            "month": "2009-02",
            "price": "18.18",
            "revenue": 0
        },
        "2009-03": {
            "month": "2009-03",
            "price": "16.91",
            "revenue": 0
        },
        "2009-04": {
            "month": "2009-04",
            "price": "19.40",
            "revenue": 0
        },
        "2009-05": {
            "month": "2009-05",
            "price": "20.03",
            "revenue": 0
        },
        "2009-06": {
            "month": "2009-06",
            "price": "22.92",
            "revenue": 0
        },
        "2009-07": {
            "month": "2009-07",
            "price": "23.66",
            "revenue": 0
        },
        "2009-08": {
            "month": "2009-08",
            "price": "23.92",
            "revenue": 0
        },
        "2009-09": {
            "month": "2009-09",
            "price": "25.12",
            "revenue": 0
        },
        "2009-10": {
            "month": "2009-10",
            "price": "26.44",
            "revenue": 0
        },
        "2009-11": {
            "month": "2009-11",
            "price": "29.19",
            "revenue": 0
        },
        "2009-12": {
            "month": "2009-12",
            "price": "30.27",
            "revenue": 0
        },
        "2010-01": {
            "month": "2010-01",
            "price": "30.15",
            "revenue": 0
        },
        "2010-02": {
            "month": "2010-02",
            "price": "28.36",
            "revenue": 0
        },
        "2010-03": {
            "month": "2010-03",
            "price": "29.26",
            "revenue": 0
        },
        "2010-04": {
            "month": "2010-04",
            "price": "30.52",
            "revenue": 0
        },
        "2010-05": {
            "month": "2010-05",
            "price": "28.12",
            "revenue": 0
        },
        "2010-06": {
            "month": "2010-06",
            "price": "25.42",
            "revenue": 0
        },
        "2010-07": {
            "month": "2010-07",
            "price": "25.07",
            "revenue": 0
        },
        "2010-08": {
            "month": "2010-08",
            "price": "24.71",
            "revenue": 0
        },
        "2010-09": {
            "month": "2010-09",
            "price": "24.59",
            "revenue": 0
        },
        "2010-10": {
            "month": "2010-10",
            "price": "25.18",
            "revenue": 0
        },
        "2010-11": {
            "month": "2010-11",
            "price": "26.20",
            "revenue": 0
        },
        "2010-12": {
            "month": "2010-12",
            "price": "27.55",
            "revenue": 0
        },
        "2011-01": {
            "month": "2011-01",
            "price": "28.32",
            "revenue": 0
        },
        "2011-02": {
            "month": "2011-02",
            "price": "27.32",
            "revenue": 0
        },
        "2011-03": {
            "month": "2011-03",
            "price": "25.56",
            "revenue": 0
        },
        "2011-04": {
            "month": "2011-04",
            "price": "25.78",
            "revenue": 0
        },
        "2011-05": {
            "month": "2011-05",
            "price": "25.06",
            "revenue": 0
        },
        "2011-06": {
            "month": "2011-06",
            "price": "24.45",
            "revenue": 0
        },
        "2011-07": {
            "month": "2011-07",
            "price": "26.97",
            "revenue": 0
        },
        "2011-08": {
            "month": "2011-08",
            "price": "25.39",
            "revenue": 0
        },
        "2011-09": {
            "month": "2011-09",
            "price": "25.97",
            "revenue": 0
        },
        "2011-10": {
            "month": "2011-10",
            "price": "26.70",
            "revenue": 0
        },
        "2011-11": {
            "month": "2011-11",
            "price": "25.83",
            "revenue": 0
        },
        "2011-12": {
            "month": "2011-12",
            "price": "25.71",
            "revenue": 0
        },
        "2012-01": {
            "month": "2012-01",
            "price": "28.52",
            "revenue": 0
        },
        "2012-02": {
            "month": "2012-02",
            "price": "30.82",
            "revenue": 0
        },
        "2012-03": {
            "month": "2012-03",
            "price": "32.19",
            "revenue": 0
        },
        "2012-04": {
            "month": "2012-04",
            "price": "31.50",
            "revenue": 0
        },
        "2012-05": {
            "month": "2012-05",
            "price": "30.23",
            "revenue": 0
        },
        "2012-06": {
            "month": "2012-06",
            "price": "29.68",
            "revenue": 0
        },
        "2012-07": {
            "month": "2012-07",
            "price": "29.76",
            "revenue": 0
        },
        "2012-08": {
            "month": "2012-08",
            "price": "30.36",
            "revenue": 0
        },
        "2012-09": {
            "month": "2012-09",
            "price": "30.78",
            "revenue": 0
        },
        "2012-10": {
            "month": "2012-10",
            "price": "29.07",
            "revenue": 0
        },
        "2012-11": {
            "month": "2012-11",
            "price": "27.81",
            "revenue": 0
        },
        "2012-12": {
            "month": "2012-12",
            "price": "26.97",
            "revenue": 0
        },
        "2013-01": {
            "month": "2013-01",
            "price": "27.24",
            "revenue": 0
        },
        "2013-02": {
            "month": "2013-02",
            "price": "27.70",
            "revenue": 0
        },
        "2013-03": {
            "month": "2013-03",
            "price": "28.14",
            "revenue": 0
        },
        "2013-04": {
            "month": "2013-04",
            "price": "29.87",
            "revenue": 0
        },
        "2013-05": {
            "month": "2013-05",
            "price": "33.95",
            "revenue": 0
        },
        "2013-06": {
            "month": "2013-06",
            "price": "34.63",
            "revenue": 0
        },
        "2013-07": {
            "month": "2013-07",
            "price": "33.65",
            "revenue": 0
        },
        "2013-08": {
            "month": "2013-08",
            "price": "32.49",
            "revenue": 0
        },
        "2013-09": {
            "month": "2013-09",
            "price": "32.52",
            "revenue": 0
        },
        "2013-10": {
            "month": "2013-10",
            "price": "34.38",
            "revenue": 0
        },
        "2013-11": {
            "month": "2013-11",
            "price": "37.36",
            "revenue": 0
        },
        "2013-12": {
            "month": "2013-12",
            "price": "37.46",
            "revenue": 0
        },
        "2014-01": {
            "month": "2014-01",
            "price": "36.35",
            "revenue": 0
        },
        "2014-02": {
            "month": "2014-02",
            "price": "37.24",
            "revenue": 0
        },
        "2014-03": {
            "month": "2014-03",
            "price": "38.99",
            "revenue": 0
        },
        "2014-04": {
            "month": "2014-04",
            "price": "40.13",
            "revenue": 0
        },
        "2014-05": {
            "month": "2014-05",
            "price": "39.92",
            "revenue": 0
        },
        "2014-06": {
            "month": "2014-06",
            "price": "41.36",
            "revenue": 0
        },
        "2014-07": {
            "month": "2014-07",
            "price": "43.21",
            "revenue": 0
        },
        "2014-08": {
            "month": "2014-08",
            "price": "44.26",
            "revenue": 0
        },
        "2014-09": {
            "month": "2014-09",
            "price": "46.41",
            "revenue": 0
        },
        "2014-10": {
            "month": "2014-10",
            "price": "45.20",
            "revenue": 0
        },
        "2014-11": {
            "month": "2014-11",
            "price": "48.41",
            "revenue": 0
        },
        "2014-12": {
            "month": "2014-12",
            "price": "47.49",
            "revenue": 0
        },
        "2015-01": {
            "month": "2015-01",
            "price": "45.51",
            "revenue": 0
        },
        "2015-02": {
            "month": "2015-02",
            "price": "43.08",
            "revenue": 0
        },
        "2015-03": {
            "month": "2015-03",
            "price": "42.13",
            "revenue": 0
        },
        "2015-04": {
            "month": "2015-04",
            "price": "43.46",
            "revenue": 0
        },
        "2015-05": {
            "month": "2015-05",
            "price": "47.53",
            "revenue": 0
        },
        "2015-06": {
            "month": "2015-06",
            "price": "45.96",
            "revenue": 0
        },
        "2015-07": {
            "month": "2015-07",
            "price": "45.61",
            "revenue": 0
        },
        "2015-08": {
            "month": "2015-08",
            "price": "45.51",
            "revenue": 0
        },
        "2015-09": {
            "month": "2015-09",
            "price": "43.56",
            "revenue": 0
        },
        "2015-10": {
            "month": "2015-10",
            "price": "48.70",
            "revenue": 0
        },
        "2015-11": {
            "month": "2015-11",
            "price": "53.88",
            "revenue": 0
        },
        "2015-12": {
            "month": "2015-12",
            "price": "55.40",
            "revenue": 0
        },
        "2016-01": {
            "month": "2016-01",
            "price": "52.40",
            "revenue": 0
        },
        "2016-02": {
            "month": "2016-02",
            "price": "51.38",
            "revenue": 0
        },
        "2016-03": {
            "month": "2016-03",
            "price": "53.38",
            "revenue": 0
        },
        "2016-04": {
            "month": "2016-04",
            "price": "54.05",
            "revenue": 0
        },
        "2016-05": {
            "month": "2016-05",
            "price": "50.97",
            "revenue": 0
        },
        "2016-06": {
            "month": "2016-06",
            "price": "50.92",
            "revenue": 0
        },
        "2016-07": {
            "month": "2016-07",
            "price": "54.10",
            "revenue": 0
        },
        "2016-08": {
            "month": "2016-08",
            "price": "57.72",
            "revenue": 0
        },
        "2016-09": {
            "month": "2016-09",
            "price": "57.29",
            "revenue": 0
        },
        "2016-10": {
            "month": "2016-10",
            "price": "58.40",
            "revenue": 0
        },
        "2016-11": {
            "month": "2016-11",
            "price": "59.93",
            "revenue": 0
        },
        "2016-12": {
            "month": "2016-12",
            "price": "62.12",
            "revenue": 0
        },
        "2017-01": {
            "month": "2017-01",
            "price": "63.19",
            "revenue": 0
        },
        "2017-02": {
            "month": "2017-02",
            "price": "64.11",
            "revenue": 0
        },
        "2017-03": {
            "month": "2017-03",
            "price": "64.84",
            "revenue": 0
        },
        "2017-04": {
            "month": "2017-04",
            "price": "66.17",
            "revenue": 0
        },
        "2017-05": {
            "month": "2017-05",
            "price": "68.92",
            "revenue": 0
        },
        "2017-06": {
            "month": "2017-06",
            "price": "70.52",
            "revenue": 0
        },
        "2017-07": {
            "month": "2017-07",
            "price": "72.01",
            "revenue": 0
        },
        "2017-08": {
            "month": "2017-08",
            "price": "72.82",
            "revenue": 0
        },
        "2017-09": {
            "month": "2017-09",
            "price": "74.34",
            "revenue": 0
        },
        "2017-10": {
            "month": "2017-10",
            "price": "77.94",
            "revenue": 0
        },
        "2017-11": {
            "month": "2017-11",
            "price": "83.72",
            "revenue": 0
        },
        "2017-12": {
            "month": "2017-12",
            "price": "84.76",
            "revenue": 0
        },
        "2018-01": {
            "month": "2018-01",
            "price": "90.08",
            "revenue": 0
        },
        "2018-02": {
            "month": "2018-02",
            "price": "91.37",
            "revenue": 0
        },
        "2018-03": {
            "month": "2018-03",
            "price": "92.90",
            "revenue": 0
        },
        "2018-04": {
            "month": "2018-04",
            "price": "93.21",
            "revenue": 0
        },
        "2018-05": {
            "month": "2018-05",
            "price": "96.98",
            "revenue": 0
        },
        "2018-06": {
            "month": "2018-06",
            "price": "100.56",
            "revenue": 0
        },
        "2018-07": {
            "month": "2018-07",
            "price": "104.64",
            "revenue": 0
        },
        "2018-08": {
            "month": "2018-08",
            "price": "108.68",
            "revenue": 0
        },
        "2018-09": {
            "month": "2018-09",
            "price": "112.24",
            "revenue": 0
        },
        "2018-10": {
            "month": "2018-10",
            "price": "109.21",
            "revenue": 0
        },
        "2018-11": {
            "month": "2018-11",
            "price": "107.30",
            "revenue": 0
        },
        "2018-12": {
            "month": "2018-12",
            "price": "104.39",
            "revenue": 0
        },
        "2019-01": {
            "month": "2019-01",
            "price": "104.14",
            "revenue": 0
        },
        "2019-02": {
            "month": "2019-02",
            "price": "107.93",
            "revenue": 0
        },
        "2019-03": {
            "month": "2019-03",
            "price": "115.13",
            "revenue": 0
        },
        "2019-04": {
            "month": "2019-04",
            "price": "122.79",
            "revenue": 0
        },
        "2019-05": {
            "month": "2019-05",
            "price": "126.35",
            "revenue": 0
        },
        "2019-06": {
            "month": "2019-06",
            "price": "131.99",
            "revenue": 0
        },
        "2019-07": {
            "month": "2019-07",
            "price": "138.10",
            "revenue": 0
        },
        "2019-08": {
            "month": "2019-08",
            "price": "136.38",
            "revenue": 0
        },
        "2019-09": {
            "month": "2019-09",
            "price": "138.12",
            "revenue": 0
        },
        "2019-10": {
            "month": "2019-10",
            "price": "139.23",
            "revenue": 0
        },
        "2019-11": {
            "month": "2019-11",
            "price": "148.10",
            "revenue": 0
        },
        "2019-12": {
            "month": "2019-12",
            "price": "154.18",
            "revenue": 0
        },
        "2020-01": {
            "month": "2020-01",
            "price": "164.00",
            "revenue": 0
        },
        "2020-02": {
            "month": "2020-02",
            "price": "178.72",
            "revenue": 0
        },
        "2020-03": {
            "month": "2020-03",
            "price": "152.55",
            "revenue": 0
        },
        "2020-04": {
            "month": "2020-04",
            "price": "169.04",
            "revenue": 0
        },
        "2020-05": {
            "month": "2020-05",
            "price": "182.34",
            "revenue": 0
        },
        "2020-06": {
            "month": "2020-06",
            "price": "192.70",
            "revenue": 0
        },
        "2020-07": {
            "month": "2020-07",
            "price": "207.08",
            "revenue": 0
        },
        "2020-08": {
            "month": "2020-08",
            "price": "214.35",
            "revenue": 0
        },
        "2020-09": {
            "month": "2020-09",
            "price": "208.81",
            "revenue": 0
        },
        "2020-10": {
            "month": "2020-10",
            "price": "212.89",
            "revenue": 0
        },
        "2020-11": {
            "month": "2020-11",
            "price": "214.14",
            "revenue": 0
        },
        "2020-12": {
            "month": "2020-12",
            "price": "217.96",
            "revenue": 0
        },
        "2021-01": {
            "month": "2021-01",
            "price": "221.98",
            "revenue": 0
        },
        "2021-02": {
            "month": "2021-02",
            "price": "240.07",
            "revenue": 0
        },
        "2021-03": {
            "month": "2021-03",
            "price": "233.67",
            "revenue": 0
        },
        "2021-04": {
            "month": "2021-04",
            "price": "255.58",
            "revenue": 0
        },
        "2021-05": {
            "month": "2021-05",
            "price": "247.40",
            "revenue": 0
        },
        "2021-06": {
            "month": "2021-06",
            "price": "259.02",
            "revenue": 0
        },
        "2021-07": {
            "month": "2021-07",
            "price": "281.50",
            "revenue": 0
        },
        "2021-08": {
            "month": "2021-08",
            "price": "294.31",
            "revenue": 0
        },
        "2021-09": {
            "month": "2021-09",
            "price": "296.87",
            "revenue": 0
        },
        "2021-10": {
            "month": "2021-10",
            "price": "303.54",
            "revenue": 0
        },
        "2021-11": {
            "month": "2021-11",
            "price": "335.87",
            "revenue": 0
        },
        "2021-12": {
            "month": "2021-12",
            "price": "332.81",
            "revenue": 0
        },
        "2022-01": {
            "month": "2022-01",
            "price": "308.74",
            "revenue": 0
        },
        "2022-02": {
            "month": "2022-02",
            "price": "298.73",
            "revenue": 0
        },
        "2022-03": {
            "month": "2022-03",
            "price": "295.75",
            "revenue": 0
        },
        "2022-04": {
            "month": "2022-04",
            "price": "288.81",
            "revenue": 0
        },
        "2022-05": {
            "month": "2022-05",
            "price": "266.73",
            "revenue": 0
        },
        "2022-06": {
            "month": "2022-06",
            "price": "259.50",
            "revenue": 0
        },
        "2022-07": {
            "month": "2022-07",
            "price": "262.21",
            "revenue": 0
        },
        "2022-08": {
            "month": "2022-08",
            "price": "280.56",
            "revenue": 0
        },
        "2022-09": {
            "month": "2022-09",
            "price": "247.71",
            "revenue": 0
        },
        "2022-10": {
            "month": "2022-10",
            "price": "237.04",
            "revenue": 0
        },
        "2022-11": {
            "month": "2022-11",
            "price": "237.28",
            "revenue": 0
        },
        "2022-12": {
            "month": "2022-12",
            "price": "245.64",
            "revenue": 0
        },
        "2023-01": {
            "month": "2023-01",
            "price": "237.28",
            "revenue": 0
        },
        "2023-02": {
            "month": "2023-02",
            "price": "259.70",
            "revenue": 0
        },
        "2023-03": {
            "month": "2023-03",
            "price": "266.74",
            "revenue": 0
        },
        "2023-04": {
            "month": "2023-04",
            "price": "288.64",
            "revenue": 0
        },
        "2023-05": {
            "month": "2023-05",
            "price": "314.51",
            "revenue": 0
        },
        "2023-06": {
            "month": "2023-06",
            "price": "334.66",
            "revenue": 0
        },
        "2023-07": {
            "month": "2023-07",
            "price": "341.69",
            "revenue": 0
        },
        "2023-08": {
            "month": "2023-08",
            "price": "324.49",
            "revenue": 0
        },
        "2023-09": {
            "month": "2023-09",
            "price": "326.04",
            "revenue": 0
        },
        "2023-10": {
            "month": "2023-10",
            "price": "328.94",
            "revenue": 0
        },
        "2023-11": {
            "month": "2023-11",
            "price": "368.35",
            "revenue": 0
        },
        "2023-12": {
            "month": "2023-12",
            "price": "372.58",
            "revenue": 0
        }
    }
}
