{
    "summary": {
        "stock_name": "Micron Technology Inc",
        "stock_id": "MU",
        "category": "Computer and Technology",
        "main_business": "美光科技公司及其合併子公司是創新記憶體和儲存解決方案的行業領導者。透過其全球品牌Micron和Critical，其廣泛的高效能記憶體和儲存技術組合，包括DRAM、NAND、3D XPointTM記憶體和NOR，正在改變世界如何利用資訊豐富所有人的生活。憑藉超過40年的技術領先地位，公司的記憶體和儲存解決方案在移動、資料中心、客戶端、消費者、工業、圖形、汽車和網路等關鍵市場領域實現顛覆性趨勢，包括人工智慧、5G、機器學習和自主車。",
        "website_url": "https://www.micron.com/",
        "ceo": "Sanjay Mehrotra",
        "pe_ratio": 46,
        "report_year_from": 1995,
        "report_year_to": 2023,
        "age": 28,
        "eps_negative_percentage": 48,
        "eps_growth_avg": {
            "last_all": -4.33,
            "last_2y": 27.2,
            "last_4y": 26.3,
            "last_8y": 2.48,
            "last_12y": -10.33,
            "last_16y": -8.26,
            "last_20y": -4.33,
            "at_2006_last_3y": 67.5,
            "at_2007_last_3y": 11.67,
            "at_2008_last_3y": 11.67,
            "at_2009_last_3y": 0,
            "at_2010_last_3y": -100,
            "at_2011_last_3y": -100,
            "at_2012_last_3y": -100,
            "at_2013_last_3y": -100,
            "at_2014_last_3y": -100,
            "at_2015_last_3y": -14.14,
            "at_2016_last_3y": -57.07,
            "at_2017_last_3y": -57.07,
            "at_2018_last_3y": -4.71,
            "at_2019_last_3y": -16.7,
            "at_2020_last_3y": -3,
            "at_2021_last_3y": 22.75,
            "at_2022_last_3y": 7.88,
            "at_2023_last_3y": 7.88,
            "at_2006_last_all": 67.5,
            "at_2007_last_all": 11.67,
            "at_2008_last_all": 11.67,
            "at_2009_last_all": 11.67,
            "at_2010_last_all": 11.67,
            "at_2011_last_all": -16.25,
            "at_2012_last_all": -16.25,
            "at_2013_last_all": -16.25,
            "at_2014_last_all": -16.25,
            "at_2015_last_all": -15.83,
            "at_2016_last_all": -29.86,
            "at_2017_last_all": -29.86,
            "at_2018_last_all": -11.31,
            "at_2019_last_all": -16.15,
            "at_2020_last_all": -20.9,
            "at_2021_last_all": -8.81,
            "at_2022_last_all": -4.33,
            "at_2023_last_all": -4.33
        },
        "latest_eps": 1.46,
        "latest_price": 67.66,
        "latest_roe": 3.31,
        "latest_gross_margin": -32.66,
        "latest_equity": 47257000,
        "latest_revenue": 3693000,
        "latest_gross_profit": -1206000,
        "latest_net_income": -2325000,
        "latest_debt_ratio": 28.96,
        "latest_current_ratio": 416.71,
        "latest_account_receivable_turnover_ratio": 1.32,
        "latest_inventory_turnover_ratio": 0.59,
        "latest_reinvestment_rate": 79.76,
        "latest_research_to_sale_ratio": 21.34
    },
    "eps_dividends": {
        "2001": {
            "cash": 0,
            "stock": 0,
            "eps": -1.47
        },
        "2002": {
            "cash": 0,
            "stock": 0,
            "eps": -1.5
        },
        "2003": {
            "cash": 0,
            "stock": 0,
            "eps": -1.99
        },
        "2004": {
            "cash": 0,
            "stock": 0,
            "eps": 0.2
        },
        "2005": {
            "cash": 0,
            "stock": 0,
            "eps": 0.27
        },
        "2006": {
            "cash": 0,
            "stock": 0,
            "eps": 0.56
        },
        "2007": {
            "cash": 0,
            "stock": 0,
            "eps": -0.4
        },
        "2008": {
            "cash": 0,
            "stock": 0,
            "eps": -1.73
        },
        "2009": {
            "cash": 0,
            "stock": 0,
            "eps": -2.31
        },
        "2010": {
            "cash": 0,
            "stock": 0,
            "eps": 1.22
        },
        "2011": {
            "cash": 0,
            "stock": 0,
            "eps": -0.07
        },
        "2012": {
            "cash": 0,
            "stock": 0,
            "eps": -1.03
        },
        "2013": {
            "cash": 0,
            "stock": 0,
            "eps": -0.25
        },
        "2014": {
            "cash": 0,
            "stock": 0,
            "eps": 2.9
        },
        "2015": {
            "cash": 0,
            "stock": 0,
            "eps": 2.49
        },
        "2016": {
            "cash": 0,
            "stock": 0,
            "eps": -0.24
        },
        "2017": {
            "cash": 0,
            "stock": 0,
            "eps": 4.37
        },
        "2018": {
            "cash": 0,
            "stock": 0,
            "eps": 11.7
        },
        "2019": {
            "cash": 0,
            "stock": 0,
            "eps": 5.84
        },
        "2020": {
            "cash": 0,
            "stock": 0,
            "eps": 2.4
        },
        "2021": {
            "cash": 0.1,
            "stock": 0,
            "eps": 5.58
        },
        "2022": {
            "cash": 0.44,
            "stock": 0,
            "eps": 7.84
        },
        "2023": {
            "cash": 0.24,
            "stock": 0,
            "eps": -2.24
        }
    },
    "dividends": {
        "2021-10-18": {
            "cash": 0.1,
            "stock": 0
        },
        "2022-01-18": {
            "cash": 0.1,
            "stock": 0
        },
        "2022-04-26": {
            "cash": 0.1,
            "stock": 0
        },
        "2022-07-26": {
            "cash": 0.12,
            "stock": 0
        },
        "2022-10-26": {
            "cash": 0.12,
            "stock": 0
        },
        "2023-01-19": {
            "cash": 0.12,
            "stock": 0
        },
        "2023-07-26": {
            "cash": 0.12,
            "stock": 0
        }
    },
    "prices": {
        "200101": "41.65",
        "200102": "39.47",
        "200103": "42.56",
        "200104": "41.58",
        "200105": "40.63",
        "200106": "40.08",
        "200107": "39.66",
        "200108": "38.84",
        "200109": "25.93",
        "200110": "21.38",
        "200111": "26.63",
        "200112": "30.82",
        "200201": "33.68",
        "200202": "35.35",
        "200203": "35.03",
        "200204": "29.35",
        "200205": "23.88",
        "200206": "21.14",
        "200207": "21.46",
        "200208": "19.13",
        "200209": "15.62",
        "200210": "14.07",
        "200211": "15.41",
        "200212": "12.21",
        "200301": "9.31",
        "200302": "7.55",
        "200303": "8.10",
        "200304": "8.79",
        "200305": "9.93",
        "200306": "12.42",
        "200307": "14.06",
        "200308": "13.66",
        "200309": "14.03",
        "200310": "13.35",
        "200311": "13.37",
        "200312": "12.50",
        "200401": "15.08",
        "200402": "15.74",
        "200403": "15.59",
        "200404": "16.05",
        "200405": "14.07",
        "200406": "14.38",
        "200407": "13.66",
        "200408": "11.96",
        "200409": "12.08",
        "200410": "11.91",
        "200411": "11.74",
        "200412": "11.65",
        "200501": "11.00",
        "200502": "11.39",
        "200503": "10.53",
        "200504": "9.83",
        "200505": "10.40",
        "200506": "10.68",
        "200507": "11.64",
        "200508": "11.45",
        "200509": "12.33",
        "200510": "12.88",
        "200511": "13.88",
        "200512": "13.72",
        "200601": "14.33",
        "200602": "16.03",
        "200603": "14.92",
        "200604": "15.93",
        "200605": "16.24",
        "200606": "15.88",
        "200607": "14.89",
        "200608": "16.19",
        "200609": "17.70",
        "200610": "15.26",
        "200611": "14.41",
        "200612": "14.06",
        "200701": "13.48",
        "200702": "12.48",
        "200703": "11.61",
        "200704": "11.47",
        "200705": "11.84",
        "200706": "12.44",
        "200707": "13.13",
        "200708": "11.47",
        "200709": "11.13",
        "200710": "10.44",
        "200711": "9.08",
        "200712": "8.16",
        "200801": "6.47",
        "200802": "7.42",
        "200803": "6.25",
        "200804": "7.11",
        "200805": "8.32",
        "200806": "7.51",
        "200807": "5.30",
        "200808": "4.84",
        "200809": "4.40",
        "200810": "4.10",
        "200811": "3.17",
        "200812": "2.26",
        "200901": "3.33",
        "200902": "3.55",
        "200903": "3.49",
        "200904": "4.62",
        "200905": "4.79",
        "200906": "5.27",
        "200907": "5.64",
        "200908": "6.93",
        "200909": "7.99",
        "200910": "7.87",
        "200911": "7.32",
        "200912": "9.11",
        "201001": "10.18",
        "201002": "8.85",
        "201003": "10.03",
        "201004": "10.63",
        "201005": "9.05",
        "201006": "9.23",
        "201007": "8.40",
        "201008": "7.23",
        "201009": "6.93",
        "201010": "7.55",
        "201011": "7.74",
        "201012": "7.98",
        "201101": "9.42",
        "201102": "11.25",
        "201103": "10.85",
        "201104": "11.08",
        "201105": "10.33",
        "201106": "8.25",
        "201107": "7.59",
        "201108": "6.06",
        "201109": "6.37",
        "201110": "5.34",
        "201111": "5.76",
        "201112": "5.88",
        "201201": "7.43",
        "201202": "8.13",
        "201203": "8.45",
        "201204": "7.08",
        "201205": "6.14",
        "201206": "5.79",
        "201207": "6.14",
        "201208": "6.45",
        "201209": "6.35",
        "201210": "5.67",
        "201211": "5.70",
        "201212": "6.45",
        "201301": "7.51",
        "201302": "7.94",
        "201303": "9.30",
        "201304": "9.49",
        "201305": "10.81",
        "201306": "13.14",
        "201307": "13.38",
        "201308": "13.87",
        "201309": "16.43",
        "201310": "17.36",
        "201311": "19.04",
        "201312": "22.10",
        "201401": "22.87",
        "201402": "24.48",
        "201403": "23.99",
        "201404": "23.82",
        "201405": "27.09",
        "201406": "30.90",
        "201407": "33.15",
        "201408": "31.83",
        "201409": "32.14",
        "201410": "30.91",
        "201411": "33.60",
        "201412": "34.98",
        "201501": "31.11",
        "201502": "30.60",
        "201503": "28.16",
        "201504": "28.15",
        "201505": "27.43",
        "201506": "24.53",
        "201507": "18.71",
        "201508": "16.84",
        "201509": "15.97",
        "201510": "17.44",
        "201511": "15.88",
        "201512": "14.62",
        "201601": "11.89",
        "201602": "10.67",
        "201603": "11.02",
        "201604": "10.77",
        "201605": "10.56",
        "201606": "12.70",
        "201607": "13.17",
        "201608": "15.25",
        "201609": "17.25",
        "201610": "17.31",
        "201611": "18.30",
        "201612": "20.74",
        "201701": "22.65",
        "201702": "23.87",
        "201703": "26.42",
        "201704": "27.54",
        "201705": "28.65",
        "201706": "31.36",
        "201707": "30.73",
        "201708": "29.61",
        "201709": "34.82",
        "201710": "41.02",
        "201711": "45.67",
        "201712": "42.61",
        "201801": "43.71",
        "201802": "43.71",
        "201803": "55.78",
        "201804": "50.21",
        "201805": "54.14",
        "201806": "57.90",
        "201807": "54.49",
        "201808": "51.09",
        "201809": "45.17",
        "201810": "40.84",
        "201811": "38.47",
        "201812": "33.75",
        "201901": "35.19",
        "201902": "41.00",
        "201903": "39.93",
        "201904": "42.63",
        "201905": "37.31",
        "201906": "34.22",
        "201907": "44.04",
        "201908": "43.29",
        "201909": "48.62",
        "201910": "45.12",
        "201911": "47.26",
        "201912": "51.11",
        "202001": "56.67",
        "202002": "56.30",
        "202003": "43.82",
        "202004": "45.04",
        "202005": "46.04",
        "202006": "50.17",
        "202007": "50.41",
        "202008": "46.49",
        "202009": "48.20",
        "202010": "50.77",
        "202011": "58.60",
        "202012": "71.38",
        "202101": "79.68",
        "202102": "85.67",
        "202103": "88.41",
        "202104": "90.34",
        "202105": "81.80",
        "202106": "81.12",
        "202107": "77.30",
        "202108": "74.57",
        "202109": "73.42",
        "202110": "68.78",
        "202111": "77.69",
        "202112": "87.34",
        "202201": "89.43",
        "202202": "88.16",
        "202203": "79.22",
        "202204": "71.68",
        "202205": "70.32",
        "202206": "61.93",
        "202207": "59.96",
        "202208": "60.99",
        "202209": "52.87",
        "202210": "53.81",
        "202211": "57.78",
        "202212": "52.57",
        "202301": "58.17",
        "202302": "60.05",
        "202303": "57.78",
        "202304": "61.03",
        "202305": "64.66",
        "202306": "67.69"
    },
    "quarters": {
        "20012": {
            "year_quarter": 20012,
            "year": 2001,
            "quarter": 2,
            "eps": -0.01,
            "eps_growth_year": -102.28,
            "eps_4q": 2.29,
            "eps_4q_growth_year": 182.47,
            "roe": 0,
            "roe_4q": 0,
            "gross_profit": 200300,
            "gross_margin": 18.8,
            "gross_margin_4q_avg": 18.8,
            "net_income": 0,
            "revenue": 1065700,
            "common_shares": 59500,
            "book_valuer_per_share": 12.18,
            "book_valuer_per_share_4q_avg": 12.18,
            "equity": 7465900,
            "current_ratio": 445.79,
            "debt_ratio": 18.11,
            "inventory_turnover_ratio": 0.8,
            "account_receivable_turnover_ratio": 1.36,
            "reinvestment_rate": 96.98,
            "research_to_sale_ratio": 12.28,
            "price_fair": 0,
            "eps_avg_yearly": 0,
            "eps_latest_yearly": 0,
            "eps_growth_yearly": 0
        },
        "20013": {
            "year_quarter": 20013,
            "year": 2001,
            "quarter": 3,
            "eps": -0.5,
            "eps_growth_year": -201.68,
            "eps_4q": 1.29,
            "eps_4q_growth_year": -6.99,
            "roe": -4.15,
            "roe_4q": -4.15,
            "gross_profit": -275800,
            "gross_margin": -33.7,
            "gross_margin_4q_avg": -7.45,
            "net_income": -304200,
            "revenue": 818300,
            "common_shares": 59700,
            "book_valuer_per_share": 11.69,
            "book_valuer_per_share_4q_avg": 11.94,
            "equity": 7198600,
            "current_ratio": 419.81,
            "debt_ratio": 18.65,
            "inventory_turnover_ratio": 1.11,
            "account_receivable_turnover_ratio": 1.3,
            "reinvestment_rate": 134.46,
            "research_to_sale_ratio": 13.99,
            "price_fair": 0,
            "eps_avg_yearly": 0,
            "eps_latest_yearly": 0,
            "eps_growth_yearly": 0
        },
        "20014": {
            "year_quarter": 20014,
            "year": 2001,
            "quarter": 4,
            "eps": -0.96,
            "eps_growth_year": -179.45,
            "eps_4q": -0.88,
            "eps_4q_growth_year": -133.62,
            "roe": -8.02,
            "roe_4q": -12.17,
            "gross_profit": -576300,
            "gross_margin": -119.99,
            "gross_margin_4q_avg": -44.96,
            "net_income": -574900,
            "revenue": 480300,
            "common_shares": 59800,
            "book_valuer_per_share": 11.41,
            "book_valuer_per_share_4q_avg": 11.76,
            "equity": 7134800,
            "current_ratio": 456.72,
            "debt_ratio": 14.69,
            "inventory_turnover_ratio": 1.59,
            "account_receivable_turnover_ratio": 0.65,
            "reinvestment_rate": 214.18,
            "research_to_sale_ratio": 21.88,
            "price_fair": 0,
            "eps_avg_yearly": 0,
            "eps_latest_yearly": 0,
            "eps_growth_yearly": 0
        },
        "20021": {
            "year_quarter": 20021,
            "year": 2002,
            "quarter": 1,
            "eps": -0.44,
            "eps_growth_year": -175.22,
            "eps_4q": -1.92,
            "eps_4q_growth_year": -173.75,
            "roe": -3.79,
            "roe_4q": -15.959999999999999,
            "gross_profit": -212600,
            "gross_margin": -50.15,
            "gross_margin_4q_avg": -46.26,
            "net_income": -265900,
            "revenue": 423900,
            "common_shares": 60000,
            "book_valuer_per_share": 10.97,
            "book_valuer_per_share_4q_avg": 11.56,
            "equity": 6903300,
            "current_ratio": 392.15,
            "debt_ratio": 13.95,
            "inventory_turnover_ratio": 1.35,
            "account_receivable_turnover_ratio": 0.78,
            "reinvestment_rate": 291.67,
            "research_to_sale_ratio": 36.45,
            "price_fair": 0,
            "eps_avg_yearly": 0,
            "eps_latest_yearly": 0,
            "eps_growth_yearly": 0
        },
        "20022": {
            "year_quarter": 20022,
            "year": 2002,
            "quarter": 2,
            "eps": -0.05,
            "eps_growth_year": null,
            "eps_4q": -1.96,
            "eps_4q_growth_year": -185.63,
            "roe": -0.44,
            "roe_4q": -16.4,
            "gross_profit": 143000,
            "gross_margin": 22.14,
            "gross_margin_4q_avg": -45.43,
            "net_income": -30400,
            "revenue": 645900,
            "common_shares": 60100,
            "book_valuer_per_share": 10.95,
            "book_valuer_per_share_4q_avg": 11.26,
            "equity": 6896800,
            "current_ratio": 528.64,
            "debt_ratio": 15.86,
            "inventory_turnover_ratio": 1.01,
            "account_receivable_turnover_ratio": 1.7,
            "reinvestment_rate": 241.8,
            "research_to_sale_ratio": 21.04,
            "price_fair": 0,
            "eps_avg_yearly": 0,
            "eps_latest_yearly": 0,
            "eps_growth_yearly": 0
        },
        "20023": {
            "year_quarter": 20023,
            "year": 2002,
            "quarter": 3,
            "eps": -0.04,
            "eps_growth_year": null,
            "eps_4q": -1.5,
            "eps_4q_growth_year": -216.16,
            "roe": -0.35,
            "roe_4q": -12.6,
            "gross_profit": 168200,
            "gross_margin": 21.81,
            "gross_margin_4q_avg": -31.55,
            "net_income": -24200,
            "revenue": 771200,
            "common_shares": 118900,
            "book_valuer_per_share": 11.01,
            "book_valuer_per_share_4q_avg": 11.09,
            "equity": 6952500,
            "current_ratio": 350.51,
            "debt_ratio": 14.38,
            "inventory_turnover_ratio": 0.98,
            "account_receivable_turnover_ratio": 1.47,
            "reinvestment_rate": 247.91,
            "research_to_sale_ratio": 17.43,
            "price_fair": 0,
            "eps_avg_yearly": 0,
            "eps_latest_yearly": 0,
            "eps_growth_yearly": 0
        },
        "20024": {
            "year_quarter": 20024,
            "year": 2002,
            "quarter": 4,
            "eps": -0.97,
            "eps_growth_year": null,
            "eps_4q": -1.51,
            "eps_4q_growth_year": null,
            "roe": -8.81,
            "roe_4q": -13.39,
            "gross_profit": -209200,
            "gross_margin": -27.97,
            "gross_margin_4q_avg": -8.54,
            "net_income": -586500,
            "revenue": 748000,
            "common_shares": 120500,
            "book_valuer_per_share": 10.03,
            "book_valuer_per_share_4q_avg": 10.74,
            "equity": 6366600,
            "current_ratio": 281.49,
            "debt_ratio": 15.73,
            "inventory_turnover_ratio": 1.55,
            "account_receivable_turnover_ratio": 1.33,
            "reinvestment_rate": 650,
            "research_to_sale_ratio": 18.25,
            "price_fair": 0,
            "eps_avg_yearly": 0,
            "eps_latest_yearly": 0,
            "eps_growth_yearly": 0
        },
        "20031": {
            "year_quarter": 20031,
            "year": 2003,
            "quarter": 1,
            "eps": -0.52,
            "eps_growth_year": null,
            "eps_4q": -1.59,
            "eps_4q_growth_year": null,
            "roe": -5.08,
            "roe_4q": -14.68,
            "gross_profit": -37300,
            "gross_margin": -5.44,
            "gross_margin_4q_avg": 2.64,
            "net_income": -315900,
            "revenue": 685100,
            "common_shares": 122200,
            "book_valuer_per_share": 9.51,
            "book_valuer_per_share_4q_avg": 10.38,
            "equity": 6079700,
            "current_ratio": 193.77,
            "debt_ratio": 17.68,
            "inventory_turnover_ratio": 1.29,
            "account_receivable_turnover_ratio": 1.4,
            "reinvestment_rate": -1186.86,
            "research_to_sale_ratio": 22.55,
            "price_fair": 0,
            "eps_avg_yearly": 0,
            "eps_latest_yearly": 0,
            "eps_growth_yearly": 0
        },
        "20032": {
            "year_quarter": 20032,
            "year": 2003,
            "quarter": 2,
            "eps": -0.91,
            "eps_growth_year": null,
            "eps_4q": -2.45,
            "eps_4q_growth_year": null,
            "roe": -10.83,
            "roe_4q": -25.07,
            "gross_profit": -223900,
            "gross_margin": -28.52,
            "gross_margin_4q_avg": -10.03,
            "net_income": -619200,
            "revenue": 785000,
            "common_shares": 123900,
            "book_valuer_per_share": 8.34,
            "book_valuer_per_share_4q_avg": 9.72,
            "equity": 5359400,
            "current_ratio": 243.57,
            "debt_ratio": 26.95,
            "inventory_turnover_ratio": 2.14,
            "account_receivable_turnover_ratio": 1.7,
            "reinvestment_rate": -133.82,
            "research_to_sale_ratio": 22.18,
            "price_fair": 0,
            "eps_avg_yearly": 0,
            "eps_latest_yearly": 0,
            "eps_growth_yearly": 0
        },
        "20033": {
            "year_quarter": 20033,
            "year": 2003,
            "quarter": 3,
            "eps": -0.36,
            "eps_growth_year": null,
            "eps_4q": -2.77,
            "eps_4q_growth_year": null,
            "roe": -4.09,
            "roe_4q": -28.810000000000002,
            "gross_profit": 71000,
            "gross_margin": 9.69,
            "gross_margin_4q_avg": -13.06,
            "net_income": -214900,
            "revenue": 732700,
            "common_shares": 125600,
            "book_valuer_per_share": 7.98,
            "book_valuer_per_share_4q_avg": 8.97,
            "equity": 5152100,
            "current_ratio": 219.16,
            "debt_ratio": 27.87,
            "inventory_turnover_ratio": 1.66,
            "account_receivable_turnover_ratio": 1.5,
            "reinvestment_rate": -83.34,
            "research_to_sale_ratio": 22.07,
            "price_fair": 0,
            "eps_avg_yearly": 0,
            "eps_latest_yearly": 0,
            "eps_growth_yearly": 0
        },
        "20034": {
            "year_quarter": 20034,
            "year": 2003,
            "quarter": 4,
            "eps": -0.2,
            "eps_growth_year": null,
            "eps_4q": -1.99,
            "eps_4q_growth_year": null,
            "roe": -2.42,
            "roe_4q": -22.42,
            "gross_profit": 169500,
            "gross_margin": 19.08,
            "gross_margin_4q_avg": -1.3,
            "net_income": -123200,
            "revenue": 888500,
            "common_shares": 127300,
            "book_valuer_per_share": 7.78,
            "book_valuer_per_share_4q_avg": 8.4,
            "equity": 5037500,
            "current_ratio": 205.14,
            "debt_ratio": 29.63,
            "inventory_turnover_ratio": 1.69,
            "account_receivable_turnover_ratio": 1.56,
            "reinvestment_rate": -65.08,
            "research_to_sale_ratio": 18.69,
            "price_fair": 0,
            "eps_avg_yearly": 0,
            "eps_latest_yearly": 0,
            "eps_growth_yearly": 0
        },
        "20041": {
            "year_quarter": 20041,
            "year": 2004,
            "quarter": 1,
            "eps": -0.02,
            "eps_growth_year": null,
            "eps_4q": -1.49,
            "eps_4q_growth_year": null,
            "roe": 0.02,
            "roe_4q": -17.32,
            "gross_profit": 286000,
            "gross_margin": 25.83,
            "gross_margin_4q_avg": 6.52,
            "net_income": 1100,
            "revenue": 1107200,
            "common_shares": 60900,
            "book_valuer_per_share": 8.45,
            "book_valuer_per_share_4q_avg": 8.14,
            "equity": 5429100,
            "current_ratio": 240.2,
            "debt_ratio": 28.11,
            "inventory_turnover_ratio": 1.99,
            "account_receivable_turnover_ratio": 1.62,
            "reinvestment_rate": -43.24,
            "research_to_sale_ratio": 16.84,
            "price_fair": 0,
            "eps_avg_yearly": 0,
            "eps_latest_yearly": 0,
            "eps_growth_yearly": 0
        },
        "20042": {
            "year_quarter": 20042,
            "year": 2004,
            "quarter": 2,
            "eps": -0.05,
            "eps_growth_year": null,
            "eps_4q": -0.63,
            "eps_4q_growth_year": null,
            "roe": -0.52,
            "roe_4q": -7.01,
            "gross_profit": 248200,
            "gross_margin": 25.05,
            "gross_margin_4q_avg": 19.91,
            "net_income": -28300,
            "revenue": 991000,
            "common_shares": 61000,
            "book_valuer_per_share": 8.41,
            "book_valuer_per_share_4q_avg": 8.16,
            "equity": 5405500,
            "current_ratio": 260.94,
            "debt_ratio": 28.17,
            "inventory_turnover_ratio": 1.74,
            "account_receivable_turnover_ratio": 1.38,
            "reinvestment_rate": -29.33,
            "research_to_sale_ratio": 18.96,
            "price_fair": 0,
            "eps_avg_yearly": 0,
            "eps_latest_yearly": 0,
            "eps_growth_yearly": 0
        },
        "20043": {
            "year_quarter": 20043,
            "year": 2004,
            "quarter": 3,
            "eps": 0.13,
            "eps_growth_year": null,
            "eps_4q": -0.14,
            "eps_4q_growth_year": null,
            "roe": 1.67,
            "roe_4q": -1.25,
            "gross_profit": 387900,
            "gross_margin": 34.73,
            "gross_margin_4q_avg": 26.17,
            "net_income": 90900,
            "revenue": 1116800,
            "common_shares": 61100,
            "book_valuer_per_share": 8.56,
            "book_valuer_per_share_4q_avg": 8.3,
            "equity": 5509500,
            "current_ratio": 264.69,
            "debt_ratio": 27.86,
            "inventory_turnover_ratio": 1.49,
            "account_receivable_turnover_ratio": 1.51,
            "reinvestment_rate": -23.78,
            "research_to_sale_ratio": 16.24,
            "price_fair": 0,
            "eps_avg_yearly": 0,
            "eps_latest_yearly": 0,
            "eps_growth_yearly": 0
        },
        "20044": {
            "year_quarter": 20044,
            "year": 2004,
            "quarter": 4,
            "eps": 0.14,
            "eps_growth_year": null,
            "eps_4q": 0.2,
            "eps_4q_growth_year": null,
            "roe": 1.68,
            "roe_4q": 2.8499999999999996,
            "gross_profit": 392600,
            "gross_margin": 33.01,
            "gross_margin_4q_avg": 29.66,
            "net_income": 93500,
            "revenue": 1189200,
            "common_shares": 61200,
            "book_valuer_per_share": 8.73,
            "book_valuer_per_share_4q_avg": 8.54,
            "equity": 5614800,
            "current_ratio": 271.44,
            "debt_ratio": 27.64,
            "inventory_turnover_ratio": 1.43,
            "account_receivable_turnover_ratio": 1.54,
            "reinvestment_rate": -8.07,
            "research_to_sale_ratio": 16.75,
            "price_fair": 19.6,
            "eps_avg_yearly": 0.56,
            "eps_latest_yearly": 0.56,
            "eps_growth_yearly": 30.77
        },
        "20051": {
            "year_quarter": 20051,
            "year": 2005,
            "quarter": 1,
            "eps": 0.23,
            "eps_growth_year": null,
            "eps_4q": 0.44,
            "eps_4q_growth_year": null,
            "roe": 2.72,
            "roe_4q": 5.550000000000001,
            "gross_profit": 423000,
            "gross_margin": 33.56,
            "gross_margin_4q_avg": 31.59,
            "net_income": 154900,
            "revenue": 1260300,
            "common_shares": 61300,
            "book_valuer_per_share": 8.99,
            "book_valuer_per_share_4q_avg": 8.67,
            "equity": 5779400,
            "current_ratio": 238.61,
            "debt_ratio": 26.77,
            "inventory_turnover_ratio": 1.3,
            "account_receivable_turnover_ratio": 1.54,
            "reinvestment_rate": -7.93,
            "research_to_sale_ratio": 11.77,
            "price_fair": 25.9,
            "eps_avg_yearly": 0.74,
            "eps_latest_yearly": 0.92,
            "eps_growth_yearly": 143.96
        },
        "20052": {
            "year_quarter": 20052,
            "year": 2005,
            "quarter": 2,
            "eps": 0.17,
            "eps_growth_year": null,
            "eps_4q": 0.67,
            "eps_4q_growth_year": null,
            "roe": 2.02,
            "roe_4q": 8.09,
            "gross_profit": 354000,
            "gross_margin": 27.07,
            "gross_margin_4q_avg": 32.09,
            "net_income": 117900,
            "revenue": 1307900,
            "common_shares": 61400,
            "book_valuer_per_share": 9.19,
            "book_valuer_per_share_4q_avg": 8.87,
            "equity": 5909200,
            "current_ratio": 264.26,
            "debt_ratio": 26.86,
            "inventory_turnover_ratio": 1.31,
            "account_receivable_turnover_ratio": 1.45,
            "reinvestment_rate": 0.41,
            "research_to_sale_ratio": 11.58,
            "price_fair": 25.2,
            "eps_avg_yearly": 0.72,
            "eps_latest_yearly": 0.68,
            "eps_growth_yearly": 61.19
        },
        "20053": {
            "year_quarter": 20053,
            "year": 2005,
            "quarter": 3,
            "eps": -0.2,
            "eps_growth_year": -248.56,
            "eps_4q": 0.34,
            "eps_4q_growth_year": null,
            "roe": -2.19,
            "roe_4q": 4.23,
            "gross_profit": 86600,
            "gross_margin": 8.21,
            "gross_margin_4q_avg": 25.46,
            "net_income": -127900,
            "revenue": 1054200,
            "common_shares": 61500,
            "book_valuer_per_share": 8.99,
            "book_valuer_per_share_4q_avg": 8.98,
            "equity": 5791600,
            "current_ratio": 267.12,
            "debt_ratio": 28.38,
            "inventory_turnover_ratio": 1.23,
            "account_receivable_turnover_ratio": 1.26,
            "reinvestment_rate": -2.72,
            "research_to_sale_ratio": 14.55,
            "price_fair": 25.2,
            "eps_avg_yearly": 0.72,
            "eps_latest_yearly": 0.68,
            "eps_growth_yearly": 61.19
        },
        "20054": {
            "year_quarter": 20054,
            "year": 2005,
            "quarter": 4,
            "eps": 0.07,
            "eps_growth_year": -51.61,
            "eps_4q": 0.27,
            "eps_4q_growth_year": 36.53,
            "roe": 0.74,
            "roe_4q": 3.29,
            "gross_profit": 282200,
            "gross_margin": 22.44,
            "gross_margin_4q_avg": 22.82,
            "net_income": 43100,
            "revenue": 1257800,
            "common_shares": 61600,
            "book_valuer_per_share": 9.07,
            "book_valuer_per_share_4q_avg": 9.06,
            "equity": 5846800,
            "current_ratio": 298.96,
            "debt_ratio": 26.97,
            "inventory_turnover_ratio": 1.22,
            "account_receivable_turnover_ratio": 1.64,
            "reinvestment_rate": -6.17,
            "research_to_sale_ratio": 11.97,
            "price_fair": 25.2,
            "eps_avg_yearly": 0.72,
            "eps_latest_yearly": 0.68,
            "eps_growth_yearly": 61.19
        },
        "20061": {
            "year_quarter": 20061,
            "year": 2006,
            "quarter": 1,
            "eps": 0.09,
            "eps_growth_year": -58.57,
            "eps_4q": 0.14,
            "eps_4q_growth_year": -69.38,
            "roe": 1.06,
            "roe_4q": 1.6300000000000001,
            "gross_profit": 311100,
            "gross_margin": 22.84,
            "gross_margin_4q_avg": 20.14,
            "net_income": 62600,
            "revenue": 1361800,
            "common_shares": 61800,
            "book_valuer_per_share": 9.16,
            "book_valuer_per_share_4q_avg": 9.1,
            "equity": 5923500,
            "current_ratio": 301.02,
            "debt_ratio": 26.04,
            "inventory_turnover_ratio": 1.45,
            "account_receivable_turnover_ratio": 1.7,
            "reinvestment_rate": -16.39,
            "research_to_sale_ratio": 12.15,
            "price_fair": 22.05,
            "eps_avg_yearly": 0.63,
            "eps_latest_yearly": 0.36,
            "eps_growth_yearly": 74.46
        },
        "20062": {
            "year_quarter": 20062,
            "year": 2006,
            "quarter": 2,
            "eps": 0.27,
            "eps_growth_year": 57.99,
            "eps_4q": 0.24,
            "eps_4q_growth_year": -64.68,
            "roe": 3,
            "roe_4q": 2.6100000000000008,
            "gross_profit": 235300,
            "gross_margin": 19.21,
            "gross_margin_4q_avg": 18.18,
            "net_income": 193200,
            "revenue": 1225000,
            "common_shares": 67600,
            "book_valuer_per_share": 9.92,
            "book_valuer_per_share_4q_avg": 9.29,
            "equity": 6954200,
            "current_ratio": 355.74,
            "debt_ratio": 25.84,
            "inventory_turnover_ratio": 1.45,
            "account_receivable_turnover_ratio": 1.41,
            "reinvestment_rate": -0.44,
            "research_to_sale_ratio": 13.02,
            "price_fair": 25.2,
            "eps_avg_yearly": 0.72,
            "eps_latest_yearly": 1.08,
            "eps_growth_yearly": 219.57
        },
        "20063": {
            "year_quarter": 20063,
            "year": 2006,
            "quarter": 3,
            "eps": 0.12,
            "eps_growth_year": null,
            "eps_4q": 0.56,
            "eps_4q_growth_year": 64.2,
            "roe": 1.02,
            "roe_4q": 5.82,
            "gross_profit": 329800,
            "gross_margin": 25.13,
            "gross_margin_4q_avg": 22.41,
            "net_income": 71300,
            "revenue": 1312300,
            "common_shares": 67900,
            "book_valuer_per_share": 10.14,
            "book_valuer_per_share_4q_avg": 9.57,
            "equity": 7086800,
            "current_ratio": 353.47,
            "debt_ratio": 31.2,
            "inventory_turnover_ratio": 1.32,
            "account_receivable_turnover_ratio": 1.52,
            "reinvestment_rate": -61.31,
            "research_to_sale_ratio": 12.78,
            "price_fair": 23.8,
            "eps_avg_yearly": 0.68,
            "eps_latest_yearly": 0.48,
            "eps_growth_yearly": 145.94
        },
        "20064": {
            "year_quarter": 20064,
            "year": 2006,
            "quarter": 4,
            "eps": 0.08,
            "eps_growth_year": 26.48,
            "eps_4q": 0.57,
            "eps_4q_growth_year": 114.04,
            "roe": 1.16,
            "roe_4q": 6.24,
            "gross_profit": 323800,
            "gross_margin": 23.59,
            "gross_margin_4q_avg": 22.69,
            "net_income": 87900,
            "revenue": 1372900,
            "common_shares": 75000,
            "book_valuer_per_share": 9.64,
            "book_valuer_per_share_4q_avg": 9.72,
            "equity": 8114000,
            "current_ratio": 307.1,
            "debt_ratio": 33.61,
            "inventory_turnover_ratio": 1.19,
            "account_receivable_turnover_ratio": 1.56,
            "reinvestment_rate": -198.74,
            "research_to_sale_ratio": 11.89,
            "price_fair": 22,
            "eps_avg_yearly": 0.63,
            "eps_latest_yearly": 0.32,
            "eps_growth_yearly": 106.04
        },
        "20071": {
            "year_quarter": 20071,
            "year": 2007,
            "quarter": 1,
            "eps": 0.15,
            "eps_growth_year": 56.7,
            "eps_4q": 0.63,
            "eps_4q_growth_year": 361.64,
            "roe": 1.76,
            "roe_4q": 6.9399999999999995,
            "gross_profit": 442000,
            "gross_margin": 28.89,
            "gross_margin_4q_avg": 24.21,
            "net_income": 144000,
            "revenue": 1530000,
            "common_shares": 75000,
            "book_valuer_per_share": 9.76,
            "book_valuer_per_share_4q_avg": 9.87,
            "equity": 8279000,
            "current_ratio": 252.1,
            "debt_ratio": 36.68,
            "inventory_turnover_ratio": 1.05,
            "account_receivable_turnover_ratio": 1.57,
            "reinvestment_rate": -13782.46,
            "research_to_sale_ratio": 11.96,
            "price_fair": 21.88,
            "eps_avg_yearly": 0.63,
            "eps_latest_yearly": 0.6,
            "eps_growth_yearly": 136.54
        },
        "20072": {
            "year_quarter": 20072,
            "year": 2007,
            "quarter": 2,
            "eps": -0.07,
            "eps_growth_year": -124.72,
            "eps_4q": 0.29,
            "eps_4q_growth_year": 20.94,
            "roe": -0.05,
            "roe_4q": 3.89,
            "gross_profit": 357000,
            "gross_margin": 25.02,
            "gross_margin_4q_avg": 25.66,
            "net_income": -4000,
            "revenue": 1427000,
            "common_shares": 76000,
            "book_valuer_per_share": 9.67,
            "book_valuer_per_share_4q_avg": 9.8,
            "equity": 8249000,
            "current_ratio": 254.81,
            "debt_ratio": 38.33,
            "inventory_turnover_ratio": 0.89,
            "account_receivable_turnover_ratio": 1.47,
            "reinvestment_rate": 466.92,
            "research_to_sale_ratio": 17.03,
            "price_fair": 21.88,
            "eps_avg_yearly": 0.63,
            "eps_latest_yearly": 0.6,
            "eps_growth_yearly": 136.54
        },
        "20073": {
            "year_quarter": 20073,
            "year": 2007,
            "quarter": 3,
            "eps": -0.29,
            "eps_growth_year": -337.79,
            "eps_4q": -0.13,
            "eps_4q_growth_year": -123.24,
            "roe": -2.31,
            "roe_4q": 0.56,
            "gross_profit": 106000,
            "gross_margin": 8.19,
            "gross_margin_4q_avg": 21.42,
            "net_income": -186000,
            "revenue": 1294000,
            "common_shares": 76000,
            "book_valuer_per_share": 9.2,
            "book_valuer_per_share_4q_avg": 9.57,
            "equity": 7887000,
            "current_ratio": 284.71,
            "debt_ratio": 45.29,
            "inventory_turnover_ratio": 0.87,
            "account_receivable_turnover_ratio": 1.45,
            "reinvestment_rate": 469.96,
            "research_to_sale_ratio": 15.07,
            "price_fair": 21.88,
            "eps_avg_yearly": 0.63,
            "eps_latest_yearly": 0.6,
            "eps_growth_yearly": 136.54
        },
        "20074": {
            "year_quarter": 20074,
            "year": 2007,
            "quarter": 4,
            "eps": -0.19,
            "eps_growth_year": -324.72,
            "eps_4q": -0.4,
            "eps_4q_growth_year": -169.96,
            "roe": -1.94,
            "roe_4q": -2.54,
            "gross_profit": 173000,
            "gross_margin": 12.04,
            "gross_margin_4q_avg": 18.54,
            "net_income": -152000,
            "revenue": 1437000,
            "common_shares": 76000,
            "book_valuer_per_share": 9.02,
            "book_valuer_per_share_4q_avg": 9.41,
            "equity": 7752000,
            "current_ratio": 258.34,
            "debt_ratio": 47.69,
            "inventory_turnover_ratio": 0.85,
            "account_receivable_turnover_ratio": 1.57,
            "reinvestment_rate": 540.45,
            "research_to_sale_ratio": 12.8,
            "price_fair": 21.88,
            "eps_avg_yearly": 0.63,
            "eps_latest_yearly": 0.6,
            "eps_growth_yearly": 136.54
        },
        "20081": {
            "year_quarter": 20081,
            "year": 2008,
            "quarter": 1,
            "eps": -0.34,
            "eps_growth_year": -329.65,
            "eps_4q": -0.89,
            "eps_4q_growth_year": -241.15,
            "roe": -3.4,
            "roe_4q": -7.7,
            "gross_profit": 5000,
            "gross_margin": 0.33,
            "gross_margin_4q_avg": 11.4,
            "net_income": -259000,
            "revenue": 1535000,
            "common_shares": 76000,
            "book_valuer_per_share": 8.67,
            "book_valuer_per_share_4q_avg": 9.14,
            "equity": 7501000,
            "current_ratio": 251.19,
            "debt_ratio": 48.26,
            "inventory_turnover_ratio": 1.03,
            "account_receivable_turnover_ratio": 1.49,
            "reinvestment_rate": 930.68,
            "research_to_sale_ratio": 10.62,
            "price_fair": 21.88,
            "eps_avg_yearly": 0.63,
            "eps_latest_yearly": 0.6,
            "eps_growth_yearly": 136.54
        },
        "20082": {
            "year_quarter": 20082,
            "year": 2008,
            "quarter": 2,
            "eps": -0.65,
            "eps_growth_year": null,
            "eps_4q": -1.47,
            "eps_4q_growth_year": -613.18,
            "roe": -10.83,
            "roe_4q": -18.48,
            "gross_profit": -43000,
            "gross_margin": -3.16,
            "gross_margin_4q_avg": 4.35,
            "net_income": -771000,
            "revenue": 1359000,
            "common_shares": 76000,
            "book_valuer_per_share": 8.28,
            "book_valuer_per_share_4q_avg": 8.79,
            "equity": 6738000,
            "current_ratio": 250.23,
            "debt_ratio": 51.12,
            "inventory_turnover_ratio": 0.97,
            "account_receivable_turnover_ratio": 1.39,
            "reinvestment_rate": -1328.82,
            "research_to_sale_ratio": 13.25,
            "price_fair": 21.88,
            "eps_avg_yearly": 0.63,
            "eps_latest_yearly": 0.6,
            "eps_growth_yearly": 136.54
        },
        "20083": {
            "year_quarter": 20083,
            "year": 2008,
            "quarter": 3,
            "eps": -0.3,
            "eps_growth_year": null,
            "eps_4q": -1.47,
            "eps_4q_growth_year": null,
            "roe": -3.68,
            "roe_4q": -19.85,
            "gross_profit": 48000,
            "gross_margin": 3.2,
            "gross_margin_4q_avg": 3.1,
            "net_income": -244000,
            "revenue": 1498000,
            "common_shares": 76000,
            "book_valuer_per_share": 7.98,
            "book_valuer_per_share_4q_avg": 8.49,
            "equity": 6508000,
            "current_ratio": 231.45,
            "debt_ratio": 52.2,
            "inventory_turnover_ratio": 1,
            "account_receivable_turnover_ratio": 1.59,
            "reinvestment_rate": -620.96,
            "research_to_sale_ratio": 11.35,
            "price_fair": 21.88,
            "eps_avg_yearly": 0.63,
            "eps_latest_yearly": 0.6,
            "eps_growth_yearly": 136.54
        },
        "20084": {
            "year_quarter": 20084,
            "year": 2008,
            "quarter": 4,
            "eps": -0.44,
            "eps_growth_year": null,
            "eps_4q": -1.73,
            "eps_4q_growth_year": null,
            "roe": -5.6,
            "roe_4q": -23.509999999999998,
            "gross_profit": -65000,
            "gross_margin": -4.49,
            "gross_margin_4q_avg": -1.03,
            "net_income": -355000,
            "revenue": 1449000,
            "common_shares": 76000,
            "book_valuer_per_share": 7.64,
            "book_valuer_per_share_4q_avg": 8.14,
            "equity": 6178000,
            "current_ratio": 236.48,
            "debt_ratio": 54,
            "inventory_turnover_ratio": 1.1,
            "account_receivable_turnover_ratio": 1.43,
            "reinvestment_rate": -370.02,
            "research_to_sale_ratio": 11.53,
            "price_fair": 22.2,
            "eps_avg_yearly": 0.63,
            "eps_latest_yearly": 0.6,
            "eps_growth_yearly": 151.65
        },
        "20091": {
            "year_quarter": 20091,
            "year": 2009,
            "quarter": 1,
            "eps": -0.79,
            "eps_growth_year": null,
            "eps_4q": -2.18,
            "eps_4q_growth_year": null,
            "roe": -12.45,
            "roe_4q": -32.559999999999995,
            "gross_profit": -449000,
            "gross_margin": -32.03,
            "gross_margin_4q_avg": -9.12,
            "net_income": -726000,
            "revenue": 1402000,
            "common_shares": 76000,
            "book_valuer_per_share": 6.72,
            "book_valuer_per_share_4q_avg": 7.66,
            "equity": 5484000,
            "current_ratio": 185.75,
            "debt_ratio": 56.74,
            "inventory_turnover_ratio": 1.7,
            "account_receivable_turnover_ratio": 1.36,
            "reinvestment_rate": -205.13,
            "research_to_sale_ratio": 12.7,
            "price_fair": 20.53,
            "eps_avg_yearly": 0.59,
            "eps_latest_yearly": 0.6,
            "eps_growth_yearly": 134.06
        },
        "20092": {
            "year_quarter": 20092,
            "year": 2009,
            "quarter": 2,
            "eps": -0.63,
            "eps_growth_year": null,
            "eps_4q": -2.16,
            "eps_4q_growth_year": null,
            "roe": -14.82,
            "roe_4q": -36.55,
            "gross_profit": -267000,
            "gross_margin": -26.89,
            "gross_margin_4q_avg": -15.05,
            "net_income": -758000,
            "revenue": 993000,
            "common_shares": 78000,
            "book_valuer_per_share": 5.61,
            "book_valuer_per_share_4q_avg": 6.99,
            "equity": 4742000,
            "current_ratio": 154.12,
            "debt_ratio": 58.86,
            "inventory_turnover_ratio": 1.45,
            "account_receivable_turnover_ratio": 1.18,
            "reinvestment_rate": -119.97,
            "research_to_sale_ratio": 16.92,
            "price_fair": 19.88,
            "eps_avg_yearly": 0.57,
            "eps_latest_yearly": 0.6,
            "eps_growth_yearly": 181.75
        },
        "20093": {
            "year_quarter": 20093,
            "year": 2009,
            "quarter": 3,
            "eps": -0.11,
            "eps_growth_year": null,
            "eps_4q": -1.97,
            "eps_4q_growth_year": null,
            "roe": -6.12,
            "roe_4q": -38.99,
            "gross_profit": 107000,
            "gross_margin": 9.67,
            "gross_margin_4q_avg": -13.44,
            "net_income": -289000,
            "revenue": 1106000,
            "common_shares": 85000,
            "book_valuer_per_share": 5.13,
            "book_valuer_per_share_4q_avg": 6.28,
            "equity": 4697000,
            "current_ratio": 171.4,
            "debt_ratio": 59.73,
            "inventory_turnover_ratio": 1.08,
            "account_receivable_turnover_ratio": 1.58,
            "reinvestment_rate": -101.23,
            "research_to_sale_ratio": 14.65,
            "price_fair": 19.88,
            "eps_avg_yearly": 0.57,
            "eps_latest_yearly": 0.6,
            "eps_growth_yearly": 181.75
        },
        "20094": {
            "year_quarter": 20094,
            "year": 2009,
            "quarter": 4,
            "eps": -0.78,
            "eps_growth_year": null,
            "eps_4q": -2.32,
            "eps_4q_growth_year": null,
            "roe": -1.66,
            "roe_4q": -35.05,
            "gross_profit": 169000,
            "gross_margin": 12.98,
            "gross_margin_4q_avg": -9.07,
            "net_income": -80000,
            "revenue": 1302000,
            "common_shares": 85000,
            "book_valuer_per_share": 5.43,
            "book_valuer_per_share_4q_avg": 5.72,
            "equity": 4953000,
            "current_ratio": 176.74,
            "debt_ratio": 56.78,
            "inventory_turnover_ratio": 1.14,
            "account_receivable_turnover_ratio": 1.68,
            "reinvestment_rate": -83.74,
            "research_to_sale_ratio": 10.68,
            "price_fair": 19.88,
            "eps_avg_yearly": 0.57,
            "eps_latest_yearly": 0.6,
            "eps_growth_yearly": 181.75
        },
        "20101": {
            "year_quarter": 20101,
            "year": 2010,
            "quarter": 1,
            "eps": 0.22,
            "eps_growth_year": null,
            "eps_4q": -1.3,
            "eps_4q_growth_year": null,
            "roe": 4.32,
            "roe_4q": -18.28,
            "gross_profit": 443000,
            "gross_margin": 25.46,
            "gross_margin_4q_avg": 5.31,
            "net_income": 219000,
            "revenue": 1740000,
            "common_shares": 85000,
            "book_valuer_per_share": 5.72,
            "book_valuer_per_share_4q_avg": 5.47,
            "equity": 5195000,
            "current_ratio": 168.11,
            "debt_ratio": 55.7,
            "inventory_turnover_ratio": 1.28,
            "account_receivable_turnover_ratio": 1.84,
            "reinvestment_rate": -81.55,
            "research_to_sale_ratio": 7.87,
            "price_fair": 21.7,
            "eps_avg_yearly": 0.62,
            "eps_latest_yearly": 0.6,
            "eps_growth_yearly": 198.61
        },
        "20102": {
            "year_quarter": 20102,
            "year": 2010,
            "quarter": 2,
            "eps": 0.38,
            "eps_growth_year": null,
            "eps_4q": -0.29,
            "eps_4q_growth_year": null,
            "roe": 6.78,
            "roe_4q": 3.320000000000001,
            "gross_profit": 642000,
            "gross_margin": 32.74,
            "gross_margin_4q_avg": 20.21,
            "net_income": 366000,
            "revenue": 1961000,
            "common_shares": 86000,
            "book_valuer_per_share": 6.17,
            "book_valuer_per_share_4q_avg": 5.61,
            "equity": 5602000,
            "current_ratio": 181.98,
            "debt_ratio": 53.13,
            "inventory_turnover_ratio": 1.25,
            "account_receivable_turnover_ratio": 1.81,
            "reinvestment_rate": -57.58,
            "research_to_sale_ratio": 7.55,
            "price_fair": 25.55,
            "eps_avg_yearly": 0.73,
            "eps_latest_yearly": 1.52,
            "eps_growth_yearly": 71.34
        },
        "20103": {
            "year_quarter": 20103,
            "year": 2010,
            "quarter": 3,
            "eps": 0.65,
            "eps_growth_year": null,
            "eps_4q": 0.47,
            "eps_4q_growth_year": null,
            "roe": 14.74,
            "roe_4q": 24.18,
            "gross_profit": 848000,
            "gross_margin": 37.06,
            "gross_margin_4q_avg": 27.06,
            "net_income": 979000,
            "revenue": 2288000,
            "common_shares": 99000,
            "book_valuer_per_share": 7.38,
            "book_valuer_per_share_4q_avg": 6.18,
            "equity": 7680000,
            "current_ratio": 219.23,
            "debt_ratio": 46.58,
            "inventory_turnover_ratio": 1.02,
            "account_receivable_turnover_ratio": 1.73,
            "reinvestment_rate": -89.19,
            "research_to_sale_ratio": 6.21,
            "price_fair": 44.1,
            "eps_avg_yearly": 1.26,
            "eps_latest_yearly": 2.6,
            "eps_growth_yearly": 197.95
        },
        "20104": {
            "year_quarter": 20104,
            "year": 2010,
            "quarter": 4,
            "eps": -0.03,
            "eps_growth_year": null,
            "eps_4q": 1.22,
            "eps_4q_growth_year": null,
            "roe": 4.78,
            "roe_4q": 30.62,
            "gross_profit": 781000,
            "gross_margin": 31.33,
            "gross_margin_4q_avg": 31.65,
            "net_income": 375000,
            "revenue": 2493000,
            "common_shares": 99000,
            "book_valuer_per_share": 7.74,
            "book_valuer_per_share_4q_avg": 6.75,
            "equity": 8020000,
            "current_ratio": 234.38,
            "debt_ratio": 45.42,
            "inventory_turnover_ratio": 0.97,
            "account_receivable_turnover_ratio": 1.61,
            "reinvestment_rate": -10.24,
            "research_to_sale_ratio": 7.9,
            "price_fair": 55.07,
            "eps_avg_yearly": 1.57,
            "eps_latest_yearly": 2.6,
            "eps_growth_yearly": 308.37
        },
        "20111": {
            "year_quarter": 20111,
            "year": 2011,
            "quarter": 1,
            "eps": 0.08,
            "eps_growth_year": -63.2,
            "eps_4q": 1.07,
            "eps_4q_growth_year": null,
            "roe": 2.44,
            "roe_4q": 28.740000000000002,
            "gross_profit": 524000,
            "gross_margin": 23.27,
            "gross_margin_4q_avg": 31.1,
            "net_income": 198000,
            "revenue": 2252000,
            "common_shares": 100000,
            "book_valuer_per_share": 7.94,
            "book_valuer_per_share_4q_avg": 7.31,
            "equity": 8226000,
            "current_ratio": 209.68,
            "debt_ratio": 43.72,
            "inventory_turnover_ratio": 0.94,
            "account_receivable_turnover_ratio": 1.56,
            "reinvestment_rate": -1.94,
            "research_to_sale_ratio": 8.21,
            "price_fair": 72.1,
            "eps_avg_yearly": 2.06,
            "eps_latest_yearly": 2.6,
            "eps_growth_yearly": 287.56
        },
        "20112": {
            "year_quarter": 20112,
            "year": 2011,
            "quarter": 2,
            "eps": 0.02,
            "eps_growth_year": -95.63,
            "eps_4q": 0.71,
            "eps_4q_growth_year": null,
            "roe": 1.47,
            "roe_4q": 23.43,
            "gross_profit": 435000,
            "gross_margin": 19.27,
            "gross_margin_4q_avg": 27.73,
            "net_income": 123000,
            "revenue": 2257000,
            "common_shares": 100000,
            "book_valuer_per_share": 8.15,
            "book_valuer_per_share_4q_avg": 7.8,
            "equity": 8462000,
            "current_ratio": 218.3,
            "debt_ratio": 41.23,
            "inventory_turnover_ratio": 0.95,
            "account_receivable_turnover_ratio": 1.64,
            "reinvestment_rate": 17.62,
            "research_to_sale_ratio": 8.24,
            "price_fair": 49,
            "eps_avg_yearly": 1.4,
            "eps_latest_yearly": 0.08,
            "eps_growth_yearly": 91.71
        },
        "20113": {
            "year_quarter": 20113,
            "year": 2011,
            "quarter": 3,
            "eps": 0.02,
            "eps_growth_year": -97.19,
            "eps_4q": 0.08,
            "eps_4q_growth_year": -81.97,
            "roe": 1.42,
            "roe_4q": 10.11,
            "gross_profit": 478000,
            "gross_margin": 22.35,
            "gross_margin_4q_avg": 24.06,
            "net_income": 121000,
            "revenue": 2139000,
            "common_shares": 100000,
            "book_valuer_per_share": 8.13,
            "book_valuer_per_share_4q_avg": 7.99,
            "equity": 8583000,
            "current_ratio": 233.58,
            "debt_ratio": 41.09,
            "inventory_turnover_ratio": 0.83,
            "account_receivable_turnover_ratio": 1.48,
            "reinvestment_rate": 52.24,
            "research_to_sale_ratio": 9.86,
            "price_fair": 37.45,
            "eps_avg_yearly": 1.07,
            "eps_latest_yearly": 0.08,
            "eps_growth_yearly": 68.78
        },
        "20114": {
            "year_quarter": 20114,
            "year": 2011,
            "quarter": 4,
            "eps": -0.19,
            "eps_growth_year": null,
            "eps_4q": -0.07,
            "eps_4q_growth_year": -105.73,
            "roe": -1.1,
            "roe_4q": 4.2299999999999995,
            "gross_profit": 321000,
            "gross_margin": 15,
            "gross_margin_4q_avg": 19.97,
            "net_income": -94000,
            "revenue": 2140000,
            "common_shares": 98000,
            "book_valuer_per_share": 8.18,
            "book_valuer_per_share_4q_avg": 8.1,
            "equity": 8470000,
            "current_ratio": 235.16,
            "debt_ratio": 42.58,
            "inventory_turnover_ratio": 0.88,
            "account_receivable_turnover_ratio": 1.43,
            "reinvestment_rate": 39.1,
            "research_to_sale_ratio": 9.77,
            "price_fair": 37.45,
            "eps_avg_yearly": 1.07,
            "eps_latest_yearly": 0.08,
            "eps_growth_yearly": 68.78
        },
        "20121": {
            "year_quarter": 20121,
            "year": 2012,
            "quarter": 1,
            "eps": -0.19,
            "eps_growth_year": -329.41,
            "eps_4q": -0.34,
            "eps_4q_growth_year": -131.87,
            "roe": -1.35,
            "roe_4q": 0.4399999999999997,
            "gross_profit": 305000,
            "gross_margin": 14.59,
            "gross_margin_4q_avg": 17.8,
            "net_income": -113000,
            "revenue": 2090000,
            "common_shares": 99000,
            "book_valuer_per_share": 7.97,
            "book_valuer_per_share_4q_avg": 8.11,
            "equity": 8271000,
            "current_ratio": 271.7,
            "debt_ratio": 41.8,
            "inventory_turnover_ratio": 0.85,
            "account_receivable_turnover_ratio": 1.45,
            "reinvestment_rate": 69.55,
            "research_to_sale_ratio": 11,
            "price_fair": 37.45,
            "eps_avg_yearly": 1.07,
            "eps_latest_yearly": 0.08,
            "eps_growth_yearly": 68.78
        },
        "20122": {
            "year_quarter": 20122,
            "year": 2012,
            "quarter": 2,
            "eps": -0.28,
            "eps_growth_year": -1813.78,
            "eps_4q": -0.64,
            "eps_4q_growth_year": -190.3,
            "roe": -2.57,
            "roe_4q": -3.5999999999999996,
            "gross_profit": 210000,
            "gross_margin": 10.45,
            "gross_margin_4q_avg": 15.6,
            "net_income": -209000,
            "revenue": 2009000,
            "common_shares": 99000,
            "book_valuer_per_share": 7.67,
            "book_valuer_per_share_4q_avg": 7.99,
            "equity": 7986000,
            "current_ratio": 269.22,
            "debt_ratio": 43.52,
            "inventory_turnover_ratio": 0.86,
            "account_receivable_turnover_ratio": 1.53,
            "reinvestment_rate": 189.15,
            "research_to_sale_ratio": 11.05,
            "price_fair": 37.45,
            "eps_avg_yearly": 1.07,
            "eps_latest_yearly": 0.08,
            "eps_growth_yearly": 68.78
        },
        "20123": {
            "year_quarter": 20123,
            "year": 2012,
            "quarter": 3,
            "eps": -0.32,
            "eps_growth_year": -1852.15,
            "eps_4q": -0.98,
            "eps_4q_growth_year": -1266.42,
            "roe": -2.6,
            "roe_4q": -7.619999999999999,
            "gross_profit": 234000,
            "gross_margin": 10.77,
            "gross_margin_4q_avg": 12.7,
            "net_income": -205000,
            "revenue": 2172000,
            "common_shares": 99000,
            "book_valuer_per_share": 7.47,
            "book_valuer_per_share_4q_avg": 7.82,
            "equity": 7811000,
            "current_ratio": 258.61,
            "debt_ratio": 45.44,
            "inventory_turnover_ratio": 0.98,
            "account_receivable_turnover_ratio": 1.69,
            "reinvestment_rate": 195.77,
            "research_to_sale_ratio": 10.64,
            "price_fair": 37.45,
            "eps_avg_yearly": 1.07,
            "eps_latest_yearly": 0.08,
            "eps_growth_yearly": 68.78
        },
        "20124": {
            "year_quarter": 20124,
            "year": 2012,
            "quarter": 4,
            "eps": -0.24,
            "eps_growth_year": null,
            "eps_4q": -1.04,
            "eps_4q_growth_year": null,
            "roe": -2.71,
            "roe_4q": -9.23,
            "gross_profit": 219000,
            "gross_margin": 11.16,
            "gross_margin_4q_avg": 11.74,
            "net_income": -210000,
            "revenue": 1963000,
            "common_shares": 102000,
            "book_valuer_per_share": 7.2,
            "book_valuer_per_share_4q_avg": 7.58,
            "equity": 7700000,
            "current_ratio": 256.71,
            "debt_ratio": 46.26,
            "inventory_turnover_ratio": 0.94,
            "account_receivable_turnover_ratio": 1.5,
            "reinvestment_rate": 301.76,
            "research_to_sale_ratio": 11.97,
            "price_fair": 37.45,
            "eps_avg_yearly": 1.07,
            "eps_latest_yearly": 0.08,
            "eps_growth_yearly": 68.78
        },
        "20131": {
            "year_quarter": 20131,
            "year": 2013,
            "quarter": 1,
            "eps": -0.29,
            "eps_growth_year": null,
            "eps_4q": -1.13,
            "eps_4q_growth_year": null,
            "roe": -2.94,
            "roe_4q": -10.82,
            "gross_profit": 217000,
            "gross_margin": 11.83,
            "gross_margin_4q_avg": 11.05,
            "net_income": -223000,
            "revenue": 1834000,
            "common_shares": 102000,
            "book_valuer_per_share": 6.96,
            "book_valuer_per_share_4q_avg": 7.33,
            "equity": 7469000,
            "current_ratio": 248.6,
            "debt_ratio": 46.9,
            "inventory_turnover_ratio": 0.89,
            "account_receivable_turnover_ratio": 1.51,
            "reinvestment_rate": -120.45,
            "research_to_sale_ratio": 12.21,
            "price_fair": 37.45,
            "eps_avg_yearly": 1.07,
            "eps_latest_yearly": 0.08,
            "eps_growth_yearly": 68.78
        },
        "20132": {
            "year_quarter": 20132,
            "year": 2013,
            "quarter": 2,
            "eps": -0.23,
            "eps_growth_year": null,
            "eps_4q": -1.08,
            "eps_4q_growth_year": null,
            "roe": -3.07,
            "roe_4q": -11.319999999999999,
            "gross_profit": 366000,
            "gross_margin": 17.61,
            "gross_margin_4q_avg": 12.84,
            "net_income": -226000,
            "revenue": 2078000,
            "common_shares": 103000,
            "book_valuer_per_share": 6.71,
            "book_valuer_per_share_4q_avg": 7.09,
            "equity": 7231000,
            "current_ratio": 253.38,
            "debt_ratio": 48.02,
            "inventory_turnover_ratio": 0.96,
            "account_receivable_turnover_ratio": 1.76,
            "reinvestment_rate": -4.2,
            "research_to_sale_ratio": 10.3,
            "price_fair": 37.45,
            "eps_avg_yearly": 1.07,
            "eps_latest_yearly": 0.08,
            "eps_growth_yearly": 68.78
        },
        "20133": {
            "year_quarter": 20133,
            "year": 2013,
            "quarter": 3,
            "eps": 0.08,
            "eps_growth_year": null,
            "eps_4q": -0.69,
            "eps_4q_growth_year": null,
            "roe": 0.73,
            "roe_4q": -7.989999999999999,
            "gross_profit": 556000,
            "gross_margin": 23.99,
            "gross_margin_4q_avg": 16.15,
            "net_income": 53000,
            "revenue": 2318000,
            "common_shares": 103000,
            "book_valuer_per_share": 6.76,
            "book_valuer_per_share_4q_avg": 6.91,
            "equity": 7328000,
            "current_ratio": 251.32,
            "debt_ratio": 47.86,
            "inventory_turnover_ratio": 1.02,
            "account_receivable_turnover_ratio": 1.7,
            "reinvestment_rate": 3.96,
            "research_to_sale_ratio": 9.75,
            "price_fair": 37.45,
            "eps_avg_yearly": 1.07,
            "eps_latest_yearly": 0.08,
            "eps_growth_yearly": 68.78
        },
        "20134": {
            "year_quarter": 20134,
            "year": 2013,
            "quarter": 4,
            "eps": 0.19,
            "eps_growth_year": null,
            "eps_4q": -0.26,
            "eps_4q_growth_year": null,
            "roe": 20.32,
            "roe_4q": 15.040000000000001,
            "gross_profit": 708000,
            "gross_margin": 24.9,
            "gross_margin_4q_avg": 19.58,
            "net_income": 1673000,
            "revenue": 2843000,
            "common_shares": 104000,
            "book_valuer_per_share": 8.38,
            "book_valuer_per_share_4q_avg": 7.2,
            "equity": 9142000,
            "current_ratio": 216.02,
            "debt_ratio": 52.18,
            "inventory_turnover_ratio": 0.97,
            "account_receivable_turnover_ratio": 1.48,
            "reinvestment_rate": 44.03,
            "research_to_sale_ratio": 9.39,
            "price_fair": 35.28,
            "eps_avg_yearly": 1.01,
            "eps_latest_yearly": 0.76,
            "eps_growth_yearly": 165.02
        },
        "20141": {
            "year_quarter": 20141,
            "year": 2014,
            "quarter": 1,
            "eps": 0.51,
            "eps_growth_year": null,
            "eps_4q": 0.54,
            "eps_4q_growth_year": null,
            "roe": 3.21,
            "roe_4q": 21.19,
            "gross_profit": 1281000,
            "gross_margin": 31.69,
            "gross_margin_4q_avg": 24.55,
            "net_income": 295000,
            "revenue": 4042000,
            "common_shares": 106000,
            "book_valuer_per_share": 8.37,
            "book_valuer_per_share_4q_avg": 7.56,
            "equity": 9219000,
            "current_ratio": 207.6,
            "debt_ratio": 53.43,
            "inventory_turnover_ratio": 1.08,
            "account_receivable_turnover_ratio": 1.57,
            "reinvestment_rate": 54.69,
            "research_to_sale_ratio": 7.92,
            "price_fair": 41.3,
            "eps_avg_yearly": 1.18,
            "eps_latest_yearly": 2.04,
            "eps_growth_yearly": 249.8
        },
        "20142": {
            "year_quarter": 20142,
            "year": 2014,
            "quarter": 2,
            "eps": 0.69,
            "eps_growth_year": null,
            "eps_4q": 1.46,
            "eps_4q_growth_year": null,
            "roe": 6.56,
            "roe_4q": 30.82,
            "gross_profit": 1403000,
            "gross_margin": 34.16,
            "gross_margin_4q_avg": 28.69,
            "net_income": 607000,
            "revenue": 4107000,
            "common_shares": 107000,
            "book_valuer_per_share": 8.33,
            "book_valuer_per_share_4q_avg": 7.96,
            "equity": 9284000,
            "current_ratio": 188.33,
            "debt_ratio": 54.96,
            "inventory_turnover_ratio": 1.1,
            "account_receivable_turnover_ratio": 1.45,
            "reinvestment_rate": 42.68,
            "research_to_sale_ratio": 8.38,
            "price_fair": 48.53,
            "eps_avg_yearly": 1.39,
            "eps_latest_yearly": 2.76,
            "eps_growth_yearly": 224.85
        },
        "20143": {
            "year_quarter": 20143,
            "year": 2014,
            "quarter": 3,
            "eps": 0.69,
            "eps_growth_year": 818.72,
            "eps_4q": 2.08,
            "eps_4q_growth_year": null,
            "roe": 6.98,
            "roe_4q": 37.07,
            "gross_profit": 1368000,
            "gross_margin": 34.35,
            "gross_margin_4q_avg": 31.28,
            "net_income": 671000,
            "revenue": 3982000,
            "common_shares": 107000,
            "book_valuer_per_share": 8.97,
            "book_valuer_per_share_4q_avg": 8.51,
            "equity": 9940000,
            "current_ratio": 203.89,
            "debt_ratio": 51.5,
            "inventory_turnover_ratio": 1.05,
            "account_receivable_turnover_ratio": 1.44,
            "reinvestment_rate": 74.91,
            "research_to_sale_ratio": 8.76,
            "price_fair": 49.47,
            "eps_avg_yearly": 1.41,
            "eps_latest_yearly": 2.76,
            "eps_growth_yearly": 177.48
        },
        "20144": {
            "year_quarter": 20144,
            "year": 2014,
            "quarter": 4,
            "eps": 1.01,
            "eps_growth_year": 438.88,
            "eps_4q": 2.9,
            "eps_4q_growth_year": null,
            "roe": 9.97,
            "roe_4q": 26.720000000000002,
            "gross_profit": 1385000,
            "gross_margin": 32.77,
            "gross_margin_4q_avg": 33.24,
            "net_income": 1032000,
            "revenue": 4227000,
            "common_shares": 107000,
            "book_valuer_per_share": 9.6,
            "book_valuer_per_share_4q_avg": 8.82,
            "equity": 10771000,
            "current_ratio": 212.95,
            "debt_ratio": 52.12,
            "inventory_turnover_ratio": 1.14,
            "account_receivable_turnover_ratio": 1.5,
            "reinvestment_rate": 80.08,
            "research_to_sale_ratio": 8.47,
            "price_fair": 62.6,
            "eps_avg_yearly": 1.79,
            "eps_latest_yearly": 4.04,
            "eps_growth_yearly": 178.62
        },
        "20151": {
            "year_quarter": 20151,
            "year": 2015,
            "quarter": 1,
            "eps": 0.86,
            "eps_growth_year": 69.14,
            "eps_4q": 3.25,
            "eps_4q_growth_year": 502.35,
            "roe": 7.82,
            "roe_4q": 31.33,
            "gross_profit": 1638000,
            "gross_margin": 35.82,
            "gross_margin_4q_avg": 34.28,
            "net_income": 878000,
            "revenue": 4573000,
            "common_shares": 108000,
            "book_valuer_per_share": 10.44,
            "book_valuer_per_share_4q_avg": 9.34,
            "equity": 11678000,
            "current_ratio": 218.87,
            "debt_ratio": 48.19,
            "inventory_turnover_ratio": 1.2,
            "account_receivable_turnover_ratio": 1.64,
            "reinvestment_rate": 87.72,
            "research_to_sale_ratio": 8.22,
            "price_fair": 69.83,
            "eps_avg_yearly": 2,
            "eps_latest_yearly": 3.44,
            "eps_growth_yearly": 148.87
        },
        "20152": {
            "year_quarter": 20152,
            "year": 2015,
            "quarter": 2,
            "eps": 0.78,
            "eps_growth_year": 12.53,
            "eps_4q": 3.34,
            "eps_4q_growth_year": 128.08,
            "roe": 6.03,
            "roe_4q": 30.8,
            "gross_profit": 1405000,
            "gross_margin": 33.73,
            "gross_margin_4q_avg": 34.17,
            "net_income": 727000,
            "revenue": 4166000,
            "common_shares": 108000,
            "book_valuer_per_share": 11.16,
            "book_valuer_per_share_4q_avg": 10.04,
            "equity": 12426000,
            "current_ratio": 240.73,
            "debt_ratio": 47.83,
            "inventory_turnover_ratio": 1.14,
            "account_receivable_turnover_ratio": 1.54,
            "reinvestment_rate": 98.34,
            "research_to_sale_ratio": 9.1,
            "price_fair": 83.13,
            "eps_avg_yearly": 2.38,
            "eps_latest_yearly": 3.12,
            "eps_growth_yearly": 181.72
        },
        "20153": {
            "year_quarter": 20153,
            "year": 2015,
            "quarter": 3,
            "eps": 0.43,
            "eps_growth_year": -37.88,
            "eps_4q": 3.08,
            "eps_4q_growth_year": 47.98,
            "roe": 3.4,
            "roe_4q": 27.22,
            "gross_profit": 1202000,
            "gross_margin": 31.2,
            "gross_margin_4q_avg": 33.38,
            "net_income": 423000,
            "revenue": 3853000,
            "common_shares": 108000,
            "book_valuer_per_share": 11.18,
            "book_valuer_per_share_4q_avg": 10.6,
            "equity": 12458000,
            "current_ratio": 219.19,
            "debt_ratio": 50.44,
            "inventory_turnover_ratio": 1.11,
            "account_receivable_turnover_ratio": 1.46,
            "reinvestment_rate": 108.63,
            "research_to_sale_ratio": 10.54,
            "price_fair": 90.3,
            "eps_avg_yearly": 2.58,
            "eps_latest_yearly": 1.72,
            "eps_growth_yearly": 159.28
        },
        "20154": {
            "year_quarter": 20154,
            "year": 2015,
            "quarter": 4,
            "eps": 0.42,
            "eps_growth_year": -58.52,
            "eps_4q": 2.49,
            "eps_4q_growth_year": -14.29,
            "roe": 3.42,
            "roe_4q": 20.67,
            "gross_profit": 970000,
            "gross_margin": 26.94,
            "gross_margin_4q_avg": 31.92,
            "net_income": 424000,
            "revenue": 3600000,
            "common_shares": 108000,
            "book_valuer_per_share": 11.41,
            "book_valuer_per_share_4q_avg": 11.05,
            "equity": 12302000,
            "current_ratio": 220.13,
            "debt_ratio": 49.05,
            "inventory_turnover_ratio": 1.11,
            "account_receivable_turnover_ratio": 1.43,
            "reinvestment_rate": 109.6,
            "research_to_sale_ratio": 10.53,
            "price_fair": 86.8,
            "eps_avg_yearly": 2.48,
            "eps_latest_yearly": 1.68,
            "eps_growth_yearly": 140.55
        },
        "20161": {
            "year_quarter": 20161,
            "year": 2016,
            "quarter": 1,
            "eps": 0.2,
            "eps_growth_year": -76.61,
            "eps_4q": 1.83,
            "eps_4q_growth_year": -43.73,
            "roe": 1.19,
            "roe_4q": 14.04,
            "gross_profit": 849000,
            "gross_margin": 25.34,
            "gross_margin_4q_avg": 29.3,
            "net_income": 147000,
            "revenue": 3350000,
            "common_shares": 109000,
            "book_valuer_per_share": 11.37,
            "book_valuer_per_share_4q_avg": 11.28,
            "equity": 12301000,
            "current_ratio": 211.43,
            "debt_ratio": 49.56,
            "inventory_turnover_ratio": 1.05,
            "account_receivable_turnover_ratio": 1.42,
            "reinvestment_rate": 110.07,
            "research_to_sale_ratio": 12.57,
            "price_fair": 80.92,
            "eps_avg_yearly": 2.31,
            "eps_latest_yearly": 0.8,
            "eps_growth_yearly": 105.54
        },
        "20162": {
            "year_quarter": 20162,
            "year": 2016,
            "quarter": 2,
            "eps": -0.09,
            "eps_growth_year": -111.66,
            "eps_4q": 0.96,
            "eps_4q_growth_year": -71.33,
            "roe": -0.82,
            "roe_4q": 7.1899999999999995,
            "gross_profit": 579000,
            "gross_margin": 19.73,
            "gross_margin_4q_avg": 25.8,
            "net_income": -101000,
            "revenue": 2934000,
            "common_shares": 109000,
            "book_valuer_per_share": 11.33,
            "book_valuer_per_share_4q_avg": 11.32,
            "equity": 12264000,
            "current_ratio": 199.61,
            "debt_ratio": 50.59,
            "inventory_turnover_ratio": 0.93,
            "account_receivable_turnover_ratio": 1.4,
            "reinvestment_rate": 106,
            "research_to_sale_ratio": 13.74,
            "price_fair": 80.92,
            "eps_avg_yearly": 2.31,
            "eps_latest_yearly": 0.8,
            "eps_growth_yearly": 105.54
        },
        "20163": {
            "year_quarter": 20163,
            "year": 2016,
            "quarter": 3,
            "eps": -0.21,
            "eps_growth_year": -148.35,
            "eps_4q": 0.32,
            "eps_4q_growth_year": -89.58,
            "roe": -1.43,
            "roe_4q": 2.36,
            "gross_profit": 498000,
            "gross_margin": 17.18,
            "gross_margin_4q_avg": 22.3,
            "net_income": -175000,
            "revenue": 2898000,
            "common_shares": 109000,
            "book_valuer_per_share": 11.28,
            "book_valuer_per_share_4q_avg": 11.35,
            "equity": 12187000,
            "current_ratio": 224.67,
            "debt_ratio": 54.86,
            "inventory_turnover_ratio": 0.87,
            "account_receivable_turnover_ratio": 1.44,
            "reinvestment_rate": 122.2,
            "research_to_sale_ratio": 13.18,
            "price_fair": 80.92,
            "eps_avg_yearly": 2.31,
            "eps_latest_yearly": 0.8,
            "eps_growth_yearly": 105.54
        },
        "20164": {
            "year_quarter": 20164,
            "year": 2016,
            "quarter": 4,
            "eps": -0.14,
            "eps_growth_year": -132.36,
            "eps_4q": -0.23,
            "eps_4q_growth_year": -109.39,
            "roe": -1.41,
            "roe_4q": -2.4699999999999998,
            "gross_profit": 579000,
            "gross_margin": 18,
            "gross_margin_4q_avg": 20.06,
            "net_income": -171000,
            "revenue": 3217000,
            "common_shares": 109000,
            "book_valuer_per_share": 11.17,
            "book_valuer_per_share_4q_avg": 11.29,
            "equity": 12080000,
            "current_ratio": 196.38,
            "debt_ratio": 56.14,
            "inventory_turnover_ratio": 0.91,
            "account_receivable_turnover_ratio": 1.56,
            "reinvestment_rate": 138.23,
            "research_to_sale_ratio": 12.78,
            "price_fair": 80.92,
            "eps_avg_yearly": 2.31,
            "eps_latest_yearly": 0.8,
            "eps_growth_yearly": 105.54
        },
        "20171": {
            "year_quarter": 20171,
            "year": 2017,
            "quarter": 1,
            "eps": 0.19,
            "eps_growth_year": -6.45,
            "eps_4q": -0.25,
            "eps_4q_growth_year": -113.46,
            "roe": 1.49,
            "roe_4q": -2.17,
            "gross_profit": 1011000,
            "gross_margin": 25.47,
            "gross_margin_4q_avg": 20.1,
            "net_income": 182000,
            "revenue": 3970000,
            "common_shares": 110000,
            "book_valuer_per_share": 11.37,
            "book_valuer_per_share_4q_avg": 11.29,
            "equity": 12320000,
            "current_ratio": 171.37,
            "debt_ratio": 55.74,
            "inventory_turnover_ratio": 1.05,
            "account_receivable_turnover_ratio": 1.76,
            "reinvestment_rate": 139.97,
            "research_to_sale_ratio": 11.84,
            "price_fair": 80.92,
            "eps_avg_yearly": 2.31,
            "eps_latest_yearly": 0.8,
            "eps_growth_yearly": 105.54
        },
        "20172": {
            "year_quarter": 20172,
            "year": 2017,
            "quarter": 2,
            "eps": 0.72,
            "eps_growth_year": null,
            "eps_4q": 0.56,
            "eps_4q_growth_year": -41.51,
            "roe": 6.67,
            "roe_4q": 5.32,
            "gross_profit": 1704000,
            "gross_margin": 36.66,
            "gross_margin_4q_avg": 24.33,
            "net_income": 887000,
            "revenue": 4648000,
            "common_shares": 111000,
            "book_valuer_per_share": 11.46,
            "book_valuer_per_share_4q_avg": 11.32,
            "equity": 14287000,
            "current_ratio": 190.99,
            "debt_ratio": 55.84,
            "inventory_turnover_ratio": 1.02,
            "account_receivable_turnover_ratio": 1.74,
            "reinvestment_rate": 161.76,
            "research_to_sale_ratio": 10.18,
            "price_fair": 82.73,
            "eps_avg_yearly": 2.36,
            "eps_latest_yearly": 2.88,
            "eps_growth_yearly": 197.38
        },
        "20173": {
            "year_quarter": 20173,
            "year": 2017,
            "quarter": 3,
            "eps": 1.46,
            "eps_growth_year": null,
            "eps_4q": 2.23,
            "eps_4q_growth_year": 594.04,
            "roe": 10.8,
            "roe_4q": 17.549999999999997,
            "gross_profit": 2609000,
            "gross_margin": 46.87,
            "gross_margin_4q_avg": 31.75,
            "net_income": 1645000,
            "revenue": 5566000,
            "common_shares": 111000,
            "book_valuer_per_share": 13.1,
            "book_valuer_per_share_4q_avg": 11.78,
            "equity": 16171000,
            "current_ratio": 214.33,
            "debt_ratio": 51.39,
            "inventory_turnover_ratio": 0.98,
            "account_receivable_turnover_ratio": 1.74,
            "reinvestment_rate": 119.58,
            "research_to_sale_ratio": 7.8,
            "price_fair": 92.87,
            "eps_avg_yearly": 2.65,
            "eps_latest_yearly": 5.84,
            "eps_growth_yearly": 215.19
        },
        "20174": {
            "year_quarter": 20174,
            "year": 2017,
            "quarter": 4,
            "eps": 2,
            "eps_growth_year": null,
            "eps_4q": 4.36,
            "eps_4q_growth_year": null,
            "roe": 13.61,
            "roe_4q": 32.57,
            "gross_profit": 3112000,
            "gross_margin": 50.7,
            "gross_margin_4q_avg": 39.93,
            "net_income": 2368000,
            "revenue": 6138000,
            "common_shares": 112000,
            "book_valuer_per_share": 15.29,
            "book_valuer_per_share_4q_avg": 12.81,
            "equity": 18621000,
            "current_ratio": 233.54,
            "debt_ratio": 47.3,
            "inventory_turnover_ratio": 0.98,
            "account_receivable_turnover_ratio": 1.69,
            "reinvestment_rate": 114.46,
            "research_to_sale_ratio": 7.28,
            "price_fair": 113.98,
            "eps_avg_yearly": 3.26,
            "eps_latest_yearly": 8,
            "eps_growth_yearly": 181.69
        },
        "20181": {
            "year_quarter": 20181,
            "year": 2018,
            "quarter": 1,
            "eps": 2.34,
            "eps_growth_year": 1146.04,
            "eps_4q": 6.51,
            "eps_4q_growth_year": null,
            "roe": 13.02,
            "roe_4q": 44.1,
            "gross_profit": 3747000,
            "gross_margin": 55.08,
            "gross_margin_4q_avg": 47.33,
            "net_income": 2678000,
            "revenue": 6803000,
            "common_shares": 116000,
            "book_valuer_per_share": 18.14,
            "book_valuer_per_share_4q_avg": 14.5,
            "equity": 22526000,
            "current_ratio": 239.26,
            "debt_ratio": 39.43,
            "inventory_turnover_ratio": 0.97,
            "account_receivable_turnover_ratio": 1.79,
            "reinvestment_rate": 98.14,
            "research_to_sale_ratio": 6.59,
            "price_fair": 135.33,
            "eps_avg_yearly": 3.87,
            "eps_latest_yearly": 9.36,
            "eps_growth_yearly": 131.22
        },
        "20182": {
            "year_quarter": 20182,
            "year": 2018,
            "quarter": 2,
            "eps": 2.8,
            "eps_growth_year": 291.05,
            "eps_4q": 8.59,
            "eps_4q_growth_year": 1433.83,
            "roe": 14.27,
            "roe_4q": 51.7,
            "gross_profit": 4270000,
            "gross_margin": 58.09,
            "gross_margin_4q_avg": 52.69,
            "net_income": 3441000,
            "revenue": 7351000,
            "common_shares": 116000,
            "book_valuer_per_share": 20.83,
            "book_valuer_per_share_4q_avg": 16.84,
            "equity": 25697000,
            "current_ratio": 258.13,
            "debt_ratio": 37.72,
            "inventory_turnover_ratio": 0.97,
            "account_receivable_turnover_ratio": 1.79,
            "reinvestment_rate": 86.44,
            "research_to_sale_ratio": 7.11,
            "price_fair": 159.95,
            "eps_avg_yearly": 4.57,
            "eps_latest_yearly": 11.2,
            "eps_growth_yearly": 126
        },
        "20183": {
            "year_quarter": 20183,
            "year": 2018,
            "quarter": 3,
            "eps": 3.05,
            "eps_growth_year": 109.02,
            "eps_4q": 10.18,
            "eps_4q_growth_year": 357.37,
            "roe": 13.26,
            "roe_4q": 54.16,
            "gross_profit": 4723000,
            "gross_margin": 60.57,
            "gross_margin_4q_avg": 56.11,
            "net_income": 3603000,
            "revenue": 7797000,
            "common_shares": 117000,
            "book_valuer_per_share": 23.35,
            "book_valuer_per_share_4q_avg": 19.4,
            "equity": 28649000,
            "current_ratio": 263.45,
            "debt_ratio": 31.54,
            "inventory_turnover_ratio": 0.94,
            "account_receivable_turnover_ratio": 1.68,
            "reinvestment_rate": 70.69,
            "research_to_sale_ratio": 7.73,
            "price_fair": 187.48,
            "eps_avg_yearly": 5.36,
            "eps_latest_yearly": 12.2,
            "eps_growth_yearly": 128.98
        },
        "20184": {
            "year_quarter": 20184,
            "year": 2018,
            "quarter": 4,
            "eps": 3.51,
            "eps_growth_year": 75.77,
            "eps_4q": 11.69,
            "eps_4q_growth_year": 168.36,
            "roe": 13.92,
            "roe_4q": 54.47,
            "gross_profit": 5151000,
            "gross_margin": 61.03,
            "gross_margin_4q_avg": 58.69,
            "net_income": 4243000,
            "revenue": 8440000,
            "common_shares": 117000,
            "book_valuer_per_share": 26.47,
            "book_valuer_per_share_4q_avg": 22.2,
            "equity": 32294000,
            "current_ratio": 278.75,
            "debt_ratio": 25.55,
            "inventory_turnover_ratio": 0.94,
            "account_receivable_turnover_ratio": 1.62,
            "reinvestment_rate": 60.63,
            "research_to_sale_ratio": 6.72,
            "price_fair": 216.65,
            "eps_avg_yearly": 6.19,
            "eps_latest_yearly": 14.04,
            "eps_growth_yearly": 118.55
        },
        "20191": {
            "year_quarter": 20191,
            "year": 2019,
            "quarter": 1,
            "eps": 2.89,
            "eps_growth_year": 23.45,
            "eps_4q": 12.24,
            "eps_4q_growth_year": 88.08,
            "roe": 10.11,
            "roe_4q": 51.56,
            "gross_profit": 4615000,
            "gross_margin": 58.32,
            "gross_margin_4q_avg": 59.5,
            "net_income": 3343000,
            "revenue": 7913000,
            "common_shares": 117000,
            "book_valuer_per_share": 28.83,
            "book_valuer_per_share_4q_avg": 24.87,
            "equity": 33869000,
            "current_ratio": 289.82,
            "debt_ratio": 24.05,
            "inventory_turnover_ratio": 0.88,
            "account_receivable_turnover_ratio": 1.45,
            "reinvestment_rate": 59.27,
            "research_to_sale_ratio": 7.72,
            "price_fair": 240.33,
            "eps_avg_yearly": 6.87,
            "eps_latest_yearly": 11.56,
            "eps_growth_yearly": 117.61
        },
        "20192": {
            "year_quarter": 20192,
            "year": 2019,
            "quarter": 2,
            "eps": 1.53,
            "eps_growth_year": -45.31,
            "eps_4q": 10.97,
            "eps_4q_growth_year": 27.74,
            "roe": 4.71,
            "roe_4q": 42,
            "gross_profit": 2864000,
            "gross_margin": 49.08,
            "gross_margin_4q_avg": 57.25,
            "net_income": 1610000,
            "revenue": 5835000,
            "common_shares": 118000,
            "book_valuer_per_share": 29.83,
            "book_valuer_per_share_4q_avg": 27.12,
            "equity": 34567000,
            "current_ratio": 224.83,
            "debt_ratio": 27.21,
            "inventory_turnover_ratio": 0.72,
            "account_receivable_turnover_ratio": 1.19,
            "reinvestment_rate": 57.68,
            "research_to_sale_ratio": 10.3,
            "price_fair": 249.08,
            "eps_avg_yearly": 7.12,
            "eps_latest_yearly": 6.12,
            "eps_growth_yearly": 105.03
        },
        "20193": {
            "year_quarter": 20193,
            "year": 2019,
            "quarter": 3,
            "eps": 0.91,
            "eps_growth_year": -70.22,
            "eps_4q": 8.83,
            "eps_4q_growth_year": -13.23,
            "roe": 2.32,
            "roe_4q": 31.060000000000002,
            "gross_profit": 1828000,
            "gross_margin": 38.18,
            "gross_margin_4q_avg": 51.65,
            "net_income": 809000,
            "revenue": 4788000,
            "common_shares": 118000,
            "book_valuer_per_share": 30.58,
            "book_valuer_per_share_4q_avg": 28.93,
            "equity": 35323000,
            "current_ratio": 279.16,
            "debt_ratio": 23.69,
            "inventory_turnover_ratio": 0.64,
            "account_receivable_turnover_ratio": 1.25,
            "reinvestment_rate": 57.13,
            "research_to_sale_ratio": 12.66,
            "price_fair": 254.68,
            "eps_avg_yearly": 7.28,
            "eps_latest_yearly": 3.64,
            "eps_growth_yearly": 106.48
        },
        "20194": {
            "year_quarter": 20194,
            "year": 2019,
            "quarter": 4,
            "eps": 0.51,
            "eps_growth_year": -85.35,
            "eps_4q": 5.84,
            "eps_4q_growth_year": -50.06,
            "roe": 1.64,
            "roe_4q": 18.78,
            "gross_profit": 1395000,
            "gross_margin": 28.64,
            "gross_margin_4q_avg": 43.56,
            "net_income": 583000,
            "revenue": 4870000,
            "common_shares": 118000,
            "book_valuer_per_share": 31.02,
            "book_valuer_per_share_4q_avg": 30.07,
            "equity": 35881000,
            "current_ratio": 258.26,
            "debt_ratio": 26.6,
            "inventory_turnover_ratio": 0.69,
            "account_receivable_turnover_ratio": 1.51,
            "reinvestment_rate": 60.54,
            "research_to_sale_ratio": 12.79,
            "price_fair": 255.73,
            "eps_avg_yearly": 7.31,
            "eps_latest_yearly": 2.04,
            "eps_growth_yearly": 92.6
        },
        "20201": {
            "year_quarter": 20201,
            "year": 2020,
            "quarter": 1,
            "eps": 0.4,
            "eps_growth_year": -86.18,
            "eps_4q": 3.35,
            "eps_4q_growth_year": -72.63,
            "roe": 1.4,
            "roe_4q": 10.07,
            "gross_profit": 1366000,
            "gross_margin": 26.56,
            "gross_margin_4q_avg": 35.62,
            "net_income": 506000,
            "revenue": 5144000,
            "common_shares": 119000,
            "book_valuer_per_share": 31.53,
            "book_valuer_per_share_4q_avg": 30.74,
            "equity": 36500000,
            "current_ratio": 255.93,
            "debt_ratio": 26.48,
            "inventory_turnover_ratio": 0.75,
            "account_receivable_turnover_ratio": 1.56,
            "reinvestment_rate": 63.77,
            "research_to_sale_ratio": 12.44,
            "price_fair": 258.07,
            "eps_avg_yearly": 7.37,
            "eps_latest_yearly": 1.6,
            "eps_growth_yearly": 102.87
        },
        "20202": {
            "year_quarter": 20202,
            "year": 2020,
            "quarter": 2,
            "eps": 0.37,
            "eps_growth_year": -76.08,
            "eps_4q": 2.19,
            "eps_4q_growth_year": -80.07,
            "roe": 1.1,
            "roe_4q": 6.459999999999999,
            "gross_profit": 1355000,
            "gross_margin": 28.25,
            "gross_margin_4q_avg": 30.41,
            "net_income": 406000,
            "revenue": 4797000,
            "common_shares": 119000,
            "book_valuer_per_share": 31.89,
            "book_valuer_per_share_4q_avg": 31.26,
            "equity": 37023000,
            "current_ratio": 274.41,
            "debt_ratio": 25.43,
            "inventory_turnover_ratio": 0.68,
            "account_receivable_turnover_ratio": 1.48,
            "reinvestment_rate": 59.93,
            "research_to_sale_ratio": 14.2,
            "price_fair": 242.2,
            "eps_avg_yearly": 6.92,
            "eps_latest_yearly": 1.48,
            "eps_growth_yearly": 92.65
        },
        "20203": {
            "year_quarter": 20203,
            "year": 2020,
            "quarter": 3,
            "eps": 0.72,
            "eps_growth_year": -21.11,
            "eps_4q": 1.99,
            "eps_4q_growth_year": -77.41,
            "roe": 2.14,
            "roe_4q": 6.28,
            "gross_profit": 1763000,
            "gross_margin": 32.42,
            "gross_margin_4q_avg": 28.97,
            "net_income": 802000,
            "revenue": 5438000,
            "common_shares": 119000,
            "book_valuer_per_share": 32.61,
            "book_valuer_per_share_4q_avg": 31.76,
            "equity": 37820000,
            "current_ratio": 289.39,
            "debt_ratio": 27.28,
            "inventory_turnover_ratio": 0.69,
            "account_receivable_turnover_ratio": 1.64,
            "reinvestment_rate": 54.78,
            "research_to_sale_ratio": 11.93,
            "price_fair": 232.1,
            "eps_avg_yearly": 6.63,
            "eps_latest_yearly": 2.88,
            "eps_growth_yearly": 113.06
        },
        "20204": {
            "year_quarter": 20204,
            "year": 2020,
            "quarter": 4,
            "eps": 0.91,
            "eps_growth_year": 76.98,
            "eps_4q": 2.39,
            "eps_4q_growth_year": -59.06,
            "roe": 2.57,
            "roe_4q": 7.210000000000001,
            "gross_profit": 2068000,
            "gross_margin": 34.15,
            "gross_margin_4q_avg": 30.35,
            "net_income": 989000,
            "revenue": 6056000,
            "common_shares": 119000,
            "book_valuer_per_share": 33.63,
            "book_valuer_per_share_4q_avg": 32.42,
            "equity": 38996000,
            "current_ratio": 270.76,
            "debt_ratio": 27.35,
            "inventory_turnover_ratio": 0.72,
            "account_receivable_turnover_ratio": 1.61,
            "reinvestment_rate": 56.04,
            "research_to_sale_ratio": 10.4,
            "price_fair": 225.12,
            "eps_avg_yearly": 6.43,
            "eps_latest_yearly": 3.64,
            "eps_growth_yearly": 112.56
        },
        "20211": {
            "year_quarter": 20211,
            "year": 2021,
            "quarter": 1,
            "eps": 0.71,
            "eps_growth_year": 79,
            "eps_4q": 2.71,
            "eps_4q_growth_year": -19.25,
            "roe": 2,
            "roe_4q": 7.8100000000000005,
            "gross_profit": 1736000,
            "gross_margin": 30.07,
            "gross_margin_4q_avg": 31.22,
            "net_income": 790000,
            "revenue": 5773000,
            "common_shares": 120000,
            "book_valuer_per_share": 34.33,
            "book_valuer_per_share_4q_avg": 33.12,
            "equity": 39907000,
            "current_ratio": 290.59,
            "debt_ratio": 25.67,
            "inventory_turnover_ratio": 0.73,
            "account_receivable_turnover_ratio": 1.52,
            "reinvestment_rate": 49.85,
            "research_to_sale_ratio": 11.21,
            "price_fair": 217.26,
            "eps_avg_yearly": 6.21,
            "eps_latest_yearly": 2.84,
            "eps_growth_yearly": 100.03
        },
        "20212": {
            "year_quarter": 20212,
            "year": 2021,
            "quarter": 2,
            "eps": 0.57,
            "eps_growth_year": 56,
            "eps_4q": 2.91,
            "eps_4q_growth_year": 33.11,
            "roe": 1.46,
            "roe_4q": 8.17,
            "gross_profit": 1698000,
            "gross_margin": 27.23,
            "gross_margin_4q_avg": 30.97,
            "net_income": 587000,
            "revenue": 6236000,
            "common_shares": 120000,
            "book_valuer_per_share": 35.12,
            "book_valuer_per_share_4q_avg": 33.92,
            "equity": 40663000,
            "current_ratio": 318.04,
            "debt_ratio": 24.89,
            "inventory_turnover_ratio": 0.88,
            "account_receivable_turnover_ratio": 1.77,
            "reinvestment_rate": 50.01,
            "research_to_sale_ratio": 10.28,
            "price_fair": 215.95,
            "eps_avg_yearly": 6.17,
            "eps_latest_yearly": 2.28,
            "eps_growth_yearly": 25.36
        },
        "20213": {
            "year_quarter": 20213,
            "year": 2021,
            "quarter": 3,
            "eps": 1.9,
            "eps_growth_year": 164.84,
            "eps_4q": 4.09,
            "eps_4q_growth_year": 105.08,
            "roe": 4.2,
            "roe_4q": 10.23,
            "gross_profit": 3126000,
            "gross_margin": 42.12,
            "gross_margin_4q_avg": 33.39,
            "net_income": 1741000,
            "revenue": 7422000,
            "common_shares": 120000,
            "book_valuer_per_share": 36.32,
            "book_valuer_per_share_4q_avg": 34.85,
            "equity": 42259000,
            "current_ratio": 339.82,
            "debt_ratio": 24.46,
            "inventory_turnover_ratio": 0.93,
            "account_receivable_turnover_ratio": 1.96,
            "reinvestment_rate": 49.85,
            "research_to_sale_ratio": 9.03,
            "price_fair": 219.8,
            "eps_avg_yearly": 6.28,
            "eps_latest_yearly": 7.6,
            "eps_growth_yearly": 58
        },
        "20214": {
            "year_quarter": 20214,
            "year": 2021,
            "quarter": 4,
            "eps": 2.4,
            "eps_growth_year": 164.2,
            "eps_4q": 5.58,
            "eps_4q_growth_year": 133.61,
            "roe": 6.28,
            "roe_4q": 13.940000000000001,
            "gross_profit": 3912000,
            "gross_margin": 47.28,
            "gross_margin_4q_avg": 36.68,
            "net_income": 2706000,
            "revenue": 8274000,
            "common_shares": 122000,
            "book_valuer_per_share": 37.85,
            "book_valuer_per_share_4q_avg": 35.91,
            "equity": 43933000,
            "current_ratio": 309.88,
            "debt_ratio": 25.35,
            "inventory_turnover_ratio": 0.97,
            "account_receivable_turnover_ratio": 1.73,
            "reinvestment_rate": 50.66,
            "research_to_sale_ratio": 8.52,
            "price_fair": 223.3,
            "eps_avg_yearly": 6.38,
            "eps_latest_yearly": 9.6,
            "eps_growth_yearly": 55.33
        },
        "20221": {
            "year_quarter": 20221,
            "year": 2022,
            "quarter": 1,
            "eps": 2.14,
            "eps_growth_year": 199.46,
            "eps_4q": 7.01,
            "eps_4q_growth_year": 159.05,
            "roe": 5.12,
            "roe_4q": 17.060000000000002,
            "gross_profit": 3565000,
            "gross_margin": 46.38,
            "gross_margin_4q_avg": 40.75,
            "net_income": 2302000,
            "revenue": 7687000,
            "common_shares": 122000,
            "book_valuer_per_share": 39.58,
            "book_valuer_per_share_4q_avg": 37.22,
            "equity": 45908000,
            "current_ratio": 310.06,
            "debt_ratio": 25.04,
            "inventory_turnover_ratio": 0.89,
            "account_receivable_turnover_ratio": 1.46,
            "reinvestment_rate": 53.73,
            "research_to_sale_ratio": 9.26,
            "price_fair": 221.55,
            "eps_avg_yearly": 6.33,
            "eps_latest_yearly": 8.56,
            "eps_growth_yearly": 48.38
        },
        "20222": {
            "year_quarter": 20222,
            "year": 2022,
            "quarter": 2,
            "eps": 2.01,
            "eps_growth_year": 251.59,
            "eps_4q": 8.44,
            "eps_4q_growth_year": 190.15,
            "roe": 4.81,
            "roe_4q": 20.41,
            "gross_profit": 3676000,
            "gross_margin": 47.21,
            "gross_margin_4q_avg": 45.75,
            "net_income": 2254000,
            "revenue": 7786000,
            "common_shares": 122000,
            "book_valuer_per_share": 41.33,
            "book_valuer_per_share_4q_avg": 38.77,
            "equity": 47845000,
            "current_ratio": 310.81,
            "debt_ratio": 24.89,
            "inventory_turnover_ratio": 0.81,
            "account_receivable_turnover_ratio": 1.46,
            "reinvestment_rate": 56.61,
            "research_to_sale_ratio": 10.17,
            "price_fair": 214.64,
            "eps_avg_yearly": 6.13,
            "eps_latest_yearly": 8.04,
            "eps_growth_yearly": 41.94
        },
        "20223": {
            "year_quarter": 20223,
            "year": 2022,
            "quarter": 3,
            "eps": 2.34,
            "eps_growth_year": 23.51,
            "eps_4q": 8.89,
            "eps_4q_growth_year": 117.32,
            "roe": 5.42,
            "roe_4q": 21.630000000000003,
            "gross_profit": 4035000,
            "gross_margin": 46.69,
            "gross_margin_4q_avg": 46.89,
            "net_income": 2630000,
            "revenue": 8642000,
            "common_shares": 122000,
            "book_valuer_per_share": 43.11,
            "book_valuer_per_share_4q_avg": 40.47,
            "equity": 49281000,
            "current_ratio": 323.98,
            "debt_ratio": 24.53,
            "inventory_turnover_ratio": 0.84,
            "account_receivable_turnover_ratio": 1.49,
            "reinvestment_rate": 57.13,
            "research_to_sale_ratio": 8.94,
            "price_fair": 208.43,
            "eps_avg_yearly": 5.96,
            "eps_latest_yearly": 9.36,
            "eps_growth_yearly": 43.81
        },
        "20224": {
            "year_quarter": 20224,
            "year": 2022,
            "quarter": 4,
            "eps": 1.35,
            "eps_growth_year": -43.72,
            "eps_4q": 7.84,
            "eps_4q_growth_year": 40.4,
            "roe": 3.02,
            "roe_4q": 18.37,
            "gross_profit": 2622000,
            "gross_margin": 39.47,
            "gross_margin_4q_avg": 44.94,
            "net_income": 1497000,
            "revenue": 6643000,
            "common_shares": 123000,
            "book_valuer_per_share": 44.11,
            "book_valuer_per_share_4q_avg": 42.03,
            "equity": 49907000,
            "current_ratio": 288.91,
            "debt_ratio": 24.71,
            "inventory_turnover_ratio": 0.65,
            "account_receivable_turnover_ratio": 1.17,
            "reinvestment_rate": 62.33,
            "research_to_sale_ratio": 12.63,
            "price_fair": 189.53,
            "eps_avg_yearly": 5.42,
            "eps_latest_yearly": 5.4,
            "eps_growth_yearly": 29.47
        },
        "20231": {
            "year_quarter": 20231,
            "year": 2023,
            "quarter": 1,
            "eps": -0.17,
            "eps_growth_year": -108,
            "eps_4q": 5.53,
            "eps_4q_growth_year": -21.09,
            "roe": -0.37,
            "roe_4q": 12.879999999999999,
            "gross_profit": 893000,
            "gross_margin": 21.86,
            "gross_margin_4q_avg": 38.81,
            "net_income": -184000,
            "revenue": 4085000,
            "common_shares": 123000,
            "book_valuer_per_share": 43.68,
            "book_valuer_per_share_4q_avg": 43.06,
            "equity": 49306000,
            "current_ratio": 351.28,
            "debt_ratio": 27.36,
            "inventory_turnover_ratio": 0.42,
            "account_receivable_turnover_ratio": 0.97,
            "reinvestment_rate": 68.95,
            "research_to_sale_ratio": 20.78,
            "price_fair": 175.19,
            "eps_avg_yearly": 5.01,
            "eps_latest_yearly": 5.4,
            "eps_growth_yearly": 36.14
        },
        "20232": {
            "year_quarter": 20232,
            "year": 2023,
            "quarter": 2,
            "eps": -2.07,
            "eps_growth_year": -203.05,
            "eps_4q": 1.46,
            "eps_4q_growth_year": -82.76,
            "roe": -4.82,
            "roe_4q": 3.2499999999999996,
            "gross_profit": -1206000,
            "gross_margin": -32.66,
            "gross_margin_4q_avg": 18.84,
            "net_income": -2325000,
            "revenue": 3693000,
            "common_shares": 123000,
            "book_valuer_per_share": 41.7,
            "book_valuer_per_share_4q_avg": 43.15,
            "equity": 47257000,
            "current_ratio": 416.71,
            "debt_ratio": 28.96,
            "inventory_turnover_ratio": 0.59,
            "account_receivable_turnover_ratio": 1.32,
            "reinvestment_rate": 79.76,
            "research_to_sale_ratio": 21.34,
            "price_fair": 172.4,
            "eps_avg_yearly": 4.93,
            "eps_latest_yearly": 5.4,
            "eps_growth_yearly": 52.17
        }
    },
    "months": {
        "2001-01": {
            "month": "2001-01",
            "price": "41.65",
            "revenue": 0
        },
        "2001-02": {
            "month": "2001-02",
            "price": "39.47",
            "revenue": 0
        },
        "2001-03": {
            "month": "2001-03",
            "price": "42.56",
            "revenue": 0
        },
        "2001-04": {
            "month": "2001-04",
            "price": "41.58",
            "revenue": 0
        },
        "2001-05": {
            "month": "2001-05",
            "price": "40.63",
            "revenue": 0
        },
        "2001-06": {
            "month": "2001-06",
            "price": "40.08",
            "revenue": 0
        },
        "2001-07": {
            "month": "2001-07",
            "price": "39.66",
            "revenue": 0
        },
        "2001-08": {
            "month": "2001-08",
            "price": "38.84",
            "revenue": 0
        },
        "2001-09": {
            "month": "2001-09",
            "price": "25.93",
            "revenue": 0
        },
        "2001-10": {
            "month": "2001-10",
            "price": "21.38",
            "revenue": 0
        },
        "2001-11": {
            "month": "2001-11",
            "price": "26.63",
            "revenue": 0
        },
        "2001-12": {
            "month": "2001-12",
            "price": "30.82",
            "revenue": 0
        },
        "2002-01": {
            "month": "2002-01",
            "price": "33.68",
            "revenue": 0
        },
        "2002-02": {
            "month": "2002-02",
            "price": "35.35",
            "revenue": 0
        },
        "2002-03": {
            "month": "2002-03",
            "price": "35.03",
            "revenue": 0
        },
        "2002-04": {
            "month": "2002-04",
            "price": "29.35",
            "revenue": 0
        },
        "2002-05": {
            "month": "2002-05",
            "price": "23.88",
            "revenue": 0
        },
        "2002-06": {
            "month": "2002-06",
            "price": "21.14",
            "revenue": 0
        },
        "2002-07": {
            "month": "2002-07",
            "price": "21.46",
            "revenue": 0
        },
        "2002-08": {
            "month": "2002-08",
            "price": "19.13",
            "revenue": 0
        },
        "2002-09": {
            "month": "2002-09",
            "price": "15.62",
            "revenue": 0
        },
        "2002-10": {
            "month": "2002-10",
            "price": "14.07",
            "revenue": 0
        },
        "2002-11": {
            "month": "2002-11",
            "price": "15.41",
            "revenue": 0
        },
        "2002-12": {
            "month": "2002-12",
            "price": "12.21",
            "revenue": 0
        },
        "2003-01": {
            "month": "2003-01",
            "price": "9.31",
            "revenue": 0
        },
        "2003-02": {
            "month": "2003-02",
            "price": "7.55",
            "revenue": 0
        },
        "2003-03": {
            "month": "2003-03",
            "price": "8.10",
            "revenue": 0
        },
        "2003-04": {
            "month": "2003-04",
            "price": "8.79",
            "revenue": 0
        },
        "2003-05": {
            "month": "2003-05",
            "price": "9.93",
            "revenue": 0
        },
        "2003-06": {
            "month": "2003-06",
            "price": "12.42",
            "revenue": 0
        },
        "2003-07": {
            "month": "2003-07",
            "price": "14.06",
            "revenue": 0
        },
        "2003-08": {
            "month": "2003-08",
            "price": "13.66",
            "revenue": 0
        },
        "2003-09": {
            "month": "2003-09",
            "price": "14.03",
            "revenue": 0
        },
        "2003-10": {
            "month": "2003-10",
            "price": "13.35",
            "revenue": 0
        },
        "2003-11": {
            "month": "2003-11",
            "price": "13.37",
            "revenue": 0
        },
        "2003-12": {
            "month": "2003-12",
            "price": "12.50",
            "revenue": 0
        },
        "2004-01": {
            "month": "2004-01",
            "price": "15.08",
            "revenue": 0
        },
        "2004-02": {
            "month": "2004-02",
            "price": "15.74",
            "revenue": 0
        },
        "2004-03": {
            "month": "2004-03",
            "price": "15.59",
            "revenue": 0
        },
        "2004-04": {
            "month": "2004-04",
            "price": "16.05",
            "revenue": 0
        },
        "2004-05": {
            "month": "2004-05",
            "price": "14.07",
            "revenue": 0
        },
        "2004-06": {
            "month": "2004-06",
            "price": "14.38",
            "revenue": 0
        },
        "2004-07": {
            "month": "2004-07",
            "price": "13.66",
            "revenue": 0
        },
        "2004-08": {
            "month": "2004-08",
            "price": "11.96",
            "revenue": 0
        },
        "2004-09": {
            "month": "2004-09",
            "price": "12.08",
            "revenue": 0
        },
        "2004-10": {
            "month": "2004-10",
            "price": "11.91",
            "revenue": 0
        },
        "2004-11": {
            "month": "2004-11",
            "price": "11.74",
            "revenue": 0
        },
        "2004-12": {
            "month": "2004-12",
            "price": "11.65",
            "revenue": 0
        },
        "2005-01": {
            "month": "2005-01",
            "price": "11.00",
            "revenue": 0
        },
        "2005-02": {
            "month": "2005-02",
            "price": "11.39",
            "revenue": 0
        },
        "2005-03": {
            "month": "2005-03",
            "price": "10.53",
            "revenue": 0
        },
        "2005-04": {
            "month": "2005-04",
            "price": "9.83",
            "revenue": 0
        },
        "2005-05": {
            "month": "2005-05",
            "price": "10.40",
            "revenue": 0
        },
        "2005-06": {
            "month": "2005-06",
            "price": "10.68",
            "revenue": 0
        },
        "2005-07": {
            "month": "2005-07",
            "price": "11.64",
            "revenue": 0
        },
        "2005-08": {
            "month": "2005-08",
            "price": "11.45",
            "revenue": 0
        },
        "2005-09": {
            "month": "2005-09",
            "price": "12.33",
            "revenue": 0
        },
        "2005-10": {
            "month": "2005-10",
            "price": "12.88",
            "revenue": 0
        },
        "2005-11": {
            "month": "2005-11",
            "price": "13.88",
            "revenue": 0
        },
        "2005-12": {
            "month": "2005-12",
            "price": "13.72",
            "revenue": 0
        },
        "2006-01": {
            "month": "2006-01",
            "price": "14.33",
            "revenue": 0
        },
        "2006-02": {
            "month": "2006-02",
            "price": "16.03",
            "revenue": 0
        },
        "2006-03": {
            "month": "2006-03",
            "price": "14.92",
            "revenue": 0
        },
        "2006-04": {
            "month": "2006-04",
            "price": "15.93",
            "revenue": 0
        },
        "2006-05": {
            "month": "2006-05",
            "price": "16.24",
            "revenue": 0
        },
        "2006-06": {
            "month": "2006-06",
            "price": "15.88",
            "revenue": 0
        },
        "2006-07": {
            "month": "2006-07",
            "price": "14.89",
            "revenue": 0
        },
        "2006-08": {
            "month": "2006-08",
            "price": "16.19",
            "revenue": 0
        },
        "2006-09": {
            "month": "2006-09",
            "price": "17.70",
            "revenue": 0
        },
        "2006-10": {
            "month": "2006-10",
            "price": "15.26",
            "revenue": 0
        },
        "2006-11": {
            "month": "2006-11",
            "price": "14.41",
            "revenue": 0
        },
        "2006-12": {
            "month": "2006-12",
            "price": "14.06",
            "revenue": 0
        },
        "2007-01": {
            "month": "2007-01",
            "price": "13.48",
            "revenue": 0
        },
        "2007-02": {
            "month": "2007-02",
            "price": "12.48",
            "revenue": 0
        },
        "2007-03": {
            "month": "2007-03",
            "price": "11.61",
            "revenue": 0
        },
        "2007-04": {
            "month": "2007-04",
            "price": "11.47",
            "revenue": 0
        },
        "2007-05": {
            "month": "2007-05",
            "price": "11.84",
            "revenue": 0
        },
        "2007-06": {
            "month": "2007-06",
            "price": "12.44",
            "revenue": 0
        },
        "2007-07": {
            "month": "2007-07",
            "price": "13.13",
            "revenue": 0
        },
        "2007-08": {
            "month": "2007-08",
            "price": "11.47",
            "revenue": 0
        },
        "2007-09": {
            "month": "2007-09",
            "price": "11.13",
            "revenue": 0
        },
        "2007-10": {
            "month": "2007-10",
            "price": "10.44",
            "revenue": 0
        },
        "2007-11": {
            "month": "2007-11",
            "price": "9.08",
            "revenue": 0
        },
        "2007-12": {
            "month": "2007-12",
            "price": "8.16",
            "revenue": 0
        },
        "2008-01": {
            "month": "2008-01",
            "price": "6.47",
            "revenue": 0
        },
        "2008-02": {
            "month": "2008-02",
            "price": "7.42",
            "revenue": 0
        },
        "2008-03": {
            "month": "2008-03",
            "price": "6.25",
            "revenue": 0
        },
        "2008-04": {
            "month": "2008-04",
            "price": "7.11",
            "revenue": 0
        },
        "2008-05": {
            "month": "2008-05",
            "price": "8.32",
            "revenue": 0
        },
        "2008-06": {
            "month": "2008-06",
            "price": "7.51",
            "revenue": 0
        },
        "2008-07": {
            "month": "2008-07",
            "price": "5.30",
            "revenue": 0
        },
        "2008-08": {
            "month": "2008-08",
            "price": "4.84",
            "revenue": 0
        },
        "2008-09": {
            "month": "2008-09",
            "price": "4.40",
            "revenue": 0
        },
        "2008-10": {
            "month": "2008-10",
            "price": "4.10",
            "revenue": 0
        },
        "2008-11": {
            "month": "2008-11",
            "price": "3.17",
            "revenue": 0
        },
        "2008-12": {
            "month": "2008-12",
            "price": "2.26",
            "revenue": 0
        },
        "2009-01": {
            "month": "2009-01",
            "price": "3.33",
            "revenue": 0
        },
        "2009-02": {
            "month": "2009-02",
            "price": "3.55",
            "revenue": 0
        },
        "2009-03": {
            "month": "2009-03",
            "price": "3.49",
            "revenue": 0
        },
        "2009-04": {
            "month": "2009-04",
            "price": "4.62",
            "revenue": 0
        },
        "2009-05": {
            "month": "2009-05",
            "price": "4.79",
            "revenue": 0
        },
        "2009-06": {
            "month": "2009-06",
            "price": "5.27",
            "revenue": 0
        },
        "2009-07": {
            "month": "2009-07",
            "price": "5.64",
            "revenue": 0
        },
        "2009-08": {
            "month": "2009-08",
            "price": "6.93",
            "revenue": 0
        },
        "2009-09": {
            "month": "2009-09",
            "price": "7.99",
            "revenue": 0
        },
        "2009-10": {
            "month": "2009-10",
            "price": "7.87",
            "revenue": 0
        },
        "2009-11": {
            "month": "2009-11",
            "price": "7.32",
            "revenue": 0
        },
        "2009-12": {
            "month": "2009-12",
            "price": "9.11",
            "revenue": 0
        },
        "2010-01": {
            "month": "2010-01",
            "price": "10.18",
            "revenue": 0
        },
        "2010-02": {
            "month": "2010-02",
            "price": "8.85",
            "revenue": 0
        },
        "2010-03": {
            "month": "2010-03",
            "price": "10.03",
            "revenue": 0
        },
        "2010-04": {
            "month": "2010-04",
            "price": "10.63",
            "revenue": 0
        },
        "2010-05": {
            "month": "2010-05",
            "price": "9.05",
            "revenue": 0
        },
        "2010-06": {
            "month": "2010-06",
            "price": "9.23",
            "revenue": 0
        },
        "2010-07": {
            "month": "2010-07",
            "price": "8.40",
            "revenue": 0
        },
        "2010-08": {
            "month": "2010-08",
            "price": "7.23",
            "revenue": 0
        },
        "2010-09": {
            "month": "2010-09",
            "price": "6.93",
            "revenue": 0
        },
        "2010-10": {
            "month": "2010-10",
            "price": "7.55",
            "revenue": 0
        },
        "2010-11": {
            "month": "2010-11",
            "price": "7.74",
            "revenue": 0
        },
        "2010-12": {
            "month": "2010-12",
            "price": "7.98",
            "revenue": 0
        },
        "2011-01": {
            "month": "2011-01",
            "price": "9.42",
            "revenue": 0
        },
        "2011-02": {
            "month": "2011-02",
            "price": "11.25",
            "revenue": 0
        },
        "2011-03": {
            "month": "2011-03",
            "price": "10.85",
            "revenue": 0
        },
        "2011-04": {
            "month": "2011-04",
            "price": "11.08",
            "revenue": 0
        },
        "2011-05": {
            "month": "2011-05",
            "price": "10.33",
            "revenue": 0
        },
        "2011-06": {
            "month": "2011-06",
            "price": "8.25",
            "revenue": 0
        },
        "2011-07": {
            "month": "2011-07",
            "price": "7.59",
            "revenue": 0
        },
        "2011-08": {
            "month": "2011-08",
            "price": "6.06",
            "revenue": 0
        },
        "2011-09": {
            "month": "2011-09",
            "price": "6.37",
            "revenue": 0
        },
        "2011-10": {
            "month": "2011-10",
            "price": "5.34",
            "revenue": 0
        },
        "2011-11": {
            "month": "2011-11",
            "price": "5.76",
            "revenue": 0
        },
        "2011-12": {
            "month": "2011-12",
            "price": "5.88",
            "revenue": 0
        },
        "2012-01": {
            "month": "2012-01",
            "price": "7.43",
            "revenue": 0
        },
        "2012-02": {
            "month": "2012-02",
            "price": "8.13",
            "revenue": 0
        },
        "2012-03": {
            "month": "2012-03",
            "price": "8.45",
            "revenue": 0
        },
        "2012-04": {
            "month": "2012-04",
            "price": "7.08",
            "revenue": 0
        },
        "2012-05": {
            "month": "2012-05",
            "price": "6.14",
            "revenue": 0
        },
        "2012-06": {
            "month": "2012-06",
            "price": "5.79",
            "revenue": 0
        },
        "2012-07": {
            "month": "2012-07",
            "price": "6.14",
            "revenue": 0
        },
        "2012-08": {
            "month": "2012-08",
            "price": "6.45",
            "revenue": 0
        },
        "2012-09": {
            "month": "2012-09",
            "price": "6.35",
            "revenue": 0
        },
        "2012-10": {
            "month": "2012-10",
            "price": "5.67",
            "revenue": 0
        },
        "2012-11": {
            "month": "2012-11",
            "price": "5.70",
            "revenue": 0
        },
        "2012-12": {
            "month": "2012-12",
            "price": "6.45",
            "revenue": 0
        },
        "2013-01": {
            "month": "2013-01",
            "price": "7.51",
            "revenue": 0
        },
        "2013-02": {
            "month": "2013-02",
            "price": "7.94",
            "revenue": 0
        },
        "2013-03": {
            "month": "2013-03",
            "price": "9.30",
            "revenue": 0
        },
        "2013-04": {
            "month": "2013-04",
            "price": "9.49",
            "revenue": 0
        },
        "2013-05": {
            "month": "2013-05",
            "price": "10.81",
            "revenue": 0
        },
        "2013-06": {
            "month": "2013-06",
            "price": "13.14",
            "revenue": 0
        },
        "2013-07": {
            "month": "2013-07",
            "price": "13.38",
            "revenue": 0
        },
        "2013-08": {
            "month": "2013-08",
            "price": "13.87",
            "revenue": 0
        },
        "2013-09": {
            "month": "2013-09",
            "price": "16.43",
            "revenue": 0
        },
        "2013-10": {
            "month": "2013-10",
            "price": "17.36",
            "revenue": 0
        },
        "2013-11": {
            "month": "2013-11",
            "price": "19.04",
            "revenue": 0
        },
        "2013-12": {
            "month": "2013-12",
            "price": "22.10",
            "revenue": 0
        },
        "2014-01": {
            "month": "2014-01",
            "price": "22.87",
            "revenue": 0
        },
        "2014-02": {
            "month": "2014-02",
            "price": "24.48",
            "revenue": 0
        },
        "2014-03": {
            "month": "2014-03",
            "price": "23.99",
            "revenue": 0
        },
        "2014-04": {
            "month": "2014-04",
            "price": "23.82",
            "revenue": 0
        },
        "2014-05": {
            "month": "2014-05",
            "price": "27.09",
            "revenue": 0
        },
        "2014-06": {
            "month": "2014-06",
            "price": "30.90",
            "revenue": 0
        },
        "2014-07": {
            "month": "2014-07",
            "price": "33.15",
            "revenue": 0
        },
        "2014-08": {
            "month": "2014-08",
            "price": "31.83",
            "revenue": 0
        },
        "2014-09": {
            "month": "2014-09",
            "price": "32.14",
            "revenue": 0
        },
        "2014-10": {
            "month": "2014-10",
            "price": "30.91",
            "revenue": 0
        },
        "2014-11": {
            "month": "2014-11",
            "price": "33.60",
            "revenue": 0
        },
        "2014-12": {
            "month": "2014-12",
            "price": "34.98",
            "revenue": 0
        },
        "2015-01": {
            "month": "2015-01",
            "price": "31.11",
            "revenue": 0
        },
        "2015-02": {
            "month": "2015-02",
            "price": "30.60",
            "revenue": 0
        },
        "2015-03": {
            "month": "2015-03",
            "price": "28.16",
            "revenue": 0
        },
        "2015-04": {
            "month": "2015-04",
            "price": "28.15",
            "revenue": 0
        },
        "2015-05": {
            "month": "2015-05",
            "price": "27.43",
            "revenue": 0
        },
        "2015-06": {
            "month": "2015-06",
            "price": "24.53",
            "revenue": 0
        },
        "2015-07": {
            "month": "2015-07",
            "price": "18.71",
            "revenue": 0
        },
        "2015-08": {
            "month": "2015-08",
            "price": "16.84",
            "revenue": 0
        },
        "2015-09": {
            "month": "2015-09",
            "price": "15.97",
            "revenue": 0
        },
        "2015-10": {
            "month": "2015-10",
            "price": "17.44",
            "revenue": 0
        },
        "2015-11": {
            "month": "2015-11",
            "price": "15.88",
            "revenue": 0
        },
        "2015-12": {
            "month": "2015-12",
            "price": "14.62",
            "revenue": 0
        },
        "2016-01": {
            "month": "2016-01",
            "price": "11.89",
            "revenue": 0
        },
        "2016-02": {
            "month": "2016-02",
            "price": "10.67",
            "revenue": 0
        },
        "2016-03": {
            "month": "2016-03",
            "price": "11.02",
            "revenue": 0
        },
        "2016-04": {
            "month": "2016-04",
            "price": "10.77",
            "revenue": 0
        },
        "2016-05": {
            "month": "2016-05",
            "price": "10.56",
            "revenue": 0
        },
        "2016-06": {
            "month": "2016-06",
            "price": "12.70",
            "revenue": 0
        },
        "2016-07": {
            "month": "2016-07",
            "price": "13.17",
            "revenue": 0
        },
        "2016-08": {
            "month": "2016-08",
            "price": "15.25",
            "revenue": 0
        },
        "2016-09": {
            "month": "2016-09",
            "price": "17.25",
            "revenue": 0
        },
        "2016-10": {
            "month": "2016-10",
            "price": "17.31",
            "revenue": 0
        },
        "2016-11": {
            "month": "2016-11",
            "price": "18.30",
            "revenue": 0
        },
        "2016-12": {
            "month": "2016-12",
            "price": "20.74",
            "revenue": 0
        },
        "2017-01": {
            "month": "2017-01",
            "price": "22.65",
            "revenue": 0
        },
        "2017-02": {
            "month": "2017-02",
            "price": "23.87",
            "revenue": 0
        },
        "2017-03": {
            "month": "2017-03",
            "price": "26.42",
            "revenue": 0
        },
        "2017-04": {
            "month": "2017-04",
            "price": "27.54",
            "revenue": 0
        },
        "2017-05": {
            "month": "2017-05",
            "price": "28.65",
            "revenue": 0
        },
        "2017-06": {
            "month": "2017-06",
            "price": "31.36",
            "revenue": 0
        },
        "2017-07": {
            "month": "2017-07",
            "price": "30.73",
            "revenue": 0
        },
        "2017-08": {
            "month": "2017-08",
            "price": "29.61",
            "revenue": 0
        },
        "2017-09": {
            "month": "2017-09",
            "price": "34.82",
            "revenue": 0
        },
        "2017-10": {
            "month": "2017-10",
            "price": "41.02",
            "revenue": 0
        },
        "2017-11": {
            "month": "2017-11",
            "price": "45.67",
            "revenue": 0
        },
        "2017-12": {
            "month": "2017-12",
            "price": "42.61",
            "revenue": 0
        },
        "2018-01": {
            "month": "2018-01",
            "price": "43.71",
            "revenue": 0
        },
        "2018-02": {
            "month": "2018-02",
            "price": "43.71",
            "revenue": 0
        },
        "2018-03": {
            "month": "2018-03",
            "price": "55.78",
            "revenue": 0
        },
        "2018-04": {
            "month": "2018-04",
            "price": "50.21",
            "revenue": 0
        },
        "2018-05": {
            "month": "2018-05",
            "price": "54.14",
            "revenue": 0
        },
        "2018-06": {
            "month": "2018-06",
            "price": "57.90",
            "revenue": 0
        },
        "2018-07": {
            "month": "2018-07",
            "price": "54.49",
            "revenue": 0
        },
        "2018-08": {
            "month": "2018-08",
            "price": "51.09",
            "revenue": 0
        },
        "2018-09": {
            "month": "2018-09",
            "price": "45.17",
            "revenue": 0
        },
        "2018-10": {
            "month": "2018-10",
            "price": "40.84",
            "revenue": 0
        },
        "2018-11": {
            "month": "2018-11",
            "price": "38.47",
            "revenue": 0
        },
        "2018-12": {
            "month": "2018-12",
            "price": "33.75",
            "revenue": 0
        },
        "2019-01": {
            "month": "2019-01",
            "price": "35.19",
            "revenue": 0
        },
        "2019-02": {
            "month": "2019-02",
            "price": "41.00",
            "revenue": 0
        },
        "2019-03": {
            "month": "2019-03",
            "price": "39.93",
            "revenue": 0
        },
        "2019-04": {
            "month": "2019-04",
            "price": "42.63",
            "revenue": 0
        },
        "2019-05": {
            "month": "2019-05",
            "price": "37.31",
            "revenue": 0
        },
        "2019-06": {
            "month": "2019-06",
            "price": "34.22",
            "revenue": 0
        },
        "2019-07": {
            "month": "2019-07",
            "price": "44.04",
            "revenue": 0
        },
        "2019-08": {
            "month": "2019-08",
            "price": "43.29",
            "revenue": 0
        },
        "2019-09": {
            "month": "2019-09",
            "price": "48.62",
            "revenue": 0
        },
        "2019-10": {
            "month": "2019-10",
            "price": "45.12",
            "revenue": 0
        },
        "2019-11": {
            "month": "2019-11",
            "price": "47.26",
            "revenue": 0
        },
        "2019-12": {
            "month": "2019-12",
            "price": "51.11",
            "revenue": 0
        },
        "2020-01": {
            "month": "2020-01",
            "price": "56.67",
            "revenue": 0
        },
        "2020-02": {
            "month": "2020-02",
            "price": "56.30",
            "revenue": 0
        },
        "2020-03": {
            "month": "2020-03",
            "price": "43.82",
            "revenue": 0
        },
        "2020-04": {
            "month": "2020-04",
            "price": "45.04",
            "revenue": 0
        },
        "2020-05": {
            "month": "2020-05",
            "price": "46.04",
            "revenue": 0
        },
        "2020-06": {
            "month": "2020-06",
            "price": "50.17",
            "revenue": 0
        },
        "2020-07": {
            "month": "2020-07",
            "price": "50.41",
            "revenue": 0
        },
        "2020-08": {
            "month": "2020-08",
            "price": "46.49",
            "revenue": 0
        },
        "2020-09": {
            "month": "2020-09",
            "price": "48.20",
            "revenue": 0
        },
        "2020-10": {
            "month": "2020-10",
            "price": "50.77",
            "revenue": 0
        },
        "2020-11": {
            "month": "2020-11",
            "price": "58.60",
            "revenue": 0
        },
        "2020-12": {
            "month": "2020-12",
            "price": "71.38",
            "revenue": 0
        },
        "2021-01": {
            "month": "2021-01",
            "price": "79.68",
            "revenue": 0
        },
        "2021-02": {
            "month": "2021-02",
            "price": "85.67",
            "revenue": 0
        },
        "2021-03": {
            "month": "2021-03",
            "price": "88.41",
            "revenue": 0
        },
        "2021-04": {
            "month": "2021-04",
            "price": "90.34",
            "revenue": 0
        },
        "2021-05": {
            "month": "2021-05",
            "price": "81.80",
            "revenue": 0
        },
        "2021-06": {
            "month": "2021-06",
            "price": "81.12",
            "revenue": 0
        },
        "2021-07": {
            "month": "2021-07",
            "price": "77.30",
            "revenue": 0
        },
        "2021-08": {
            "month": "2021-08",
            "price": "74.57",
            "revenue": 0
        },
        "2021-09": {
            "month": "2021-09",
            "price": "73.42",
            "revenue": 0
        },
        "2021-10": {
            "month": "2021-10",
            "price": "68.78",
            "revenue": 0
        },
        "2021-11": {
            "month": "2021-11",
            "price": "77.69",
            "revenue": 0
        },
        "2021-12": {
            "month": "2021-12",
            "price": "87.34",
            "revenue": 0
        },
        "2022-01": {
            "month": "2022-01",
            "price": "89.43",
            "revenue": 0
        },
        "2022-02": {
            "month": "2022-02",
            "price": "88.16",
            "revenue": 0
        },
        "2022-03": {
            "month": "2022-03",
            "price": "79.22",
            "revenue": 0
        },
        "2022-04": {
            "month": "2022-04",
            "price": "71.68",
            "revenue": 0
        },
        "2022-05": {
            "month": "2022-05",
            "price": "70.32",
            "revenue": 0
        },
        "2022-06": {
            "month": "2022-06",
            "price": "61.93",
            "revenue": 0
        },
        "2022-07": {
            "month": "2022-07",
            "price": "59.96",
            "revenue": 0
        },
        "2022-08": {
            "month": "2022-08",
            "price": "60.99",
            "revenue": 0
        },
        "2022-09": {
            "month": "2022-09",
            "price": "52.87",
            "revenue": 0
        },
        "2022-10": {
            "month": "2022-10",
            "price": "53.81",
            "revenue": 0
        },
        "2022-11": {
            "month": "2022-11",
            "price": "57.78",
            "revenue": 0
        },
        "2022-12": {
            "month": "2022-12",
            "price": "52.57",
            "revenue": 0
        },
        "2023-01": {
            "month": "2023-01",
            "price": "58.17",
            "revenue": 0
        },
        "2023-02": {
            "month": "2023-02",
            "price": "60.05",
            "revenue": 0
        },
        "2023-03": {
            "month": "2023-03",
            "price": "57.78",
            "revenue": 0
        },
        "2023-04": {
            "month": "2023-04",
            "price": "61.03",
            "revenue": 0
        },
        "2023-05": {
            "month": "2023-05",
            "price": "64.66",
            "revenue": 0
        },
        "2023-06": {
            "month": "2023-06",
            "price": "67.69",
            "revenue": 0
        }
    }
}
