{
    "summary": {
        "stock_name": "Netflix Inc",
        "stock_id": "NFLX",
        "category": "Consumer Discretionary",
        "main_business": "奈飛公司於1997年8月29日在特拉華州註冊成立，擁有世界領先的享受電視節目和電影的網際網路訂閱服務，它的使用者可以在美國透過電腦和移動裝置即時收看無限的電視節目和電影流媒體在網際網路上的電視。",
        "website_url": "https://www.netflix.com/",
        "ceo": "Greg Peters",
        "pe_ratio": 43,
        "report_year_from": 2002,
        "report_year_to": 2023,
        "age": 21,
        "eps_negative_percentage": 9,
        "eps_growth_avg": {
            "last_all": 47.06,
            "last_2y": 41.37,
            "last_4y": 50.85,
            "last_8y": 50.02,
            "last_12y": 42.43,
            "last_16y": 42.3,
            "last_20y": 47.06,
            "at_2006_last_3y": 67.86,
            "at_2007_last_3y": 59.23,
            "at_2008_last_3y": 46.73,
            "at_2009_last_3y": 41.87,
            "at_2010_last_3y": 48.12,
            "at_2011_last_3y": 49.67,
            "at_2012_last_3y": 14.25,
            "at_2013_last_3y": 25.36,
            "at_2014_last_3y": 36.97,
            "at_2015_last_3y": 13.56,
            "at_2016_last_3y": 48.98,
            "at_2017_last_3y": 48.98,
            "at_2018_last_3y": 44.78,
            "at_2019_last_3y": 70.04,
            "at_2020_last_3y": 82.54,
            "at_2021_last_3y": 67.17,
            "at_2022_last_3y": 42.76,
            "at_2023_last_3y": 42.76,
            "at_2006_last_all": 67.86,
            "at_2007_last_all": 59.23,
            "at_2008_last_all": 57.38,
            "at_2009_last_all": 57.08,
            "at_2010_last_all": 56.58,
            "at_2011_last_all": 54.45,
            "at_2012_last_all": 38.21,
            "at_2013_last_all": 44.39,
            "at_2014_last_all": 49.45,
            "at_2015_last_all": 40.82,
            "at_2016_last_all": 41.52,
            "at_2017_last_all": 45.7,
            "at_2018_last_all": 48.2,
            "at_2019_last_all": 48.12,
            "at_2020_last_all": 51.17,
            "at_2021_last_all": 50.47,
            "at_2022_last_all": 47.06,
            "at_2023_last_all": 47.06
        },
        "latest_eps": 9.21,
        "latest_price": 397.87,
        "latest_roe": 18.99,
        "latest_gross_margin": 42.27,
        "latest_equity": 22107627,
        "latest_revenue": 8541668,
        "latest_gross_profit": 3610880,
        "latest_net_income": 1677422,
        "latest_debt_ratio": 55.34,
        "latest_current_ratio": 129.27,
        "latest_account_receivable_turnover_ratio": 7.24,
        "latest_inventory_turnover_ratio": null,
        "latest_reinvestment_rate": 9.2,
        "latest_research_to_sale_ratio": 7.69
    },
    "eps_dividends": {
        "2001": {
            "cash": 0,
            "stock": 0,
            "eps": -0.18
        },
        "2002": {
            "cash": 0,
            "stock": 0,
            "eps": -0.07
        },
        "2003": {
            "cash": 0,
            "stock": 0,
            "eps": 0.02
        },
        "2004": {
            "cash": 0,
            "stock": 0,
            "eps": 0.04
        },
        "2005": {
            "cash": 0,
            "stock": 0,
            "eps": 0.07
        },
        "2006": {
            "cash": 0,
            "stock": 0,
            "eps": 0.09
        },
        "2007": {
            "cash": 0,
            "stock": 0,
            "eps": 0.12
        },
        "2008": {
            "cash": 0,
            "stock": 0,
            "eps": 0.18
        },
        "2009": {
            "cash": 0,
            "stock": 0,
            "eps": 0.28
        },
        "2010": {
            "cash": 0,
            "stock": 0,
            "eps": 0.43
        },
        "2011": {
            "cash": 0,
            "stock": 0,
            "eps": 0.6
        },
        "2012": {
            "cash": 0,
            "stock": 0,
            "eps": 0.05
        },
        "2013": {
            "cash": 0,
            "stock": 0,
            "eps": 0.3
        },
        "2014": {
            "cash": 0,
            "stock": 0,
            "eps": 0.61
        },
        "2015": {
            "cash": 0,
            "stock": 0,
            "eps": 0.28
        },
        "2016": {
            "cash": 0,
            "stock": 0,
            "eps": 0.42
        },
        "2017": {
            "cash": 0,
            "stock": 0,
            "eps": 1.43
        },
        "2018": {
            "cash": 0,
            "stock": 0,
            "eps": 2.62
        },
        "2019": {
            "cash": 0,
            "stock": 0,
            "eps": 3.85
        },
        "2020": {
            "cash": 0,
            "stock": 0,
            "eps": 7.71
        },
        "2021": {
            "cash": 0,
            "stock": 0,
            "eps": 10.68
        },
        "2022": {
            "cash": 0,
            "stock": 0,
            "eps": 9.14
        },
        "2023": {
            "cash": 0,
            "stock": 0,
            "eps": 9.9
        }
    },
    "dividends": [],
    "prices": {
        "200101": "無",
        "200102": "無",
        "200103": "無",
        "200104": "無",
        "200105": "無",
        "200106": "無",
        "200107": "無",
        "200108": "無",
        "200109": "無",
        "200110": "無",
        "200111": "無",
        "200112": "無",
        "200201": "無",
        "200202": "無",
        "200203": "無",
        "200204": "無",
        "200205": "無",
        "200206": "1.03",
        "200207": "1.11",
        "200208": "0.87",
        "200209": "0.83",
        "200210": "0.56",
        "200211": "0.68",
        "200212": "0.79",
        "200301": "0.85",
        "200302": "0.99",
        "200303": "1.27",
        "200304": "1.51",
        "200305": "1.64",
        "200306": "1.64",
        "200307": "1.87",
        "200308": "1.90",
        "200309": "2.51",
        "200310": "3.49",
        "200311": "3.51",
        "200312": "3.62",
        "200401": "4.78",
        "200402": "5.04",
        "200403": "4.47",
        "200404": "4.61",
        "200405": "4.31",
        "200406": "4.48",
        "200407": "3.77",
        "200408": "2.31",
        "200409": "2.29",
        "200410": "1.92",
        "200411": "1.55",
        "200412": "1.73",
        "200501": "1.60",
        "200502": "1.58",
        "200503": "1.41",
        "200504": "1.64",
        "200505": "1.95",
        "200506": "2.30",
        "200507": "2.45",
        "200508": "3.03",
        "200509": "3.39",
        "200510": "3.87",
        "200511": "4.03",
        "200512": "3.80",
        "200601": "3.68",
        "200602": "3.67",
        "200603": "3.84",
        "200604": "4.23",
        "200605": "4.14",
        "200606": "3.91",
        "200607": "3.38",
        "200608": "2.83",
        "200609": "3.14",
        "200610": "3.48",
        "200611": "4.10",
        "200612": "3.94",
        "200701": "3.34",
        "200702": "3.28",
        "200703": "3.16",
        "200704": "3.32",
        "200705": "3.17",
        "200706": "2.95",
        "200707": "2.72",
        "200708": "2.47",
        "200709": "2.71",
        "200710": "3.38",
        "200711": "3.47",
        "200712": "3.58",
        "200801": "3.34",
        "200802": "3.95",
        "200803": "4.88",
        "200804": "5.08",
        "200805": "4.42",
        "200806": "4.37",
        "200807": "4.02",
        "200808": "4.37",
        "200809": "4.35",
        "200810": "3.35",
        "200811": "3.13",
        "200812": "3.87",
        "200901": "4.60",
        "200902": "5.25",
        "200903": "5.70",
        "200904": "6.55",
        "200905": "5.75",
        "200906": "5.69",
        "200907": "6.06",
        "200908": "6.37",
        "200909": "6.38",
        "200910": "7.03",
        "200911": "8.31",
        "200912": "8.01",
        "201001": "7.56",
        "201002": "9.06",
        "201003": "10.15",
        "201004": "12.80",
        "201005": "14.56",
        "201006": "16.67",
        "201007": "16.04",
        "201008": "17.56",
        "201009": "21.35",
        "201010": "22.85",
        "201011": "25.27",
        "201012": "26.44",
        "201101": "27.08",
        "201102": "31.82",
        "201103": "30.76",
        "201104": "34.06",
        "201105": "34.85",
        "201106": "37.05",
        "201107": "40.29",
        "201108": "33.33",
        "201109": "23.96",
        "201110": "15.27",
        "201111": "11.39",
        "201112": "10.04",
        "201201": "13.96",
        "201202": "17.13",
        "201203": "16.14",
        "201204": "14.41",
        "201205": "10.43",
        "201206": "9.39",
        "201207": "10.75",
        "201208": "8.68",
        "201209": "8.08",
        "201210": "9.40",
        "201211": "11.43",
        "201212": "12.77",
        "201301": "16.72",
        "201302": "26.07",
        "201303": "26.38",
        "201304": "26.12",
        "201305": "31.96",
        "201306": "31.28",
        "201307": "35.16",
        "201308": "37.74",
        "201309": "43.35",
        "201310": "45.96",
        "201311": "48.95",
        "201312": "52.58",
        "201401": "51.30",
        "201402": "61.63",
        "201403": "59.26",
        "201404": "48.66",
        "201405": "51.78",
        "201406": "61.90",
        "201407": "63.20",
        "201408": "65.32",
        "201409": "66.12",
        "201410": "58.93",
        "201411": "53.35",
        "201412": "48.51",
        "201501": "53.41",
        "201502": "66.13",
        "201503": "62.52",
        "201504": "72.26",
        "201505": "85.20",
        "201506": "93.20",
        "201507": "104.24",
        "201508": "117.50",
        "201509": "100.56",
        "201510": "105.59",
        "201511": "116.07",
        "201512": "121.30",
        "201601": "105.45",
        "201602": "89.97",
        "201603": "99.32",
        "201604": "100.81",
        "201605": "93.17",
        "201606": "94.30",
        "201607": "93.16",
        "201608": "95.62",
        "201609": "97.45",
        "201610": "113.16",
        "201611": "118.38",
        "201612": "124.01",
        "201701": "134.88",
        "201702": "142.50",
        "201703": "143.23",
        "201704": "145.46",
        "201705": "158.40",
        "201706": "156.51",
        "201707": "169.45",
        "201708": "172.39",
        "201709": "181.67",
        "201710": "194.28",
        "201711": "195.22",
        "201712": "187.85",
        "201801": "232.91",
        "201802": "271.44",
        "201803": "312.23",
        "201804": "307.47",
        "201805": "331.54",
        "201806": "384.13",
        "201807": "381.52",
        "201808": "346.26",
        "201809": "362.64",
        "201810": "335.45",
        "201811": "290.34",
        "201812": "265.30",
        "201901": "325.81",
        "201902": "355.61",
        "201903": "359.44",
        "201904": "366.15",
        "201905": "359.44",
        "201906": "356.62",
        "201907": "350.78",
        "201908": "303.13",
        "201909": "281.95",
        "201910": "277.64",
        "201911": "299.13",
        "201912": "314.60",
        "202001": "338.83",
        "202002": "373.99",
        "202003": "350.59",
        "202004": "404.31",
        "202005": "433.29",
        "202006": "438.98",
        "202007": "499.38",
        "202008": "498.07",
        "202009": "495.55",
        "202010": "515.14",
        "202011": "487.44",
        "202012": "516.57",
        "202101": "526.82",
        "202102": "548.96",
        "202103": "518.12",
        "202104": "533.14",
        "202105": "496.71",
        "202106": "503.32",
        "202107": "528.65",
        "202108": "532.35",
        "202109": "590.80",
        "202110": "642.20",
        "202111": "667.52",
        "202112": "608.48",
        "202201": "487.85",
        "202202": "400.99",
        "202203": "366.79",
        "202204": "297.41",
        "202205": "186.45",
        "202206": "184.85",
        "202207": "199.09",
        "202208": "233.03",
        "202209": "232.11",
        "202210": "256.27",
        "202211": "283.17",
        "202212": "302.04",
        "202301": "334.76",
        "202302": "349.10",
        "202303": "312.60",
        "202304": "333.74",
        "202305": "347.46",
        "202306": "421.46",
        "202307": "440.33",
        "202308": "424.06",
        "202309": "407.32",
        "202310": "381.44"
    },
    "quarters": {
        "20011": {
            "year_quarter": 20011,
            "year": 2001,
            "quarter": 1,
            "eps": -0.1,
            "eps_growth_year": null,
            "eps_4q": -0.25,
            "eps_4q_growth_year": null,
            "roe": null,
            "roe_4q": 0,
            "gross_profit": -4733,
            "gross_margin": -27.75,
            "gross_margin_4q_avg": -27.75,
            "net_income": -20598,
            "net_income_4q": null,
            "revenue": 17057,
            "revenue_4q": null,
            "common_shares": null,
            "book_valuer_per_share": null,
            "book_valuer_per_share_4q_avg": 0,
            "equity": null,
            "current_ratio": null,
            "debt_ratio": null,
            "inventory_turnover_ratio": null,
            "account_receivable_turnover_ratio": null,
            "reinvestment_rate": null,
            "research_to_sale_ratio": 32.09,
            "price_fair": 0,
            "eps_avg_yearly": 0,
            "eps_latest_yearly": 0,
            "eps_growth_yearly": 0
        },
        "20012": {
            "year_quarter": 20012,
            "year": 2001,
            "quarter": 2,
            "eps": -0.04,
            "eps_growth_year": null,
            "eps_4q": -0.25,
            "eps_4q_growth_year": null,
            "roe": null,
            "roe_4q": 0,
            "gross_profit": 3548,
            "gross_margin": 19.33,
            "gross_margin_4q_avg": -4.21,
            "net_income": -8001,
            "net_income_4q": null,
            "revenue": 18359,
            "revenue_4q": null,
            "common_shares": null,
            "book_valuer_per_share": null,
            "book_valuer_per_share_4q_avg": 0,
            "equity": null,
            "current_ratio": null,
            "debt_ratio": null,
            "inventory_turnover_ratio": null,
            "account_receivable_turnover_ratio": null,
            "reinvestment_rate": null,
            "research_to_sale_ratio": 26.67,
            "price_fair": 0,
            "eps_avg_yearly": 0,
            "eps_latest_yearly": 0,
            "eps_growth_yearly": 0
        },
        "20013": {
            "year_quarter": 20013,
            "year": 2001,
            "quarter": 3,
            "eps": -0.02,
            "eps_growth_year": null,
            "eps_4q": -0.23,
            "eps_4q_growth_year": null,
            "roe": null,
            "roe_4q": 0,
            "gross_profit": 5752,
            "gross_margin": 30.47,
            "gross_margin_4q_avg": 7.35,
            "net_income": -5554,
            "net_income_4q": null,
            "revenue": 18878,
            "revenue_4q": null,
            "common_shares": null,
            "book_valuer_per_share": null,
            "book_valuer_per_share_4q_avg": 0,
            "equity": null,
            "current_ratio": null,
            "debt_ratio": null,
            "inventory_turnover_ratio": null,
            "account_receivable_turnover_ratio": null,
            "reinvestment_rate": null,
            "research_to_sale_ratio": 23.64,
            "price_fair": 0,
            "eps_avg_yearly": 0,
            "eps_latest_yearly": 0,
            "eps_growth_yearly": 0
        },
        "20014": {
            "year_quarter": 20014,
            "year": 2001,
            "quarter": 4,
            "eps": -0.02,
            "eps_growth_year": null,
            "eps_4q": -0.19,
            "eps_4q_growth_year": null,
            "roe": null,
            "roe_4q": 0,
            "gross_profit": 7986,
            "gross_margin": 36.94,
            "gross_margin_4q_avg": 14.75,
            "net_income": -4465,
            "net_income_4q": null,
            "revenue": 21618,
            "revenue_4q": null,
            "common_shares": 2,
            "book_valuer_per_share": -0.34,
            "book_valuer_per_share_4q_avg": -0.09,
            "equity": -90504,
            "current_ratio": 74.6,
            "debt_ratio": 317.4,
            "inventory_turnover_ratio": null,
            "account_receivable_turnover_ratio": null,
            "reinvestment_rate": null,
            "research_to_sale_ratio": 13.42,
            "price_fair": 0,
            "eps_avg_yearly": 0,
            "eps_latest_yearly": 0,
            "eps_growth_yearly": 0
        },
        "20021": {
            "year_quarter": 20021,
            "year": 2002,
            "quarter": 1,
            "eps": -0.01,
            "eps_growth_year": null,
            "eps_4q": -0.1,
            "eps_4q_growth_year": null,
            "roe": 3,
            "roe_4q": 3,
            "gross_profit": 11214,
            "gross_margin": 36.73,
            "gross_margin_4q_avg": 30.87,
            "net_income": -2729,
            "net_income_4q": null,
            "revenue": 30527,
            "revenue_4q": null,
            "common_shares": 7,
            "book_valuer_per_share": -0.35,
            "book_valuer_per_share_4q_avg": -0.17,
            "equity": -91306,
            "current_ratio": 67.54,
            "debt_ratio": 306.08,
            "inventory_turnover_ratio": null,
            "account_receivable_turnover_ratio": null,
            "reinvestment_rate": null,
            "research_to_sale_ratio": 10.42,
            "price_fair": 0,
            "eps_avg_yearly": 0,
            "eps_latest_yearly": 0,
            "eps_growth_yearly": 0
        },
        "20022": {
            "year_quarter": 20022,
            "year": 2002,
            "quarter": 2,
            "eps": -0.04,
            "eps_growth_year": null,
            "eps_4q": -0.1,
            "eps_4q_growth_year": null,
            "roe": 569.23,
            "roe_4q": 572.23,
            "gross_profit": 13414,
            "gross_margin": 36.89,
            "gross_margin_4q_avg": 35.26,
            "net_income": -13115,
            "net_income_4q": null,
            "revenue": 36360,
            "revenue_4q": null,
            "common_shares": 21,
            "book_valuer_per_share": 0.24,
            "book_valuer_per_share_4q_avg": -0.11,
            "equity": 86698,
            "current_ratio": 315.03,
            "debt_ratio": 26.46,
            "inventory_turnover_ratio": null,
            "account_receivable_turnover_ratio": null,
            "reinvestment_rate": null,
            "research_to_sale_ratio": 9.68,
            "price_fair": 0,
            "eps_avg_yearly": 0,
            "eps_latest_yearly": 0,
            "eps_growth_yearly": 0
        },
        "20023": {
            "year_quarter": 20023,
            "year": 2002,
            "quarter": 3,
            "eps": -0.01,
            "eps_growth_year": null,
            "eps_4q": -0.08,
            "eps_4q_growth_year": null,
            "roe": -3.28,
            "roe_4q": 568.95,
            "gross_profit": 14327,
            "gross_margin": 35.17,
            "gross_margin_4q_avg": 36.43,
            "net_income": -2850,
            "net_income_4q": null,
            "revenue": 40731,
            "revenue_4q": null,
            "common_shares": 22,
            "book_valuer_per_share": 0.24,
            "book_valuer_per_share_4q_avg": -0.05,
            "equity": 87311,
            "current_ratio": 290.04,
            "debt_ratio": 28.96,
            "inventory_turnover_ratio": null,
            "account_receivable_turnover_ratio": null,
            "reinvestment_rate": null,
            "research_to_sale_ratio": 9.74,
            "price_fair": 0,
            "eps_avg_yearly": 0,
            "eps_latest_yearly": 0,
            "eps_growth_yearly": 0
        },
        "20024": {
            "year_quarter": 20024,
            "year": 2002,
            "quarter": 4,
            "eps": -0.01,
            "eps_growth_year": null,
            "eps_4q": -0.07,
            "eps_4q_growth_year": null,
            "roe": -2.55,
            "roe_4q": 566.4,
            "gross_profit": 16349,
            "gross_margin": 36.18,
            "gross_margin_4q_avg": 36.24,
            "net_income": -2254,
            "net_income_4q": null,
            "revenue": 45188,
            "revenue_4q": null,
            "common_shares": 45,
            "book_valuer_per_share": 0.23,
            "book_valuer_per_share_4q_avg": 0.09,
            "equity": 89356,
            "current_ratio": 264.87,
            "debt_ratio": 31.54,
            "inventory_turnover_ratio": null,
            "account_receivable_turnover_ratio": null,
            "reinvestment_rate": null,
            "research_to_sale_ratio": 8.76,
            "price_fair": 0,
            "eps_avg_yearly": 0,
            "eps_latest_yearly": 0,
            "eps_growth_yearly": 0
        },
        "20031": {
            "year_quarter": 20031,
            "year": 2003,
            "quarter": 1,
            "eps": -0.01,
            "eps_growth_year": null,
            "eps_4q": -0.07,
            "eps_4q_growth_year": null,
            "roe": -2.63,
            "roe_4q": 560.77,
            "gross_profit": 19279,
            "gross_margin": 34.63,
            "gross_margin_4q_avg": 35.72,
            "net_income": -2375,
            "net_income_4q": null,
            "revenue": 55669,
            "revenue_4q": null,
            "common_shares": 23,
            "book_valuer_per_share": 0.24,
            "book_valuer_per_share_4q_avg": 0.24,
            "equity": 91064,
            "current_ratio": 257.79,
            "debt_ratio": 32.86,
            "inventory_turnover_ratio": null,
            "account_receivable_turnover_ratio": null,
            "reinvestment_rate": null,
            "research_to_sale_ratio": 7.51,
            "price_fair": 0,
            "eps_avg_yearly": 0,
            "eps_latest_yearly": 0,
            "eps_growth_yearly": 0
        },
        "20032": {
            "year_quarter": 20032,
            "year": 2003,
            "quarter": 2,
            "eps": 0.01,
            "eps_growth_year": null,
            "eps_4q": -0.02,
            "eps_4q_growth_year": null,
            "roe": 3.5,
            "roe_4q": -4.959999999999999,
            "gross_profit": 20725,
            "gross_margin": 32.8,
            "gross_margin_4q_avg": 34.7,
            "net_income": 3313,
            "net_income_4q": null,
            "revenue": 63187,
            "revenue_4q": null,
            "common_shares": 24,
            "book_valuer_per_share": 0.23,
            "book_valuer_per_share_4q_avg": 0.24,
            "equity": 98006,
            "current_ratio": 232.06,
            "debt_ratio": 34.69,
            "inventory_turnover_ratio": null,
            "account_receivable_turnover_ratio": null,
            "reinvestment_rate": null,
            "research_to_sale_ratio": 6.53,
            "price_fair": 0,
            "eps_avg_yearly": 0,
            "eps_latest_yearly": 0,
            "eps_growth_yearly": 0
        },
        "20033": {
            "year_quarter": 20033,
            "year": 2003,
            "quarter": 3,
            "eps": 0.01,
            "eps_growth_year": null,
            "eps_4q": 0,
            "eps_4q_growth_year": null,
            "roe": 3.26,
            "roe_4q": 1.58,
            "gross_profit": 25232,
            "gross_margin": 34.95,
            "gross_margin_4q_avg": 34.64,
            "net_income": 3303,
            "net_income_4q": null,
            "revenue": 72202,
            "revenue_4q": null,
            "common_shares": 24,
            "book_valuer_per_share": 0.24,
            "book_valuer_per_share_4q_avg": 0.24,
            "equity": 104861,
            "current_ratio": 238.26,
            "debt_ratio": 33.99,
            "inventory_turnover_ratio": null,
            "account_receivable_turnover_ratio": null,
            "reinvestment_rate": null,
            "research_to_sale_ratio": 6.56,
            "price_fair": 0.4,
            "eps_avg_yearly": 0.04,
            "eps_latest_yearly": 0.04,
            "eps_growth_yearly": 0
        },
        "20034": {
            "year_quarter": 20034,
            "year": 2003,
            "quarter": 4,
            "eps": 0.01,
            "eps_growth_year": null,
            "eps_4q": 0.01,
            "eps_4q_growth_year": null,
            "roe": 2.09,
            "roe_4q": 6.22,
            "gross_profit": 27373,
            "gross_margin": 33.72,
            "gross_margin_4q_avg": 34.03,
            "net_income": 2271,
            "net_income_4q": null,
            "revenue": 81185,
            "revenue_4q": null,
            "common_shares": 51,
            "book_valuer_per_share": 0.25,
            "book_valuer_per_share_4q_avg": 0.24,
            "equity": 112708,
            "current_ratio": 220.48,
            "debt_ratio": 35.97,
            "inventory_turnover_ratio": null,
            "account_receivable_turnover_ratio": null,
            "reinvestment_rate": null,
            "research_to_sale_ratio": 5.96,
            "price_fair": 0.4,
            "eps_avg_yearly": 0.04,
            "eps_latest_yearly": 0.04,
            "eps_growth_yearly": 0
        },
        "20041": {
            "year_quarter": 20041,
            "year": 2004,
            "quarter": 1,
            "eps": -0.02,
            "eps_growth_year": null,
            "eps_4q": 0,
            "eps_4q_growth_year": null,
            "roe": -5.12,
            "roe_4q": 3.7299999999999995,
            "gross_profit": 32953,
            "gross_margin": 32.83,
            "gross_margin_4q_avg": 33.58,
            "net_income": -5790,
            "net_income_4q": null,
            "revenue": 100370,
            "revenue_4q": null,
            "common_shares": 52,
            "book_valuer_per_share": 0.23,
            "book_valuer_per_share_4q_avg": 0.24,
            "equity": 113525,
            "current_ratio": 192.2,
            "debt_ratio": 40.64,
            "inventory_turnover_ratio": null,
            "account_receivable_turnover_ratio": null,
            "reinvestment_rate": null,
            "research_to_sale_ratio": 5.02,
            "price_fair": 0.4,
            "eps_avg_yearly": 0.04,
            "eps_latest_yearly": 0.04,
            "eps_growth_yearly": 0
        },
        "20042": {
            "year_quarter": 20042,
            "year": 2004,
            "quarter": 2,
            "eps": 0.01,
            "eps_growth_year": -17.19,
            "eps_4q": 0,
            "eps_4q_growth_year": null,
            "roe": 2.46,
            "roe_4q": 2.6899999999999995,
            "gross_profit": 36160,
            "gross_margin": 30.05,
            "gross_margin_4q_avg": 32.89,
            "net_income": 2891,
            "net_income_4q": null,
            "revenue": 120321,
            "revenue_4q": null,
            "common_shares": 52,
            "book_valuer_per_share": 0.25,
            "book_valuer_per_share_4q_avg": 0.24,
            "equity": 121906,
            "current_ratio": 193.78,
            "debt_ratio": 40.3,
            "inventory_turnover_ratio": null,
            "account_receivable_turnover_ratio": null,
            "reinvestment_rate": null,
            "research_to_sale_ratio": 4.7,
            "price_fair": 0.4,
            "eps_avg_yearly": 0.04,
            "eps_latest_yearly": 0.04,
            "eps_growth_yearly": 0
        },
        "20043": {
            "year_quarter": 20043,
            "year": 2004,
            "quarter": 3,
            "eps": 0.04,
            "eps_growth_year": 459.33,
            "eps_4q": 0.04,
            "eps_4q_growth_year": 7656.25,
            "roe": 14.19,
            "roe_4q": 13.619999999999997,
            "gross_profit": 55030,
            "gross_margin": 38.85,
            "gross_margin_4q_avg": 33.86,
            "net_income": 18925,
            "net_income_4q": null,
            "revenue": 141644,
            "revenue_4q": null,
            "common_shares": 52,
            "book_valuer_per_share": 0.28,
            "book_valuer_per_share_4q_avg": 0.25,
            "equity": 144820,
            "current_ratio": 195.47,
            "debt_ratio": 38.54,
            "inventory_turnover_ratio": null,
            "account_receivable_turnover_ratio": null,
            "reinvestment_rate": null,
            "research_to_sale_ratio": 4.47,
            "price_fair": 2.8,
            "eps_avg_yearly": 0.08,
            "eps_latest_yearly": 0.16,
            "eps_growth_yearly": 400
        },
        "20044": {
            "year_quarter": 20044,
            "year": 2004,
            "quarter": 4,
            "eps": 0.01,
            "eps_growth_year": 147.33,
            "eps_4q": 0.04,
            "eps_4q_growth_year": 249.8,
            "roe": 3.7,
            "roe_4q": 15.23,
            "gross_profit": 49018,
            "gross_margin": 34.07,
            "gross_margin_4q_avg": 33.95,
            "net_income": 5569,
            "net_income_4q": null,
            "revenue": 143893,
            "revenue_4q": null,
            "common_shares": 53,
            "book_valuer_per_share": 0.31,
            "book_valuer_per_share_4q_avg": 0.27,
            "equity": 156283,
            "current_ratio": 197.39,
            "debt_ratio": 37.93,
            "inventory_turnover_ratio": null,
            "account_receivable_turnover_ratio": null,
            "reinvestment_rate": null,
            "research_to_sale_ratio": 4.09,
            "price_fair": 2.45,
            "eps_avg_yearly": 0.07,
            "eps_latest_yearly": 0.04,
            "eps_growth_yearly": 225
        },
        "20051": {
            "year_quarter": 20051,
            "year": 2005,
            "quarter": 1,
            "eps": -0.03,
            "eps_growth_year": null,
            "eps_4q": 0.04,
            "eps_4q_growth_year": 771.71,
            "roe": -5.72,
            "roe_4q": 14.629999999999999,
            "gross_profit": 41325,
            "gross_margin": 27.11,
            "gross_margin_4q_avg": 32.52,
            "net_income": -8814,
            "net_income_4q": null,
            "revenue": 152446,
            "revenue_4q": null,
            "common_shares": 53,
            "book_valuer_per_share": 0.27,
            "book_valuer_per_share_4q_avg": 0.28,
            "equity": 152113,
            "current_ratio": 172.7,
            "debt_ratio": 40.01,
            "inventory_turnover_ratio": null,
            "account_receivable_turnover_ratio": null,
            "reinvestment_rate": null,
            "research_to_sale_ratio": 5.62,
            "price_fair": 2.45,
            "eps_avg_yearly": 0.07,
            "eps_latest_yearly": 0.04,
            "eps_growth_yearly": 225
        },
        "20052": {
            "year_quarter": 20052,
            "year": 2005,
            "quarter": 2,
            "eps": 0.01,
            "eps_growth_year": 93.71,
            "eps_4q": 0.04,
            "eps_4q_growth_year": 1400,
            "roe": 3.59,
            "roe_4q": 15.76,
            "gross_profit": 46178,
            "gross_margin": 28.15,
            "gross_margin_4q_avg": 32.05,
            "net_income": 5684,
            "net_income_4q": null,
            "revenue": 164027,
            "revenue_4q": null,
            "common_shares": 53,
            "book_valuer_per_share": 0.29,
            "book_valuer_per_share_4q_avg": 0.29,
            "equity": 164533,
            "current_ratio": 176.39,
            "debt_ratio": 38.77,
            "inventory_turnover_ratio": null,
            "account_receivable_turnover_ratio": null,
            "reinvestment_rate": null,
            "research_to_sale_ratio": 5.27,
            "price_fair": 2.45,
            "eps_avg_yearly": 0.07,
            "eps_latest_yearly": 0.04,
            "eps_growth_yearly": 225
        },
        "20053": {
            "year_quarter": 20053,
            "year": 2005,
            "quarter": 3,
            "eps": 0.01,
            "eps_growth_year": -66.15,
            "eps_4q": 0.01,
            "eps_4q_growth_year": -62.53,
            "roe": 4.05,
            "roe_4q": 5.62,
            "gross_profit": 57091,
            "gross_margin": 33.05,
            "gross_margin_4q_avg": 30.6,
            "net_income": 6946,
            "net_income_4q": null,
            "revenue": 172740,
            "revenue_4q": null,
            "common_shares": 54,
            "book_valuer_per_share": 0.33,
            "book_valuer_per_share_4q_avg": 0.3,
            "equity": 178672,
            "current_ratio": 194.34,
            "debt_ratio": 35.8,
            "inventory_turnover_ratio": null,
            "account_receivable_turnover_ratio": null,
            "reinvestment_rate": 341.17,
            "research_to_sale_ratio": 5.18,
            "price_fair": 2.24,
            "eps_avg_yearly": 0.06,
            "eps_latest_yearly": 0.04,
            "eps_growth_yearly": 180
        },
        "20054": {
            "year_quarter": 20054,
            "year": 2005,
            "quarter": 4,
            "eps": 0.08,
            "eps_growth_year": 543.96,
            "eps_4q": 0.08,
            "eps_4q_growth_year": 83.32,
            "roe": 18.87,
            "roe_4q": 20.790000000000003,
            "gross_profit": 71844,
            "gross_margin": 37.22,
            "gross_margin_4q_avg": 31.38,
            "net_income": 38211,
            "net_income_4q": null,
            "revenue": 193000,
            "revenue_4q": null,
            "common_shares": 55,
            "book_valuer_per_share": 0.44,
            "book_valuer_per_share_4q_avg": 0.33,
            "equity": 226252,
            "current_ratio": 177.12,
            "debt_ratio": 37.96,
            "inventory_turnover_ratio": null,
            "account_receivable_turnover_ratio": null,
            "reinvestment_rate": 66.66,
            "research_to_sale_ratio": 4.78,
            "price_fair": 3.73,
            "eps_avg_yearly": 0.11,
            "eps_latest_yearly": 0.32,
            "eps_growth_yearly": 616.67
        },
        "20061": {
            "year_quarter": 20061,
            "year": 2006,
            "quarter": 1,
            "eps": 0.01,
            "eps_growth_year": null,
            "eps_4q": 0.11,
            "eps_4q_growth_year": 220.65,
            "roe": 1.9,
            "roe_4q": 28.41,
            "gross_profit": 75861,
            "gross_margin": 33.85,
            "gross_margin_4q_avg": 33.07,
            "net_income": 4404,
            "net_income_4q": null,
            "revenue": 224126,
            "revenue_4q": null,
            "common_shares": 55,
            "book_valuer_per_share": 0.42,
            "book_valuer_per_share_4q_avg": 0.37,
            "equity": 237800,
            "current_ratio": 165.54,
            "debt_ratio": 39.48,
            "inventory_turnover_ratio": null,
            "account_receivable_turnover_ratio": null,
            "reinvestment_rate": 59.24,
            "research_to_sale_ratio": 5,
            "price_fair": 3.4,
            "eps_avg_yearly": 0.1,
            "eps_latest_yearly": 0.04,
            "eps_growth_yearly": 478.57
        },
        "20062": {
            "year_quarter": 20062,
            "year": 2006,
            "quarter": 2,
            "eps": 0.03,
            "eps_growth_year": 175.57,
            "eps_4q": 0.14,
            "eps_4q_growth_year": 226.69,
            "roe": 5.64,
            "roe_4q": 30.46,
            "gross_profit": 88772,
            "gross_margin": 37.09,
            "gross_margin_4q_avg": 35.3,
            "net_income": 17037,
            "net_income_4q": null,
            "revenue": 239351,
            "revenue_4q": null,
            "common_shares": 68,
            "book_valuer_per_share": 0.6,
            "book_valuer_per_share_4q_avg": 0.45,
            "equity": 366354,
            "current_ratio": 254.66,
            "debt_ratio": 28.55,
            "inventory_turnover_ratio": null,
            "account_receivable_turnover_ratio": null,
            "reinvestment_rate": 41.33,
            "research_to_sale_ratio": 5.03,
            "price_fair": 3.5,
            "eps_avg_yearly": 0.1,
            "eps_latest_yearly": 0.12,
            "eps_growth_yearly": 518.75
        },
        "20063": {
            "year_quarter": 20063,
            "year": 2006,
            "quarter": 3,
            "eps": 0.02,
            "eps_growth_year": 73.17,
            "eps_4q": 0.15,
            "eps_4q_growth_year": 951.04,
            "roe": 3.39,
            "roe_4q": 29.8,
            "gross_profit": 97157,
            "gross_margin": 37.96,
            "gross_margin_4q_avg": 36.53,
            "net_income": 12781,
            "net_income_4q": null,
            "revenue": 255950,
            "revenue_4q": null,
            "common_shares": 68,
            "book_valuer_per_share": 0.62,
            "book_valuer_per_share_4q_avg": 0.52,
            "equity": 387003,
            "current_ratio": 243.16,
            "debt_ratio": 29.71,
            "inventory_turnover_ratio": null,
            "account_receivable_turnover_ratio": null,
            "reinvestment_rate": 36.77,
            "research_to_sale_ratio": 4.66,
            "price_fair": 3.42,
            "eps_avg_yearly": 0.1,
            "eps_latest_yearly": 0.08,
            "eps_growth_yearly": 446.3
        },
        "20064": {
            "year_quarter": 20064,
            "year": 2006,
            "quarter": 4,
            "eps": 0.03,
            "eps_growth_year": -64.7,
            "eps_4q": 0.09,
            "eps_4q_growth_year": 15.5,
            "roe": 3.71,
            "roe_4q": 14.639999999999999,
            "gross_profit": 107885,
            "gross_margin": 38.91,
            "gross_margin_4q_avg": 36.95,
            "net_income": 14860,
            "net_income_4q": null,
            "revenue": 277233,
            "revenue_4q": null,
            "common_shares": 69,
            "book_valuer_per_share": 0.64,
            "book_valuer_per_share_4q_avg": 0.57,
            "equity": 414211,
            "current_ratio": 221.47,
            "debt_ratio": 31.96,
            "inventory_turnover_ratio": null,
            "account_receivable_turnover_ratio": null,
            "reinvestment_rate": 42.49,
            "research_to_sale_ratio": 4.76,
            "price_fair": 3.5,
            "eps_avg_yearly": 0.1,
            "eps_latest_yearly": 0.12,
            "eps_growth_yearly": 421.67
        },
        "20071": {
            "year_quarter": 20071,
            "year": 2007,
            "quarter": 1,
            "eps": 0.02,
            "eps_growth_year": 144.05,
            "eps_4q": 0.11,
            "eps_4q_growth_year": -7.85,
            "roe": 2.31,
            "roe_4q": 15.05,
            "gross_profit": 110348,
            "gross_margin": 36.14,
            "gross_margin_4q_avg": 37.53,
            "net_income": 9776,
            "net_income_4q": null,
            "revenue": 305320,
            "revenue_4q": null,
            "common_shares": 69,
            "book_valuer_per_share": 0.66,
            "book_valuer_per_share_4q_avg": 0.63,
            "equity": 432204,
            "current_ratio": 222.34,
            "debt_ratio": 30.86,
            "inventory_turnover_ratio": null,
            "account_receivable_turnover_ratio": null,
            "reinvestment_rate": 44.41,
            "research_to_sale_ratio": 5.11,
            "price_fair": 3.44,
            "eps_avg_yearly": 0.1,
            "eps_latest_yearly": 0.08,
            "eps_growth_yearly": 371.21
        },
        "20072": {
            "year_quarter": 20072,
            "year": 2007,
            "quarter": 2,
            "eps": 0.04,
            "eps_growth_year": 20.44,
            "eps_4q": 0.11,
            "eps_4q_growth_year": -17.39,
            "roe": 5.82,
            "roe_4q": 15.23,
            "gross_profit": 107000,
            "gross_margin": 35.23,
            "gross_margin_4q_avg": 37.06,
            "net_income": 25494,
            "net_income_4q": null,
            "revenue": 303693,
            "revenue_4q": null,
            "common_shares": 68,
            "book_valuer_per_share": 0.7,
            "book_valuer_per_share_4q_avg": 0.66,
            "equity": 444081,
            "current_ratio": 245.8,
            "debt_ratio": 27.47,
            "inventory_turnover_ratio": null,
            "account_receivable_turnover_ratio": null,
            "reinvestment_rate": 39.58,
            "research_to_sale_ratio": 6.19,
            "price_fair": 3.62,
            "eps_avg_yearly": 0.1,
            "eps_latest_yearly": 0.16,
            "eps_growth_yearly": 373.61
        },
        "20073": {
            "year_quarter": 20073,
            "year": 2007,
            "quarter": 3,
            "eps": 0.03,
            "eps_growth_year": 21.88,
            "eps_4q": 0.12,
            "eps_4q_growth_year": -19.57,
            "roe": 3.56,
            "roe_4q": 15.400000000000002,
            "gross_profit": 99519,
            "gross_margin": 33.85,
            "gross_margin_4q_avg": 36.03,
            "net_income": 15647,
            "net_income_4q": null,
            "revenue": 293972,
            "revenue_4q": null,
            "common_shares": 66,
            "book_valuer_per_share": 0.7,
            "book_valuer_per_share_4q_avg": 0.68,
            "equity": 434438,
            "current_ratio": 222.71,
            "debt_ratio": 30.4,
            "inventory_turnover_ratio": null,
            "account_receivable_turnover_ratio": null,
            "reinvestment_rate": 37.28,
            "research_to_sale_ratio": 6.16,
            "price_fair": 3.85,
            "eps_avg_yearly": 0.11,
            "eps_latest_yearly": 0.12,
            "eps_growth_yearly": 365.28
        },
        "20074": {
            "year_quarter": 20074,
            "year": 2007,
            "quarter": 4,
            "eps": 0.03,
            "eps_growth_year": 9.9,
            "eps_4q": 0.12,
            "eps_4q_growth_year": 27.65,
            "roe": 3.63,
            "roe_4q": 15.32,
            "gross_profit": 102305,
            "gross_margin": 33.84,
            "gross_margin_4q_avg": 34.77,
            "net_income": 15691,
            "net_income_4q": null,
            "revenue": 302355,
            "revenue_4q": null,
            "common_shares": 65,
            "book_valuer_per_share": 0.7,
            "book_valuer_per_share_4q_avg": 0.69,
            "equity": 429812,
            "current_ratio": 207,
            "debt_ratio": 36.7,
            "inventory_turnover_ratio": null,
            "account_receivable_turnover_ratio": null,
            "reinvestment_rate": 57.36,
            "research_to_sale_ratio": 6.1,
            "price_fair": 4.08,
            "eps_avg_yearly": 0.12,
            "eps_latest_yearly": 0.12,
            "eps_growth_yearly": 365.28
        },
        "20081": {
            "year_quarter": 20081,
            "year": 2008,
            "quarter": 1,
            "eps": 0.03,
            "eps_growth_year": 51.63,
            "eps_4q": 0.13,
            "eps_4q_growth_year": 23.46,
            "roe": 3.4,
            "roe_4q": 16.41,
            "gross_profit": 103378,
            "gross_margin": 31.69,
            "gross_margin_4q_avg": 33.65,
            "net_income": 13344,
            "net_income_4q": null,
            "revenue": 326183,
            "revenue_4q": null,
            "common_shares": 61,
            "book_valuer_per_share": 0.49,
            "book_valuer_per_share_4q_avg": 0.65,
            "equity": 355433,
            "current_ratio": 143.71,
            "debt_ratio": 39.31,
            "inventory_turnover_ratio": null,
            "account_receivable_turnover_ratio": null,
            "reinvestment_rate": 38.27,
            "research_to_sale_ratio": 6.21,
            "price_fair": 4.09,
            "eps_avg_yearly": 0.12,
            "eps_latest_yearly": 0.12,
            "eps_growth_yearly": 337.18
        },
        "20082": {
            "year_quarter": 20082,
            "year": 2008,
            "quarter": 2,
            "eps": 0.06,
            "eps_growth_year": 36.27,
            "eps_4q": 0.15,
            "eps_4q_growth_year": 29.02,
            "roe": 7.14,
            "roe_4q": 17.729999999999997,
            "gross_profit": 107527,
            "gross_margin": 31.85,
            "gross_margin_4q_avg": 32.81,
            "net_income": 26579,
            "net_income_4q": null,
            "revenue": 337614,
            "revenue_4q": null,
            "common_shares": 62,
            "book_valuer_per_share": 0.61,
            "book_valuer_per_share_4q_avg": 0.63,
            "equity": 389462,
            "current_ratio": 174.88,
            "debt_ratio": 39.71,
            "inventory_turnover_ratio": null,
            "account_receivable_turnover_ratio": null,
            "reinvestment_rate": 52.18,
            "research_to_sale_ratio": 6.57,
            "price_fair": 4.4,
            "eps_avg_yearly": 0.13,
            "eps_latest_yearly": 0.24,
            "eps_growth_yearly": 341.67
        },
        "20083": {
            "year_quarter": 20083,
            "year": 2008,
            "quarter": 3,
            "eps": 0.04,
            "eps_growth_year": 48.65,
            "eps_4q": 0.16,
            "eps_4q_growth_year": 35.5,
            "roe": 5.7,
            "roe_4q": 19.869999999999997,
            "gross_profit": 116773,
            "gross_margin": 34.22,
            "gross_margin_4q_avg": 32.9,
            "net_income": 20371,
            "net_income_4q": null,
            "revenue": 341269,
            "revenue_4q": null,
            "common_shares": 62,
            "book_valuer_per_share": 0.48,
            "book_valuer_per_share_4q_avg": 0.57,
            "equity": 324833,
            "current_ratio": 144.97,
            "debt_ratio": 44.28,
            "inventory_turnover_ratio": null,
            "account_receivable_turnover_ratio": null,
            "reinvestment_rate": 49.12,
            "research_to_sale_ratio": 6.85,
            "price_fair": 4.4,
            "eps_avg_yearly": 0.13,
            "eps_latest_yearly": 0.16,
            "eps_growth_yearly": 246.43
        },
        "20084": {
            "year_quarter": 20084,
            "year": 2008,
            "quarter": 4,
            "eps": 0.05,
            "eps_growth_year": 65.32,
            "eps_4q": 0.18,
            "eps_4q_growth_year": 49.23,
            "roe": 6.77,
            "roe_4q": 23.009999999999998,
            "gross_profit": 126749,
            "gross_margin": 35.25,
            "gross_margin_4q_avg": 33.25,
            "net_income": 22732,
            "net_income_4q": null,
            "revenue": 359595,
            "revenue_4q": null,
            "common_shares": 62,
            "book_valuer_per_share": 0.6,
            "book_valuer_per_share_4q_avg": 0.55,
            "equity": 347155,
            "current_ratio": 166.16,
            "debt_ratio": 43.59,
            "inventory_turnover_ratio": null,
            "account_receivable_turnover_ratio": null,
            "reinvestment_rate": 42.08,
            "research_to_sale_ratio": 6.69,
            "price_fair": 4.8,
            "eps_avg_yearly": 0.14,
            "eps_latest_yearly": 0.2,
            "eps_growth_yearly": 275
        },
        "20091": {
            "year_quarter": 20091,
            "year": 2009,
            "quarter": 1,
            "eps": 0.05,
            "eps_growth_year": 80.43,
            "eps_4q": 0.2,
            "eps_4q_growth_year": 55.66,
            "roe": 6.45,
            "roe_4q": 26.06,
            "gross_profit": 134830,
            "gross_margin": 34.21,
            "gross_margin_4q_avg": 33.88,
            "net_income": 22363,
            "net_income_4q": null,
            "revenue": 394098,
            "revenue_4q": null,
            "common_shares": 63,
            "book_valuer_per_share": 0.59,
            "book_valuer_per_share_4q_avg": 0.57,
            "equity": 346312,
            "current_ratio": 161.13,
            "debt_ratio": 44.76,
            "inventory_turnover_ratio": null,
            "account_receivable_turnover_ratio": 15.16,
            "reinvestment_rate": 35.45,
            "research_to_sale_ratio": 6.14,
            "price_fair": 4.95,
            "eps_avg_yearly": 0.14,
            "eps_latest_yearly": 0.2,
            "eps_growth_yearly": 256.67
        },
        "20092": {
            "year_quarter": 20092,
            "year": 2009,
            "quarter": 2,
            "eps": 0.08,
            "eps_growth_year": 39.11,
            "eps_4q": 0.22,
            "eps_4q_growth_year": 54.77,
            "roe": 9.67,
            "roe_4q": 28.59,
            "gross_profit": 139266,
            "gross_margin": 34.09,
            "gross_margin_4q_avg": 34.44,
            "net_income": 32443,
            "net_income_4q": null,
            "revenue": 408509,
            "revenue_4q": null,
            "common_shares": 64,
            "book_valuer_per_share": 0.56,
            "book_valuer_per_share_4q_avg": 0.56,
            "equity": 324371,
            "current_ratio": 162.03,
            "debt_ratio": 44.99,
            "inventory_turnover_ratio": null,
            "account_receivable_turnover_ratio": 12.23,
            "reinvestment_rate": 30.11,
            "research_to_sale_ratio": 6.64,
            "price_fair": 5.34,
            "eps_avg_yearly": 0.15,
            "eps_latest_yearly": 0.32,
            "eps_growth_yearly": 255.63
        },
        "20093": {
            "year_quarter": 20093,
            "year": 2009,
            "quarter": 3,
            "eps": 0.07,
            "eps_growth_year": 61.53,
            "eps_4q": 0.25,
            "eps_4q_growth_year": 57.8,
            "roe": 10.83,
            "roe_4q": 33.72,
            "gross_profit": 147846,
            "gross_margin": 34.94,
            "gross_margin_4q_avg": 34.62,
            "net_income": 30141,
            "net_income_4q": null,
            "revenue": 423120,
            "revenue_4q": null,
            "common_shares": 64,
            "book_valuer_per_share": 0.33,
            "book_valuer_per_share_4q_avg": 0.52,
            "equity": 232202,
            "current_ratio": 114.64,
            "debt_ratio": 52.59,
            "inventory_turnover_ratio": null,
            "account_receivable_turnover_ratio": 12.73,
            "reinvestment_rate": 25.45,
            "research_to_sale_ratio": 7.09,
            "price_fair": 5.86,
            "eps_avg_yearly": 0.17,
            "eps_latest_yearly": 0.28,
            "eps_growth_yearly": 252.5
        },
        "20094": {
            "year_quarter": 20094,
            "year": 2009,
            "quarter": 4,
            "eps": 0.08,
            "eps_growth_year": 49.09,
            "eps_4q": 0.28,
            "eps_4q_growth_year": 54,
            "roe": 14.33,
            "roe_4q": 41.28,
            "gross_profit": 169056,
            "gross_margin": 38.03,
            "gross_margin_4q_avg": 35.32,
            "net_income": 30913,
            "net_income_4q": null,
            "revenue": 444542,
            "revenue_4q": null,
            "common_shares": 53,
            "book_valuer_per_share": 0.24,
            "book_valuer_per_share_4q_avg": 0.43,
            "equity": 199143,
            "current_ratio": 180.72,
            "debt_ratio": 70.7,
            "inventory_turnover_ratio": null,
            "account_receivable_turnover_ratio": 12.65,
            "reinvestment_rate": 29.11,
            "research_to_sale_ratio": 7.47,
            "price_fair": 5.86,
            "eps_avg_yearly": 0.17,
            "eps_latest_yearly": 0.32,
            "eps_growth_yearly": 81.07
        },
        "20101": {
            "year_quarter": 20101,
            "year": 2010,
            "quarter": 1,
            "eps": 0.08,
            "eps_growth_year": 59.77,
            "eps_4q": 0.31,
            "eps_4q_growth_year": 51.77,
            "roe": 18.66,
            "roe_4q": 53.49,
            "gross_profit": 186503,
            "gross_margin": 37.78,
            "gross_margin_4q_avg": 36.21,
            "net_income": 32272,
            "net_income_4q": null,
            "revenue": 493665,
            "revenue_4q": null,
            "common_shares": 52,
            "book_valuer_per_share": 0.1,
            "book_valuer_per_share_4q_avg": 0.31,
            "equity": 146735,
            "current_ratio": 154.93,
            "debt_ratio": 77.37,
            "inventory_turnover_ratio": null,
            "account_receivable_turnover_ratio": 10.63,
            "reinvestment_rate": 24.98,
            "research_to_sale_ratio": 7.58,
            "price_fair": 6.48,
            "eps_avg_yearly": 0.19,
            "eps_latest_yearly": 0.32,
            "eps_growth_yearly": 102.95
        },
        "20102": {
            "year_quarter": 20102,
            "year": 2010,
            "quarter": 2,
            "eps": 0.11,
            "eps_growth_year": 43.68,
            "eps_4q": 0.34,
            "eps_4q_growth_year": 52.12,
            "roe": 26.92,
            "roe_4q": 70.74,
            "gross_profit": 204885,
            "gross_margin": 39.41,
            "gross_margin_4q_avg": 37.54,
            "net_income": 43519,
            "net_income_4q": null,
            "revenue": 519819,
            "revenue_4q": null,
            "common_shares": 52,
            "book_valuer_per_share": 0.22,
            "book_valuer_per_share_4q_avg": 0.22,
            "equity": 176640,
            "current_ratio": 169.61,
            "debt_ratio": 74.55,
            "inventory_turnover_ratio": null,
            "account_receivable_turnover_ratio": 6.99,
            "reinvestment_rate": 21.72,
            "research_to_sale_ratio": 7.28,
            "price_fair": 7.18,
            "eps_avg_yearly": 0.21,
            "eps_latest_yearly": 0.44,
            "eps_growth_yearly": 62.32
        },
        "20103": {
            "year_quarter": 20103,
            "year": 2010,
            "quarter": 3,
            "eps": 0.1,
            "eps_growth_year": 37.13,
            "eps_4q": 0.37,
            "eps_4q_growth_year": 46.18,
            "roe": 20.6,
            "roe_4q": 80.51,
            "gross_profit": 208750,
            "gross_margin": 37.73,
            "gross_margin_4q_avg": 38.24,
            "net_income": 37967,
            "net_income_4q": null,
            "revenue": 553219,
            "revenue_4q": null,
            "common_shares": 52,
            "book_valuer_per_share": 0.2,
            "book_valuer_per_share_4q_avg": 0.19,
            "equity": 191975,
            "current_ratio": 157.72,
            "debt_ratio": 75.08,
            "inventory_turnover_ratio": null,
            "account_receivable_turnover_ratio": 4.78,
            "reinvestment_rate": 17.65,
            "research_to_sale_ratio": 7.61,
            "price_fair": 7.88,
            "eps_avg_yearly": 0.23,
            "eps_latest_yearly": 0.4,
            "eps_growth_yearly": 68.38
        },
        "20104": {
            "year_quarter": 20104,
            "year": 2010,
            "quarter": 4,
            "eps": 0.14,
            "eps_growth_year": 79.53,
            "eps_4q": 0.43,
            "eps_4q_growth_year": 54.88,
            "roe": 22.06,
            "roe_4q": 88.24,
            "gross_profit": 205132,
            "gross_margin": 34.42,
            "gross_margin_4q_avg": 37.34,
            "net_income": 53189,
            "net_income_4q": null,
            "revenue": 595922,
            "revenue_4q": null,
            "common_shares": 53,
            "book_valuer_per_share": 0.3,
            "book_valuer_per_share_4q_avg": 0.21,
            "equity": 290164,
            "current_ratio": 163.99,
            "debt_ratio": 70.45,
            "inventory_turnover_ratio": null,
            "account_receivable_turnover_ratio": 3.73,
            "reinvestment_rate": 14.83,
            "research_to_sale_ratio": 7.71,
            "price_fair": 8.84,
            "eps_avg_yearly": 0.25,
            "eps_latest_yearly": 0.56,
            "eps_growth_yearly": 65.88
        },
        "20111": {
            "year_quarter": 20111,
            "year": 2011,
            "quarter": 1,
            "eps": 0.16,
            "eps_growth_year": 94.36,
            "eps_4q": 0.51,
            "eps_4q_growth_year": 64.53,
            "roe": 21.29,
            "roe_4q": 90.87,
            "gross_profit": 280402,
            "gross_margin": 39.02,
            "gross_margin_4q_avg": 37.65,
            "net_income": 60233,
            "net_income_4q": null,
            "revenue": 718553,
            "revenue_4q": null,
            "common_shares": 52,
            "book_valuer_per_share": 0.21,
            "book_valuer_per_share_4q_avg": 0.23,
            "equity": 275722,
            "current_ratio": 146.32,
            "debt_ratio": 74.71,
            "inventory_turnover_ratio": null,
            "account_receivable_turnover_ratio": 3.22,
            "reinvestment_rate": 13.97,
            "research_to_sale_ratio": 7.08,
            "price_fair": 10.06,
            "eps_avg_yearly": 0.29,
            "eps_latest_yearly": 0.64,
            "eps_growth_yearly": 77.79
        },
        "20112": {
            "year_quarter": 20112,
            "year": 2011,
            "quarter": 2,
            "eps": 0.18,
            "eps_growth_year": 62.31,
            "eps_4q": 0.58,
            "eps_4q_growth_year": 68.53,
            "roe": 22.37,
            "roe_4q": 86.32,
            "gross_profit": 298632,
            "gross_margin": 37.87,
            "gross_margin_4q_avg": 37.26,
            "net_income": 68214,
            "net_income_4q": null,
            "revenue": 788610,
            "revenue_4q": null,
            "common_shares": 53,
            "book_valuer_per_share": -0.25,
            "book_valuer_per_share_4q_avg": 0.12,
            "equity": 334034,
            "current_ratio": 132.92,
            "debt_ratio": 78.73,
            "inventory_turnover_ratio": null,
            "account_receivable_turnover_ratio": 2.06,
            "reinvestment_rate": 12.43,
            "research_to_sale_ratio": 7.34,
            "price_fair": 11.29,
            "eps_avg_yearly": 0.32,
            "eps_latest_yearly": 0.72,
            "eps_growth_yearly": 55.91
        },
        "20113": {
            "year_quarter": 20113,
            "year": 2011,
            "quarter": 3,
            "eps": 0.17,
            "eps_growth_year": 67.86,
            "eps_4q": 0.64,
            "eps_4q_growth_year": 74.48,
            "roe": 17.29,
            "roe_4q": 83.00999999999999,
            "gross_profit": 285222,
            "gross_margin": 34.71,
            "gross_margin_4q_avg": 36.51,
            "net_income": 62460,
            "net_income_4q": null,
            "revenue": 821839,
            "revenue_4q": null,
            "common_shares": 53,
            "book_valuer_per_share": -0.49,
            "book_valuer_per_share_4q_avg": -0.06,
            "equity": 388352,
            "current_ratio": 122.95,
            "debt_ratio": 80.2,
            "inventory_turnover_ratio": null,
            "account_receivable_turnover_ratio": 1.36,
            "reinvestment_rate": 5.38,
            "research_to_sale_ratio": 8.45,
            "price_fair": 12.51,
            "eps_avg_yearly": 0.36,
            "eps_latest_yearly": 0.68,
            "eps_growth_yearly": 60.77
        },
        "20114": {
            "year_quarter": 20114,
            "year": 2011,
            "quarter": 4,
            "eps": 0.09,
            "eps_growth_year": -34.27,
            "eps_4q": 0.6,
            "eps_4q_growth_year": 38.64,
            "roe": 6.83,
            "roe_4q": 67.78,
            "gross_profit": 300420,
            "gross_margin": 34.31,
            "gross_margin_4q_avg": 36.48,
            "net_income": 35219,
            "net_income_4q": null,
            "revenue": 875575,
            "revenue_4q": null,
            "common_shares": 55,
            "book_valuer_per_share": -1.04,
            "book_valuer_per_share_4q_avg": -0.39,
            "equity": 642810,
            "current_ratio": 149.45,
            "debt_ratio": 79.06,
            "inventory_turnover_ratio": null,
            "account_receivable_turnover_ratio": 1.08,
            "reinvestment_rate": 8.34,
            "research_to_sale_ratio": 9.23,
            "price_fair": 13.04,
            "eps_avg_yearly": 0.37,
            "eps_latest_yearly": 0.36,
            "eps_growth_yearly": 49.01
        },
        "20121": {
            "year_quarter": 20121,
            "year": 2012,
            "quarter": 1,
            "eps": -0.01,
            "eps_growth_year": -107.45,
            "eps_4q": 0.43,
            "eps_4q_growth_year": -16.06,
            "roe": -0.7,
            "roe_4q": 45.79,
            "gross_profit": 245858,
            "gross_margin": 28.27,
            "gross_margin_4q_avg": 33.79,
            "net_income": -4584,
            "net_income_4q": null,
            "revenue": 869791,
            "revenue_4q": null,
            "common_shares": 55,
            "book_valuer_per_share": -1.45,
            "book_valuer_per_share_4q_avg": -0.81,
            "equity": 663402,
            "current_ratio": 142.31,
            "debt_ratio": 80.94,
            "inventory_turnover_ratio": null,
            "account_receivable_turnover_ratio": 0.84,
            "reinvestment_rate": -0.24,
            "research_to_sale_ratio": 9.52,
            "price_fair": 13.63,
            "eps_avg_yearly": 0.39,
            "eps_latest_yearly": 0.36,
            "eps_growth_yearly": 52.28
        },
        "20122": {
            "year_quarter": 20122,
            "year": 2012,
            "quarter": 2,
            "eps": 0.02,
            "eps_growth_year": -91.65,
            "eps_4q": 0.26,
            "eps_4q_growth_year": -54.93,
            "roe": 0.91,
            "roe_4q": 24.33,
            "gross_profit": 245735,
            "gross_margin": 27.64,
            "gross_margin_4q_avg": 31.23,
            "net_income": 6164,
            "net_income_4q": null,
            "revenue": 889163,
            "revenue_4q": null,
            "common_shares": 56,
            "book_valuer_per_share": -1.18,
            "book_valuer_per_share_4q_avg": -1.04,
            "equity": 688226,
            "current_ratio": 142.63,
            "debt_ratio": 80.21,
            "inventory_turnover_ratio": null,
            "account_receivable_turnover_ratio": 0.75,
            "reinvestment_rate": -0.7,
            "research_to_sale_ratio": 9.17,
            "price_fair": 14,
            "eps_avg_yearly": 0.4,
            "eps_latest_yearly": 0.36,
            "eps_growth_yearly": 27.44
        },
        "20123": {
            "year_quarter": 20123,
            "year": 2012,
            "quarter": 3,
            "eps": 0.02,
            "eps_growth_year": -88.66,
            "eps_4q": 0.11,
            "eps_4q_growth_year": -82.46,
            "roe": 1.09,
            "roe_4q": 8.13,
            "gross_profit": 242451,
            "gross_margin": 26.79,
            "gross_margin_4q_avg": 29.25,
            "net_income": 7675,
            "net_income_4q": null,
            "revenue": 905089,
            "revenue_4q": null,
            "common_shares": 56,
            "book_valuer_per_share": -1.67,
            "book_valuer_per_share_4q_avg": -1.34,
            "equity": 716840,
            "current_ratio": 139.22,
            "debt_ratio": 81.18,
            "inventory_turnover_ratio": null,
            "account_receivable_turnover_ratio": 0.71,
            "reinvestment_rate": 1.6,
            "research_to_sale_ratio": 9.12,
            "price_fair": 13.8,
            "eps_avg_yearly": 0.39,
            "eps_latest_yearly": 0.08,
            "eps_growth_yearly": 36.96
        },
        "20124": {
            "year_quarter": 20124,
            "year": 2012,
            "quarter": 4,
            "eps": 0.02,
            "eps_growth_year": -78.97,
            "eps_4q": 0.04,
            "eps_4q_growth_year": -93.09,
            "roe": 1.08,
            "roe_4q": 2.38,
            "gross_profit": 249372,
            "gross_margin": 26.38,
            "gross_margin_4q_avg": 27.27,
            "net_income": 7897,
            "net_income_4q": null,
            "revenue": 945239,
            "revenue_4q": null,
            "common_shares": 56,
            "book_valuer_per_share": -1.96,
            "book_valuer_per_share_4q_avg": -1.57,
            "equity": 744673,
            "current_ratio": 133.7,
            "debt_ratio": 81.23,
            "inventory_turnover_ratio": null,
            "account_receivable_turnover_ratio": 0.7,
            "reinvestment_rate": 1.49,
            "research_to_sale_ratio": 8.69,
            "price_fair": 13.5,
            "eps_avg_yearly": 0.39,
            "eps_latest_yearly": 0.08,
            "eps_growth_yearly": 29.82
        },
        "20131": {
            "year_quarter": 20131,
            "year": 2013,
            "quarter": 1,
            "eps": 0.05,
            "eps_growth_year": null,
            "eps_4q": 0.1,
            "eps_4q_growth_year": -76.93,
            "roe": 0.35,
            "roe_4q": 3.4300000000000006,
            "gross_profit": 287009,
            "gross_margin": 28.03,
            "gross_margin_4q_avg": 27.21,
            "net_income": 2689,
            "net_income_4q": null,
            "revenue": 1023961,
            "revenue_4q": null,
            "common_shares": 56,
            "book_valuer_per_share": -1.94,
            "book_valuer_per_share_4q_avg": -1.69,
            "equity": 812919,
            "current_ratio": 151.42,
            "debt_ratio": 81.37,
            "inventory_turnover_ratio": null,
            "account_receivable_turnover_ratio": 0.74,
            "reinvestment_rate": 1.77,
            "research_to_sale_ratio": 8.98,
            "price_fair": 13.5,
            "eps_avg_yearly": 0.39,
            "eps_latest_yearly": 0.2,
            "eps_growth_yearly": 72.68
        },
        "20132": {
            "year_quarter": 20132,
            "year": 2013,
            "quarter": 2,
            "eps": 0.07,
            "eps_growth_year": 360.5,
            "eps_4q": 0.15,
            "eps_4q_growth_year": -41.25,
            "roe": 3.07,
            "roe_4q": 5.59,
            "gross_profit": 308698,
            "gross_margin": 28.87,
            "gross_margin_4q_avg": 27.52,
            "net_income": 29471,
            "net_income_4q": null,
            "revenue": 1069372,
            "revenue_4q": null,
            "common_shares": 59,
            "book_valuer_per_share": -1.4,
            "book_valuer_per_share_4q_avg": -1.74,
            "equity": 1105622,
            "current_ratio": 153.89,
            "debt_ratio": 75.33,
            "inventory_turnover_ratio": null,
            "account_receivable_turnover_ratio": 0.78,
            "reinvestment_rate": 1.15,
            "research_to_sale_ratio": 8.71,
            "price_fair": 13.4,
            "eps_avg_yearly": 0.38,
            "eps_latest_yearly": 0.28,
            "eps_growth_yearly": 66.96
        },
        "20133": {
            "year_quarter": 20133,
            "year": 2013,
            "quarter": 3,
            "eps": 0.07,
            "eps_growth_year": 296.7,
            "eps_4q": 0.21,
            "eps_4q_growth_year": 84.64,
            "roe": 2.76,
            "roe_4q": 7.26,
            "gross_profit": 307099,
            "gross_margin": 27.77,
            "gross_margin_4q_avg": 27.76,
            "net_income": 31822,
            "net_income_4q": null,
            "revenue": 1105999,
            "revenue_4q": null,
            "common_shares": 59,
            "book_valuer_per_share": -1.46,
            "book_valuer_per_share_4q_avg": -1.69,
            "equity": 1204370,
            "current_ratio": 147.24,
            "debt_ratio": 75.43,
            "inventory_turnover_ratio": null,
            "account_receivable_turnover_ratio": 0.75,
            "reinvestment_rate": -0.87,
            "research_to_sale_ratio": 8.64,
            "price_fair": 13.4,
            "eps_avg_yearly": 0.38,
            "eps_latest_yearly": 0.28,
            "eps_growth_yearly": 70.53
        },
        "20134": {
            "year_quarter": 20134,
            "year": 2013,
            "quarter": 4,
            "eps": 0.11,
            "eps_growth_year": 491.93,
            "eps_4q": 0.3,
            "eps_4q_growth_year": 634.26,
            "roe": 3.82,
            "roe_4q": 10,
            "gross_profit": 354553,
            "gross_margin": 30.17,
            "gross_margin_4q_avg": 28.71,
            "net_income": 48421,
            "net_income_4q": null,
            "revenue": 1175230,
            "revenue_4q": null,
            "common_shares": 60,
            "book_valuer_per_share": -1.82,
            "book_valuer_per_share_4q_avg": -1.66,
            "equity": 1333561,
            "current_ratio": 141.99,
            "debt_ratio": 75.36,
            "inventory_turnover_ratio": null,
            "account_receivable_turnover_ratio": 0.72,
            "reinvestment_rate": 1.23,
            "research_to_sale_ratio": 8.35,
            "price_fair": 13.7,
            "eps_avg_yearly": 0.39,
            "eps_latest_yearly": 0.44,
            "eps_growth_yearly": 82.78
        },
        "20141": {
            "year_quarter": 20141,
            "year": 2014,
            "quarter": 1,
            "eps": 0.12,
            "eps_growth_year": 172.89,
            "eps_4q": 0.38,
            "eps_4q_growth_year": 287.47,
            "roe": 3.78,
            "roe_4q": 13.43,
            "gross_profit": 400903,
            "gross_margin": 31.56,
            "gross_margin_4q_avg": 29.59,
            "net_income": 53115,
            "net_income_4q": null,
            "revenue": 1270089,
            "revenue_4q": null,
            "common_shares": 60,
            "book_valuer_per_share": -1.67,
            "book_valuer_per_share_4q_avg": -1.59,
            "equity": 1478358,
            "current_ratio": 158.45,
            "debt_ratio": 75.56,
            "inventory_turnover_ratio": null,
            "account_receivable_turnover_ratio": 0.73,
            "reinvestment_rate": 1.87,
            "research_to_sale_ratio": 8.69,
            "price_fair": 14.1,
            "eps_avg_yearly": 0.4,
            "eps_latest_yearly": 0.48,
            "eps_growth_yearly": 85.38
        },
        "20142": {
            "year_quarter": 20142,
            "year": 2014,
            "quarter": 2,
            "eps": 0.16,
            "eps_growth_year": 136.88,
            "eps_4q": 0.48,
            "eps_4q_growth_year": 211.64,
            "roe": 4.6,
            "roe_4q": 14.959999999999999,
            "gross_profit": 425559,
            "gross_margin": 31.75,
            "gross_margin_4q_avg": 30.31,
            "net_income": 71018,
            "net_income_4q": null,
            "revenue": 1340407,
            "revenue_4q": null,
            "common_shares": 60,
            "book_valuer_per_share": -1.76,
            "book_valuer_per_share_4q_avg": -1.68,
            "equity": 1609705,
            "current_ratio": 157.1,
            "debt_ratio": 74.55,
            "inventory_turnover_ratio": null,
            "account_receivable_turnover_ratio": 0.75,
            "reinvestment_rate": 2.92,
            "research_to_sale_ratio": 8.59,
            "price_fair": 14.6,
            "eps_avg_yearly": 0.42,
            "eps_latest_yearly": 0.64,
            "eps_growth_yearly": 84.19
        },
        "20143": {
            "year_quarter": 20143,
            "year": 2014,
            "quarter": 3,
            "eps": 0.14,
            "eps_growth_year": 83.82,
            "eps_4q": 0.54,
            "eps_4q_growth_year": 158.23,
            "roe": 3.56,
            "roe_4q": 15.76,
            "gross_profit": 455038,
            "gross_margin": 32.29,
            "gross_margin_4q_avg": 31.44,
            "net_income": 59295,
            "net_income_4q": null,
            "revenue": 1409432,
            "revenue_4q": null,
            "common_shares": 60,
            "book_valuer_per_share": -2.15,
            "book_valuer_per_share_4q_avg": -1.85,
            "equity": 1724874,
            "current_ratio": 150.02,
            "debt_ratio": 74.55,
            "inventory_turnover_ratio": null,
            "account_receivable_turnover_ratio": 0.74,
            "reinvestment_rate": 2.63,
            "research_to_sale_ratio": 8.58,
            "price_fair": 15,
            "eps_avg_yearly": 0.43,
            "eps_latest_yearly": 0.56,
            "eps_growth_yearly": 83.21
        },
        "20144": {
            "year_quarter": 20144,
            "year": 2014,
            "quarter": 4,
            "eps": 0.19,
            "eps_growth_year": 70.67,
            "eps_4q": 0.62,
            "eps_4q_growth_year": 104.43,
            "roe": 4.65,
            "roe_4q": 16.59,
            "gross_profit": 470396,
            "gross_margin": 31.68,
            "gross_margin_4q_avg": 31.82,
            "net_income": 83371,
            "net_income_4q": null,
            "revenue": 1484728,
            "revenue_4q": null,
            "common_shares": 1042870,
            "book_valuer_per_share": -2.17,
            "book_valuer_per_share_4q_avg": -1.94,
            "equity": 1857708,
            "current_ratio": 147.46,
            "debt_ratio": 73.62,
            "inventory_turnover_ratio": null,
            "account_receivable_turnover_ratio": 0.71,
            "reinvestment_rate": 2.42,
            "research_to_sale_ratio": 8.48,
            "price_fair": 15.5,
            "eps_avg_yearly": 0.44,
            "eps_latest_yearly": 0.76,
            "eps_growth_yearly": 81.99
        },
        "20151": {
            "year_quarter": 20151,
            "year": 2015,
            "quarter": 1,
            "eps": 0.05,
            "eps_growth_year": -55.7,
            "eps_4q": 0.55,
            "eps_4q_growth_year": 44.38,
            "roe": 1.26,
            "roe_4q": 14.07,
            "gross_profit": 526728,
            "gross_margin": 33.48,
            "gross_margin_4q_avg": 32.3,
            "net_income": 23696,
            "net_income_4q": null,
            "revenue": 1573129,
            "revenue_4q": null,
            "common_shares": 61,
            "book_valuer_per_share": -3.31,
            "book_valuer_per_share_4q_avg": -2.35,
            "equity": 1909214,
            "current_ratio": 184.09,
            "debt_ratio": 79.34,
            "inventory_turnover_ratio": null,
            "account_receivable_turnover_ratio": 0.69,
            "reinvestment_rate": 1.51,
            "research_to_sale_ratio": 9.1,
            "price_fair": 14.4,
            "eps_avg_yearly": 0.41,
            "eps_latest_yearly": 0.2,
            "eps_growth_yearly": 56.85
        },
        "20152": {
            "year_quarter": 20152,
            "year": 2015,
            "quarter": 2,
            "eps": 0.06,
            "eps_growth_year": -63.31,
            "eps_4q": 0.44,
            "eps_4q_growth_year": -6.43,
            "roe": 1.34,
            "roe_4q": 10.81,
            "gross_profit": 522942,
            "gross_margin": 31.8,
            "gross_margin_4q_avg": 32.31,
            "net_income": 26335,
            "net_income_4q": null,
            "revenue": 1644694,
            "revenue_4q": null,
            "common_shares": 1200880,
            "book_valuer_per_share": -3.78,
            "book_valuer_per_share_4q_avg": -2.85,
            "equity": 2032075,
            "current_ratio": 173.93,
            "debt_ratio": 78.95,
            "inventory_turnover_ratio": null,
            "account_receivable_turnover_ratio": 0.67,
            "reinvestment_rate": 5.04,
            "research_to_sale_ratio": 9.43,
            "price_fair": 13.2,
            "eps_avg_yearly": 0.38,
            "eps_latest_yearly": 0.24,
            "eps_growth_yearly": 59
        },
        "20153": {
            "year_quarter": 20153,
            "year": 2015,
            "quarter": 3,
            "eps": 0.07,
            "eps_growth_year": -50.91,
            "eps_4q": 0.38,
            "eps_4q_growth_year": -30.27,
            "roe": 1.4,
            "roe_4q": 8.65,
            "gross_profit": 564397,
            "gross_margin": 32.47,
            "gross_margin_4q_avg": 32.36,
            "net_income": 29432,
            "net_income_4q": null,
            "revenue": 1738355,
            "revenue_4q": null,
            "common_shares": 1306461,
            "book_valuer_per_share": -4.03,
            "book_valuer_per_share_4q_avg": -3.32,
            "equity": 2167318,
            "current_ratio": 166.69,
            "debt_ratio": 78.14,
            "inventory_turnover_ratio": null,
            "account_receivable_turnover_ratio": 0.67,
            "reinvestment_rate": 8.79,
            "research_to_sale_ratio": 9.88,
            "price_fair": 12.2,
            "eps_avg_yearly": 0.35,
            "eps_latest_yearly": 0.28,
            "eps_growth_yearly": 65.34
        },
        "20154": {
            "year_quarter": 20154,
            "year": 2015,
            "quarter": 4,
            "eps": 0.1,
            "eps_growth_year": -48.89,
            "eps_4q": 0.28,
            "eps_4q_growth_year": -54.54,
            "roe": 1.97,
            "roe_4q": 5.97,
            "gross_profit": 573968,
            "gross_margin": 31.48,
            "gross_margin_4q_avg": 32.31,
            "net_income": 43178,
            "net_income_4q": null,
            "revenue": 1823333,
            "revenue_4q": null,
            "common_shares": 1324809,
            "book_valuer_per_share": -4.88,
            "book_valuer_per_share_4q_avg": -4,
            "equity": 2223426,
            "current_ratio": 153.89,
            "debt_ratio": 78.21,
            "inventory_turnover_ratio": null,
            "account_receivable_turnover_ratio": 0.65,
            "reinvestment_rate": 8.71,
            "research_to_sale_ratio": 9.92,
            "price_fair": 12.3,
            "eps_avg_yearly": 0.35,
            "eps_latest_yearly": 0.4,
            "eps_growth_yearly": 91.03
        },
        "20161": {
            "year_quarter": 20161,
            "year": 2016,
            "quarter": 1,
            "eps": 0.06,
            "eps_growth_year": 15.62,
            "eps_4q": 0.29,
            "eps_4q_growth_year": -47.3,
            "roe": 1.22,
            "roe_4q": 5.93,
            "gross_profit": 588196,
            "gross_margin": 30.04,
            "gross_margin_4q_avg": 31.45,
            "net_income": 27658,
            "net_income_4q": null,
            "revenue": 1957736,
            "revenue_4q": null,
            "common_shares": 1382051,
            "book_valuer_per_share": -6.87,
            "book_valuer_per_share_4q_avg": -4.89,
            "equity": 2317233,
            "current_ratio": 140.93,
            "debt_ratio": 79.42,
            "inventory_turnover_ratio": null,
            "account_receivable_turnover_ratio": 0.64,
            "reinvestment_rate": 7.55,
            "research_to_sale_ratio": 10.4,
            "price_fair": 12.04,
            "eps_avg_yearly": 0.34,
            "eps_latest_yearly": 0.24,
            "eps_growth_yearly": 74.3
        },
        "20162": {
            "year_quarter": 20162,
            "year": 2016,
            "quarter": 2,
            "eps": 0.09,
            "eps_growth_year": 54.03,
            "eps_4q": 0.32,
            "eps_4q_growth_year": -27.62,
            "roe": 1.72,
            "roe_4q": 6.3100000000000005,
            "gross_profit": 632106,
            "gross_margin": 30.03,
            "gross_margin_4q_avg": 31.01,
            "net_income": 40755,
            "net_income_4q": null,
            "revenue": 2105204,
            "revenue_4q": null,
            "common_shares": 1443707,
            "book_valuer_per_share": -7.76,
            "book_valuer_per_share_4q_avg": -5.89,
            "equity": 2415834,
            "current_ratio": 132.95,
            "debt_ratio": 79.16,
            "inventory_turnover_ratio": null,
            "account_receivable_turnover_ratio": 0.64,
            "reinvestment_rate": 4.99,
            "research_to_sale_ratio": 9.85,
            "price_fair": 12.08,
            "eps_avg_yearly": 0.35,
            "eps_latest_yearly": 0.36,
            "eps_growth_yearly": 82.16
        },
        "20163": {
            "year_quarter": 20163,
            "year": 2016,
            "quarter": 3,
            "eps": 0.12,
            "eps_growth_year": 74.71,
            "eps_4q": 0.37,
            "eps_4q_growth_year": -0.75,
            "roe": 2.08,
            "roe_4q": 6.989999999999999,
            "gross_profit": 757344,
            "gross_margin": 33.07,
            "gross_margin_4q_avg": 31.16,
            "net_income": 51517,
            "net_income_4q": null,
            "revenue": 2290188,
            "revenue_4q": null,
            "common_shares": 1503641,
            "book_valuer_per_share": -9.67,
            "book_valuer_per_share_4q_avg": -7.3,
            "equity": 2528966,
            "current_ratio": 117.74,
            "debt_ratio": 79.52,
            "inventory_turnover_ratio": null,
            "account_receivable_turnover_ratio": 0.66,
            "reinvestment_rate": 9.56,
            "research_to_sale_ratio": 9.44,
            "price_fair": 12.95,
            "eps_avg_yearly": 0.37,
            "eps_latest_yearly": 0.48,
            "eps_growth_yearly": 90.49
        },
        "20164": {
            "year_quarter": 20164,
            "year": 2016,
            "quarter": 4,
            "eps": 0.15,
            "eps_growth_year": 53.96,
            "eps_4q": 0.43,
            "eps_4q_growth_year": 51.49,
            "roe": 2.56,
            "roe_4q": 7.58,
            "gross_profit": 823122,
            "gross_margin": 33.22,
            "gross_margin_4q_avg": 31.59,
            "net_income": 66748,
            "net_income_4q": null,
            "revenue": 2477541,
            "revenue_4q": null,
            "common_shares": 1599762,
            "book_valuer_per_share": -10.68,
            "book_valuer_per_share_4q_avg": -8.75,
            "equity": 2679800,
            "current_ratio": 124.72,
            "debt_ratio": 80.28,
            "inventory_turnover_ratio": null,
            "account_receivable_turnover_ratio": 0.67,
            "reinvestment_rate": 17.58,
            "research_to_sale_ratio": 9.09,
            "price_fair": 14.09,
            "eps_avg_yearly": 0.4,
            "eps_latest_yearly": 0.6,
            "eps_growth_yearly": 96.74
        },
        "20171": {
            "year_quarter": 20171,
            "year": 2017,
            "quarter": 1,
            "eps": 0.4,
            "eps_growth_year": 533.56,
            "eps_4q": 0.76,
            "eps_4q_growth_year": 163.48,
            "roe": 6.3,
            "roe_4q": 12.66,
            "gross_profit": 979611,
            "gross_margin": 37.15,
            "gross_margin_4q_avg": 33.37,
            "net_income": 178222,
            "net_income_4q": null,
            "revenue": 2636635,
            "revenue_4q": null,
            "common_shares": 1669132,
            "book_valuer_per_share": -11.73,
            "book_valuer_per_share_4q_avg": -9.96,
            "equity": 2973683,
            "current_ratio": 115.25,
            "debt_ratio": 79.29,
            "inventory_turnover_ratio": null,
            "account_receivable_turnover_ratio": 0.68,
            "reinvestment_rate": 17.03,
            "research_to_sale_ratio": 9.75,
            "price_fair": 17.15,
            "eps_avg_yearly": 0.49,
            "eps_latest_yearly": 1.6,
            "eps_growth_yearly": 100.91
        },
        "20172": {
            "year_quarter": 20172,
            "year": 2017,
            "quarter": 2,
            "eps": 0.15,
            "eps_growth_year": 58.03,
            "eps_4q": 0.82,
            "eps_4q_growth_year": 153.54,
            "roe": 2.16,
            "roe_4q": 13.100000000000001,
            "gross_profit": 883156,
            "gross_margin": 31.71,
            "gross_margin_4q_avg": 33.79,
            "net_income": 65600,
            "net_income_4q": null,
            "revenue": 2785464,
            "revenue_4q": null,
            "common_shares": 1727858,
            "book_valuer_per_share": -13.82,
            "book_valuer_per_share_4q_avg": -11.48,
            "equity": 3112500,
            "current_ratio": 130.8,
            "debt_ratio": 81.16,
            "inventory_turnover_ratio": null,
            "account_receivable_turnover_ratio": 0.68,
            "reinvestment_rate": 20.28,
            "research_to_sale_ratio": 9.59,
            "price_fair": 17.85,
            "eps_avg_yearly": 0.51,
            "eps_latest_yearly": 0.6,
            "eps_growth_yearly": 75.28
        },
        "20173": {
            "year_quarter": 20173,
            "year": 2017,
            "quarter": 3,
            "eps": 0.29,
            "eps_growth_year": 146.52,
            "eps_4q": 0.99,
            "eps_4q_growth_year": 165.57,
            "roe": 4.02,
            "roe_4q": 15.040000000000001,
            "gross_profit": 991879,
            "gross_margin": 33.23,
            "gross_margin_4q_avg": 33.83,
            "net_income": 129590,
            "net_income_4q": null,
            "revenue": 2984859,
            "revenue_4q": null,
            "common_shares": 1807123,
            "book_valuer_per_share": -14.82,
            "book_valuer_per_share_4q_avg": -12.76,
            "equity": 3327361,
            "current_ratio": 120.24,
            "debt_ratio": 80.37,
            "inventory_turnover_ratio": null,
            "account_receivable_turnover_ratio": 0.71,
            "reinvestment_rate": 18.92,
            "research_to_sale_ratio": 8.55,
            "price_fair": 19.78,
            "eps_avg_yearly": 0.57,
            "eps_latest_yearly": 1.16,
            "eps_growth_yearly": 98.61
        },
        "20174": {
            "year_quarter": 20174,
            "year": 2017,
            "quarter": 4,
            "eps": 0.59,
            "eps_growth_year": 289.28,
            "eps_4q": 1.43,
            "eps_4q_growth_year": 235.53,
            "roe": 7.66,
            "roe_4q": 20.14,
            "gross_profit": 1178401,
            "gross_margin": 35.86,
            "gross_margin_4q_avg": 34.49,
            "net_income": 264617,
            "net_income_4q": null,
            "revenue": 3285755,
            "revenue_4q": null,
            "common_shares": 1871396,
            "book_valuer_per_share": -15.67,
            "book_valuer_per_share_4q_avg": -14.01,
            "equity": 3581956,
            "current_ratio": 140.31,
            "debt_ratio": 81.16,
            "inventory_turnover_ratio": null,
            "account_receivable_turnover_ratio": 0.77,
            "reinvestment_rate": 15.31,
            "research_to_sale_ratio": 8.32,
            "price_fair": 23.98,
            "eps_avg_yearly": 0.69,
            "eps_latest_yearly": 2.36,
            "eps_growth_yearly": 110.19
        },
        "20181": {
            "year_quarter": 20181,
            "year": 2018,
            "quarter": 1,
            "eps": 0.64,
            "eps_growth_year": 61.02,
            "eps_4q": 1.67,
            "eps_4q_growth_year": 119.25,
            "roe": 7.63,
            "roe_4q": 21.47,
            "gross_profit": 1504781,
            "gross_margin": 40.66,
            "gross_margin_4q_avg": 35.37,
            "net_income": 290124,
            "net_income_4q": null,
            "revenue": 3700856,
            "revenue_4q": null,
            "common_shares": 1995225,
            "book_valuer_per_share": -16.78,
            "book_valuer_per_share_4q_avg": -15.27,
            "equity": 4020730,
            "current_ratio": 130.17,
            "debt_ratio": 80.05,
            "inventory_turnover_ratio": null,
            "account_receivable_turnover_ratio": 0.83,
            "reinvestment_rate": 13.8,
            "research_to_sale_ratio": 8.13,
            "price_fair": 28.53,
            "eps_avg_yearly": 0.82,
            "eps_latest_yearly": 2.56,
            "eps_growth_yearly": 110.04
        },
        "20182": {
            "year_quarter": 20182,
            "year": 2018,
            "quarter": 2,
            "eps": 0.85,
            "eps_growth_year": 479.03,
            "eps_4q": 2.38,
            "eps_4q_growth_year": 191.02,
            "roe": 9.03,
            "roe_4q": 28.34,
            "gross_profit": 1617403,
            "gross_margin": 41.39,
            "gross_margin_4q_avg": 37.79,
            "net_income": 384349,
            "net_income_4q": null,
            "revenue": 3907270,
            "revenue_4q": null,
            "common_shares": 2103437,
            "book_valuer_per_share": -17.9,
            "book_valuer_per_share_4q_avg": -16.29,
            "equity": 4496600,
            "current_ratio": 153.74,
            "debt_ratio": 80.16,
            "inventory_turnover_ratio": null,
            "account_receivable_turnover_ratio": 0.83,
            "reinvestment_rate": 11.65,
            "research_to_sale_ratio": 8.12,
            "price_fair": 34.56,
            "eps_avg_yearly": 0.99,
            "eps_latest_yearly": 3.4,
            "eps_growth_yearly": 109.91
        },
        "20183": {
            "year_quarter": 20183,
            "year": 2018,
            "quarter": 3,
            "eps": 0.81,
            "eps_growth_year": 178.99,
            "eps_4q": 2.89,
            "eps_4q_growth_year": 192.78,
            "roe": 7.68,
            "roe_4q": 32,
            "gross_profit": 1587028,
            "gross_margin": 39.68,
            "gross_margin_4q_avg": 39.4,
            "net_income": 365235,
            "net_income_4q": null,
            "revenue": 3999374,
            "revenue_4q": null,
            "common_shares": 2215736,
            "book_valuer_per_share": -19.26,
            "book_valuer_per_share_4q_avg": -17.4,
            "equity": 5009653,
            "current_ratio": 138.61,
            "debt_ratio": 78.56,
            "inventory_turnover_ratio": null,
            "account_receivable_turnover_ratio": 0.82,
            "reinvestment_rate": 10.69,
            "research_to_sale_ratio": 8.18,
            "price_fair": 40.43,
            "eps_avg_yearly": 1.16,
            "eps_latest_yearly": 3.24,
            "eps_growth_yearly": 111.85
        },
        "20184": {
            "year_quarter": 20184,
            "year": 2018,
            "quarter": 4,
            "eps": 0.32,
            "eps_growth_year": -46.45,
            "eps_4q": 2.62,
            "eps_4q_growth_year": 83.55,
            "roe": 2.78,
            "roe_4q": 27.119999999999997,
            "gross_profit": 1117591,
            "gross_margin": 26.69,
            "gross_margin_4q_avg": 37.11,
            "net_income": 142633,
            "net_income_4q": null,
            "revenue": 4186841,
            "revenue_4q": null,
            "common_shares": 2315988,
            "book_valuer_per_share": -22.25,
            "book_valuer_per_share_4q_avg": -19.05,
            "equity": 5238765,
            "current_ratio": 149.43,
            "debt_ratio": 79.83,
            "inventory_turnover_ratio": null,
            "account_receivable_turnover_ratio": 0.83,
            "reinvestment_rate": 12.79,
            "research_to_sale_ratio": 6.61,
            "price_fair": 41.56,
            "eps_avg_yearly": 1.19,
            "eps_latest_yearly": 1.28,
            "eps_growth_yearly": 87.8
        },
        "20191": {
            "year_quarter": 20191,
            "year": 2019,
            "quarter": 1,
            "eps": 0.76,
            "eps_growth_year": 18.18,
            "eps_4q": 2.74,
            "eps_4q_growth_year": 63.75,
            "roe": 6.29,
            "roe_4q": 25.78,
            "gross_profit": 1650378,
            "gross_margin": 36.5,
            "gross_margin_4q_avg": 36.07,
            "net_income": 344052,
            "net_income_4q": null,
            "revenue": 4520992,
            "revenue_4q": null,
            "common_shares": 2439773,
            "book_valuer_per_share": -34.73,
            "book_valuer_per_share_4q_avg": -23.54,
            "equity": 5703058,
            "current_ratio": 60.79,
            "debt_ratio": 79.05,
            "inventory_turnover_ratio": null,
            "account_receivable_turnover_ratio": 1.76,
            "reinvestment_rate": 43.88,
            "research_to_sale_ratio": 8.25,
            "price_fair": 47.78,
            "eps_avg_yearly": 1.37,
            "eps_latest_yearly": 3.04,
            "eps_growth_yearly": 140.6
        },
        "20192": {
            "year_quarter": 20192,
            "year": 2019,
            "quarter": 2,
            "eps": 0.6,
            "eps_growth_year": -29.68,
            "eps_4q": 2.48,
            "eps_4q_growth_year": 4.57,
            "roe": 4.58,
            "roe_4q": 21.33,
            "gross_profit": 1917459,
            "gross_margin": 38.95,
            "gross_margin_4q_avg": 35.46,
            "net_income": 270650,
            "net_income_4q": null,
            "revenue": 4923116,
            "revenue_4q": null,
            "common_shares": 2566365,
            "book_valuer_per_share": -36.18,
            "book_valuer_per_share_4q_avg": -28.11,
            "equity": 6105548,
            "current_ratio": 84.76,
            "debt_ratio": 79.76,
            "inventory_turnover_ratio": null,
            "account_receivable_turnover_ratio": null,
            "reinvestment_rate": 47.47,
            "research_to_sale_ratio": 7.78,
            "price_fair": 52.5,
            "eps_avg_yearly": 1.5,
            "eps_latest_yearly": 2.4,
            "eps_growth_yearly": 130.34
        },
        "20193": {
            "year_quarter": 20193,
            "year": 2019,
            "quarter": 3,
            "eps": 1.47,
            "eps_growth_year": 82.29,
            "eps_4q": 3.15,
            "eps_4q_growth_year": 8.82,
            "roe": 10.26,
            "roe_4q": 23.91,
            "gross_profit": 2146986,
            "gross_margin": 40.93,
            "gross_margin_4q_avg": 35.77,
            "net_income": 665244,
            "net_income_4q": null,
            "revenue": 5244905,
            "revenue_4q": null,
            "common_shares": 2677972,
            "book_valuer_per_share": -37.36,
            "book_valuer_per_share_4q_avg": -32.63,
            "equity": 6861505,
            "current_ratio": 73.41,
            "debt_ratio": 77.82,
            "inventory_turnover_ratio": null,
            "account_receivable_turnover_ratio": 22.5,
            "reinvestment_rate": 40.23,
            "research_to_sale_ratio": 7.24,
            "price_fair": 64.75,
            "eps_avg_yearly": 1.85,
            "eps_latest_yearly": 5.88,
            "eps_growth_yearly": 162.42
        },
        "20194": {
            "year_quarter": 20194,
            "year": 2019,
            "quarter": 4,
            "eps": 1.02,
            "eps_growth_year": 221.94,
            "eps_4q": 3.85,
            "eps_4q_growth_year": 47,
            "roe": 6.36,
            "roe_4q": 27.490000000000002,
            "gross_profit": 2001411,
            "gross_margin": 36.61,
            "gross_margin_4q_avg": 38.25,
            "net_income": 459436,
            "net_income_4q": null,
            "revenue": 5467434,
            "revenue_4q": null,
            "common_shares": 2793929,
            "book_valuer_per_share": -38.56,
            "book_valuer_per_share_4q_avg": -36.71,
            "equity": 7582157,
            "current_ratio": 90.12,
            "debt_ratio": 77.68,
            "inventory_turnover_ratio": null,
            "account_receivable_turnover_ratio": 11.88,
            "reinvestment_rate": 51.54,
            "research_to_sale_ratio": 7.49,
            "price_fair": 72.8,
            "eps_avg_yearly": 2.08,
            "eps_latest_yearly": 4.08,
            "eps_growth_yearly": 144.05
        },
        "20201": {
            "year_quarter": 20201,
            "year": 2020,
            "quarter": 1,
            "eps": 2,
            "eps_growth_year": 162.21,
            "eps_4q": 5.09,
            "eps_4q_growth_year": 85.83,
            "roe": 8.87,
            "roe_4q": 30.07,
            "gross_profit": 2385990,
            "gross_margin": 41.37,
            "gross_margin_4q_avg": 39.47,
            "net_income": 709067,
            "net_income_4q": null,
            "revenue": 5767691,
            "revenue_4q": null,
            "common_shares": 2935532,
            "book_valuer_per_share": -38.33,
            "book_valuer_per_share_4q_avg": -37.61,
            "equity": 8409294,
            "current_ratio": 82.1,
            "debt_ratio": 76.01,
            "inventory_turnover_ratio": null,
            "account_receivable_turnover_ratio": 11.6,
            "reinvestment_rate": 44.93,
            "research_to_sale_ratio": 7.87,
            "price_fair": 89.78,
            "eps_avg_yearly": 2.57,
            "eps_latest_yearly": 8,
            "eps_growth_yearly": 178.07
        },
        "20202": {
            "year_quarter": 20202,
            "year": 2020,
            "quarter": 2,
            "eps": 1.89,
            "eps_growth_year": 216.52,
            "eps_4q": 6.38,
            "eps_4q_growth_year": 156.9,
            "roe": 8.12,
            "roe_4q": 33.61,
            "gross_profit": 2705579,
            "gross_margin": 44.01,
            "gross_margin_4q_avg": 40.73,
            "net_income": 720196,
            "net_income_4q": null,
            "revenue": 6148286,
            "revenue_4q": null,
            "common_shares": 3127813,
            "book_valuer_per_share": -35.87,
            "book_valuer_per_share_4q_avg": -37.53,
            "equity": 9334753,
            "current_ratio": 112.3,
            "debt_ratio": 74.89,
            "inventory_turnover_ratio": null,
            "account_receivable_turnover_ratio": 11.12,
            "reinvestment_rate": 46.44,
            "research_to_sale_ratio": 7.08,
            "price_fair": 105.53,
            "eps_avg_yearly": 3.02,
            "eps_latest_yearly": 7.56,
            "eps_growth_yearly": 164.2
        },
        "20203": {
            "year_quarter": 20203,
            "year": 2020,
            "quarter": 3,
            "eps": 2.29,
            "eps_growth_year": 55.71,
            "eps_4q": 7.2,
            "eps_4q_growth_year": 128.71,
            "roe": 8.03,
            "roe_4q": 31.379999999999995,
            "gross_profit": 2844886,
            "gross_margin": 44.21,
            "gross_margin_4q_avg": 41.55,
            "net_income": 789976,
            "net_income_4q": null,
            "revenue": 6435637,
            "revenue_4q": null,
            "common_shares": 3303482,
            "book_valuer_per_share": -33.35,
            "book_valuer_per_share_4q_avg": -36.53,
            "equity": 10333323,
            "current_ratio": 123.76,
            "debt_ratio": 73.25,
            "inventory_turnover_ratio": null,
            "account_receivable_turnover_ratio": 11,
            "reinvestment_rate": 43.05,
            "research_to_sale_ratio": 7.05,
            "price_fair": 124.51,
            "eps_avg_yearly": 3.56,
            "eps_latest_yearly": 9.16,
            "eps_growth_yearly": 161.15
        },
        "20204": {
            "year_quarter": 20204,
            "year": 2020,
            "quarter": 4,
            "eps": 1.53,
            "eps_growth_year": 50.71,
            "eps_4q": 7.72,
            "eps_4q_growth_year": 100.44,
            "roe": 4.25,
            "roe_4q": 29.269999999999996,
            "gross_profit": 2750282,
            "gross_margin": 41.39,
            "gross_margin_4q_avg": 42.75,
            "net_income": 454962,
            "net_income_4q": null,
            "revenue": 6644442,
            "revenue_4q": null,
            "common_shares": 3447698,
            "book_valuer_per_share": -32.33,
            "book_valuer_per_share_4q_avg": -34.97,
            "equity": 11065240,
            "current_ratio": 125.06,
            "debt_ratio": 71.83,
            "inventory_turnover_ratio": null,
            "account_receivable_turnover_ratio": 10.93,
            "reinvestment_rate": 43.68,
            "research_to_sale_ratio": 7.33,
            "price_fair": 136.59,
            "eps_avg_yearly": 3.9,
            "eps_latest_yearly": 6.12,
            "eps_growth_yearly": 146.61
        },
        "20211": {
            "year_quarter": 20211,
            "year": 2021,
            "quarter": 1,
            "eps": 3.75,
            "eps_growth_year": 87.64,
            "eps_4q": 9.47,
            "eps_4q_growth_year": 86.17,
            "roe": 14.25,
            "roe_4q": 34.65,
            "gross_profit": 3294771,
            "gross_margin": 46,
            "gross_margin_4q_avg": 43.9,
            "net_income": 1706715,
            "net_income_4q": null,
            "revenue": 7163282,
            "revenue_4q": null,
            "common_shares": 3600084,
            "book_valuer_per_share": -29.68,
            "book_valuer_per_share_4q_avg": -32.81,
            "equity": 12884080,
            "current_ratio": 126.95,
            "debt_ratio": 67.89,
            "inventory_turnover_ratio": null,
            "account_receivable_turnover_ratio": 10.1,
            "reinvestment_rate": 34.95,
            "research_to_sale_ratio": 7.33,
            "price_fair": 165.9,
            "eps_avg_yearly": 4.74,
            "eps_latest_yearly": 15,
            "eps_growth_yearly": 141.21
        },
        "20212": {
            "year_quarter": 20212,
            "year": 2021,
            "quarter": 2,
            "eps": 2.97,
            "eps_growth_year": 56.92,
            "eps_4q": 10.55,
            "eps_4q_growth_year": 65.26,
            "roe": 10.12,
            "roe_4q": 36.65,
            "gross_profit": 3323769,
            "gross_margin": 45.27,
            "gross_margin_4q_avg": 44.22,
            "net_income": 1353013,
            "net_income_4q": null,
            "revenue": 7341777,
            "revenue_4q": null,
            "common_shares": 3721246,
            "book_valuer_per_share": -30.34,
            "book_valuer_per_share_4q_avg": -31.43,
            "equity": 13863871,
            "current_ratio": 122.61,
            "debt_ratio": 66.16,
            "inventory_turnover_ratio": null,
            "account_receivable_turnover_ratio": 9.28,
            "reinvestment_rate": 31.91,
            "research_to_sale_ratio": 7.32,
            "price_fair": 190.58,
            "eps_avg_yearly": 5.45,
            "eps_latest_yearly": 11.88,
            "eps_growth_yearly": 151.64
        },
        "20213": {
            "year_quarter": 20213,
            "year": 2021,
            "quarter": 3,
            "eps": 3.19,
            "eps_growth_year": 38.85,
            "eps_4q": 11.44,
            "eps_4q_growth_year": 58.8,
            "roe": 9.93,
            "roe_4q": 38.55,
            "gross_profit": 3276878,
            "gross_margin": 43.79,
            "gross_margin_4q_avg": 44.11,
            "net_income": 1449071,
            "net_income_4q": null,
            "revenue": 7483467,
            "revenue_4q": null,
            "common_shares": 3852531,
            "book_valuer_per_share": -30.84,
            "book_valuer_per_share_4q_avg": -30.8,
            "equity": 15314617,
            "current_ratio": 116.98,
            "debt_ratio": 64.17,
            "inventory_turnover_ratio": null,
            "account_receivable_turnover_ratio": 9.61,
            "reinvestment_rate": 30.38,
            "research_to_sale_ratio": 7.54,
            "price_fair": 215.95,
            "eps_avg_yearly": 6.17,
            "eps_latest_yearly": 12.76,
            "eps_growth_yearly": 130.16
        },
        "20214": {
            "year_quarter": 20214,
            "year": 2021,
            "quarter": 4,
            "eps": 0.77,
            "eps_growth_year": -49.56,
            "eps_4q": 10.68,
            "eps_4q_growth_year": 38.33,
            "roe": 2.26,
            "roe_4q": 36.56,
            "gross_profit": 2469743,
            "gross_margin": 32.04,
            "gross_margin_4q_avg": 41.78,
            "net_income": 352666,
            "net_income_4q": null,
            "revenue": 7709318,
            "revenue_4q": null,
            "common_shares": 4024561,
            "book_valuer_per_share": -33.94,
            "book_valuer_per_share_4q_avg": -31.2,
            "equity": 15849248,
            "current_ratio": 95.06,
            "debt_ratio": 64.45,
            "inventory_turnover_ratio": null,
            "account_receivable_turnover_ratio": 9.72,
            "reinvestment_rate": 32.78,
            "research_to_sale_ratio": 8.4,
            "price_fair": 217.53,
            "eps_avg_yearly": 6.22,
            "eps_latest_yearly": 3.08,
            "eps_growth_yearly": 85.33
        },
        "20221": {
            "year_quarter": 20221,
            "year": 2022,
            "quarter": 1,
            "eps": 3.53,
            "eps_growth_year": -5.85,
            "eps_4q": 10.46,
            "eps_4q_growth_year": 10.46,
            "roe": 9.57,
            "roe_4q": 31.879999999999995,
            "gross_profit": 3583062,
            "gross_margin": 45.54,
            "gross_margin_4q_avg": 41.66,
            "net_income": 1597447,
            "net_income_4q": null,
            "revenue": 7867767,
            "revenue_4q": null,
            "common_shares": 4155580,
            "book_valuer_per_share": -30.72,
            "book_valuer_per_share_4q_avg": -31.46,
            "equity": 17544039,
            "current_ratio": 104.63,
            "debt_ratio": 61.3,
            "inventory_turnover_ratio": null,
            "account_receivable_turnover_ratio": 9.66,
            "reinvestment_rate": 29.9,
            "research_to_sale_ratio": 8.36,
            "price_fair": 242.81,
            "eps_avg_yearly": 6.94,
            "eps_latest_yearly": 14.12,
            "eps_growth_yearly": 172.82
        },
        "20222": {
            "year_quarter": 20222,
            "year": 2022,
            "quarter": 2,
            "eps": 3.2,
            "eps_growth_year": 7.67,
            "eps_4q": 10.69,
            "eps_4q_growth_year": 1.33,
            "roe": 7.87,
            "roe_4q": 29.630000000000003,
            "gross_profit": 3279386,
            "gross_margin": 41.15,
            "gross_margin_4q_avg": 40.63,
            "net_income": 1440951,
            "net_income_4q": null,
            "revenue": 7970141,
            "revenue_4q": null,
            "common_shares": 4316870,
            "book_valuer_per_share": -30.26,
            "book_valuer_per_share_4q_avg": -31.44,
            "equity": 19075974,
            "current_ratio": 104.54,
            "debt_ratio": 58.84,
            "inventory_turnover_ratio": null,
            "account_receivable_turnover_ratio": 10.03,
            "reinvestment_rate": 25.99,
            "research_to_sale_ratio": 8.99,
            "price_fair": 263.38,
            "eps_avg_yearly": 7.53,
            "eps_latest_yearly": 12.8,
            "eps_growth_yearly": 162.28
        },
        "20223": {
            "year_quarter": 20223,
            "year": 2022,
            "quarter": 3,
            "eps": 3.1,
            "eps_growth_year": -2.53,
            "eps_4q": 10.61,
            "eps_4q_growth_year": -7.27,
            "roe": 7.06,
            "roe_4q": 26.759999999999998,
            "gross_profit": 3136924,
            "gross_margin": 39.58,
            "gross_margin_4q_avg": 39.58,
            "net_income": 1398242,
            "net_income_4q": null,
            "revenue": 7925589,
            "revenue_4q": null,
            "common_shares": 4473962,
            "book_valuer_per_share": -27.53,
            "book_valuer_per_share_4q_avg": -30.61,
            "equity": 20528141,
            "current_ratio": 113.53,
            "debt_ratio": 56.84,
            "inventory_turnover_ratio": null,
            "account_receivable_turnover_ratio": 9.66,
            "reinvestment_rate": 22.85,
            "research_to_sale_ratio": 8.36,
            "price_fair": 283.41,
            "eps_avg_yearly": 8.1,
            "eps_latest_yearly": 12.4,
            "eps_growth_yearly": 162.68
        },
        "20224": {
            "year_quarter": 20224,
            "year": 2022,
            "quarter": 4,
            "eps": -0.69,
            "eps_growth_year": -189.77,
            "eps_4q": 9.14,
            "eps_4q_growth_year": -14.42,
            "roe": -1.52,
            "roe_4q": 22.98,
            "gross_profit": 2447893,
            "gross_margin": 31.18,
            "gross_margin_4q_avg": 39.36,
            "net_income": -313692,
            "net_income_4q": null,
            "revenue": 7852053,
            "revenue_4q": null,
            "common_shares": 4637601,
            "book_valuer_per_share": -26.85,
            "book_valuer_per_share_4q_avg": -28.84,
            "equity": 20777401,
            "current_ratio": 116.84,
            "debt_ratio": 57.24,
            "inventory_turnover_ratio": null,
            "account_receivable_turnover_ratio": 8.43,
            "reinvestment_rate": 17.76,
            "research_to_sale_ratio": 8.58,
            "price_fair": 299.32,
            "eps_avg_yearly": 8.55,
            "eps_latest_yearly": 12.4,
            "eps_growth_yearly": 189.65
        },
        "20231": {
            "year_quarter": 20231,
            "year": 2023,
            "quarter": 1,
            "eps": 2.88,
            "eps_growth_year": -18.2,
            "eps_4q": 8.5,
            "eps_4q_growth_year": -18.76,
            "roe": 6.13,
            "roe_4q": 19.54,
            "gross_profit": 3357878,
            "gross_margin": 41.14,
            "gross_margin_4q_avg": 38.26,
            "net_income": 1305120,
            "net_income_4q": null,
            "revenue": 8161503,
            "revenue_4q": null,
            "common_shares": 4762395,
            "book_valuer_per_share": -23.67,
            "book_valuer_per_share_4q_avg": -27.08,
            "equity": 21828196,
            "current_ratio": 126.05,
            "debt_ratio": 55.89,
            "inventory_turnover_ratio": null,
            "account_receivable_turnover_ratio": 8.1,
            "reinvestment_rate": 14.82,
            "research_to_sale_ratio": 8.42,
            "price_fair": 313.1,
            "eps_avg_yearly": 8.95,
            "eps_latest_yearly": 12.4,
            "eps_growth_yearly": 163.91
        },
        "20232": {
            "year_quarter": 20232,
            "year": 2023,
            "quarter": 2,
            "eps": 3.29,
            "eps_growth_year": 2.92,
            "eps_4q": 8.59,
            "eps_4q_growth_year": -19.62,
            "roe": 6.66,
            "roe_4q": 18.33,
            "gross_profit": 3513831,
            "gross_margin": 42.92,
            "gross_margin_4q_avg": 38.71,
            "net_income": 1487610,
            "net_income_4q": null,
            "revenue": 8187301,
            "revenue_4q": null,
            "common_shares": 4874208,
            "book_valuer_per_share": -21.86,
            "book_valuer_per_share_4q_avg": -24.98,
            "equity": 22832215,
            "current_ratio": 132.63,
            "debt_ratio": 55.07,
            "inventory_turnover_ratio": null,
            "account_receivable_turnover_ratio": 7.3,
            "reinvestment_rate": 13.78,
            "research_to_sale_ratio": 8.04,
            "price_fair": 340,
            "eps_avg_yearly": 9.71,
            "eps_latest_yearly": 13.16,
            "eps_growth_yearly": 174
        },
        "20233": {
            "year_quarter": 20233,
            "year": 2023,
            "quarter": 3,
            "eps": 3.73,
            "eps_growth_year": 20.06,
            "eps_4q": 9.21,
            "eps_4q_growth_year": -13.14,
            "roe": 7.47,
            "roe_4q": 18.74,
            "gross_profit": 3610880,
            "gross_margin": 42.27,
            "gross_margin_4q_avg": 39.38,
            "net_income": 1677422,
            "net_income_4q": null,
            "revenue": 8541668,
            "revenue_4q": null,
            "common_shares": 5011427,
            "book_valuer_per_share": -22.03,
            "book_valuer_per_share_4q_avg": -23.6,
            "equity": 22107627,
            "current_ratio": 129.27,
            "debt_ratio": 55.34,
            "inventory_turnover_ratio": null,
            "account_receivable_turnover_ratio": 7.24,
            "reinvestment_rate": 9.2,
            "research_to_sale_ratio": 7.69,
            "price_fair": 362.6,
            "eps_avg_yearly": 10.36,
            "eps_latest_yearly": 14.92,
            "eps_growth_yearly": 136.39
        }
    },
    "months": {
        "2002-06": {
            "month": "2002-06",
            "price": "1.03",
            "revenue": 0
        },
        "2002-07": {
            "month": "2002-07",
            "price": "1.11",
            "revenue": 0
        },
        "2002-08": {
            "month": "2002-08",
            "price": "0.87",
            "revenue": 0
        },
        "2002-09": {
            "month": "2002-09",
            "price": "0.83",
            "revenue": 0
        },
        "2002-10": {
            "month": "2002-10",
            "price": "0.56",
            "revenue": 0
        },
        "2002-11": {
            "month": "2002-11",
            "price": "0.68",
            "revenue": 0
        },
        "2002-12": {
            "month": "2002-12",
            "price": "0.79",
            "revenue": 0
        },
        "2003-01": {
            "month": "2003-01",
            "price": "0.85",
            "revenue": 0
        },
        "2003-02": {
            "month": "2003-02",
            "price": "0.99",
            "revenue": 0
        },
        "2003-03": {
            "month": "2003-03",
            "price": "1.27",
            "revenue": 0
        },
        "2003-04": {
            "month": "2003-04",
            "price": "1.51",
            "revenue": 0
        },
        "2003-05": {
            "month": "2003-05",
            "price": "1.64",
            "revenue": 0
        },
        "2003-06": {
            "month": "2003-06",
            "price": "1.64",
            "revenue": 0
        },
        "2003-07": {
            "month": "2003-07",
            "price": "1.87",
            "revenue": 0
        },
        "2003-08": {
            "month": "2003-08",
            "price": "1.90",
            "revenue": 0
        },
        "2003-09": {
            "month": "2003-09",
            "price": "2.51",
            "revenue": 0
        },
        "2003-10": {
            "month": "2003-10",
            "price": "3.49",
            "revenue": 0
        },
        "2003-11": {
            "month": "2003-11",
            "price": "3.51",
            "revenue": 0
        },
        "2003-12": {
            "month": "2003-12",
            "price": "3.62",
            "revenue": 0
        },
        "2004-01": {
            "month": "2004-01",
            "price": "4.78",
            "revenue": 0
        },
        "2004-02": {
            "month": "2004-02",
            "price": "5.04",
            "revenue": 0
        },
        "2004-03": {
            "month": "2004-03",
            "price": "4.47",
            "revenue": 0
        },
        "2004-04": {
            "month": "2004-04",
            "price": "4.61",
            "revenue": 0
        },
        "2004-05": {
            "month": "2004-05",
            "price": "4.31",
            "revenue": 0
        },
        "2004-06": {
            "month": "2004-06",
            "price": "4.48",
            "revenue": 0
        },
        "2004-07": {
            "month": "2004-07",
            "price": "3.77",
            "revenue": 0
        },
        "2004-08": {
            "month": "2004-08",
            "price": "2.31",
            "revenue": 0
        },
        "2004-09": {
            "month": "2004-09",
            "price": "2.29",
            "revenue": 0
        },
        "2004-10": {
            "month": "2004-10",
            "price": "1.92",
            "revenue": 0
        },
        "2004-11": {
            "month": "2004-11",
            "price": "1.55",
            "revenue": 0
        },
        "2004-12": {
            "month": "2004-12",
            "price": "1.73",
            "revenue": 0
        },
        "2005-01": {
            "month": "2005-01",
            "price": "1.60",
            "revenue": 0
        },
        "2005-02": {
            "month": "2005-02",
            "price": "1.58",
            "revenue": 0
        },
        "2005-03": {
            "month": "2005-03",
            "price": "1.41",
            "revenue": 0
        },
        "2005-04": {
            "month": "2005-04",
            "price": "1.64",
            "revenue": 0
        },
        "2005-05": {
            "month": "2005-05",
            "price": "1.95",
            "revenue": 0
        },
        "2005-06": {
            "month": "2005-06",
            "price": "2.30",
            "revenue": 0
        },
        "2005-07": {
            "month": "2005-07",
            "price": "2.45",
            "revenue": 0
        },
        "2005-08": {
            "month": "2005-08",
            "price": "3.03",
            "revenue": 0
        },
        "2005-09": {
            "month": "2005-09",
            "price": "3.39",
            "revenue": 0
        },
        "2005-10": {
            "month": "2005-10",
            "price": "3.87",
            "revenue": 0
        },
        "2005-11": {
            "month": "2005-11",
            "price": "4.03",
            "revenue": 0
        },
        "2005-12": {
            "month": "2005-12",
            "price": "3.80",
            "revenue": 0
        },
        "2006-01": {
            "month": "2006-01",
            "price": "3.68",
            "revenue": 0
        },
        "2006-02": {
            "month": "2006-02",
            "price": "3.67",
            "revenue": 0
        },
        "2006-03": {
            "month": "2006-03",
            "price": "3.84",
            "revenue": 0
        },
        "2006-04": {
            "month": "2006-04",
            "price": "4.23",
            "revenue": 0
        },
        "2006-05": {
            "month": "2006-05",
            "price": "4.14",
            "revenue": 0
        },
        "2006-06": {
            "month": "2006-06",
            "price": "3.91",
            "revenue": 0
        },
        "2006-07": {
            "month": "2006-07",
            "price": "3.38",
            "revenue": 0
        },
        "2006-08": {
            "month": "2006-08",
            "price": "2.83",
            "revenue": 0
        },
        "2006-09": {
            "month": "2006-09",
            "price": "3.14",
            "revenue": 0
        },
        "2006-10": {
            "month": "2006-10",
            "price": "3.48",
            "revenue": 0
        },
        "2006-11": {
            "month": "2006-11",
            "price": "4.10",
            "revenue": 0
        },
        "2006-12": {
            "month": "2006-12",
            "price": "3.94",
            "revenue": 0
        },
        "2007-01": {
            "month": "2007-01",
            "price": "3.34",
            "revenue": 0
        },
        "2007-02": {
            "month": "2007-02",
            "price": "3.28",
            "revenue": 0
        },
        "2007-03": {
            "month": "2007-03",
            "price": "3.16",
            "revenue": 0
        },
        "2007-04": {
            "month": "2007-04",
            "price": "3.32",
            "revenue": 0
        },
        "2007-05": {
            "month": "2007-05",
            "price": "3.17",
            "revenue": 0
        },
        "2007-06": {
            "month": "2007-06",
            "price": "2.95",
            "revenue": 0
        },
        "2007-07": {
            "month": "2007-07",
            "price": "2.72",
            "revenue": 0
        },
        "2007-08": {
            "month": "2007-08",
            "price": "2.47",
            "revenue": 0
        },
        "2007-09": {
            "month": "2007-09",
            "price": "2.71",
            "revenue": 0
        },
        "2007-10": {
            "month": "2007-10",
            "price": "3.38",
            "revenue": 0
        },
        "2007-11": {
            "month": "2007-11",
            "price": "3.47",
            "revenue": 0
        },
        "2007-12": {
            "month": "2007-12",
            "price": "3.58",
            "revenue": 0
        },
        "2008-01": {
            "month": "2008-01",
            "price": "3.34",
            "revenue": 0
        },
        "2008-02": {
            "month": "2008-02",
            "price": "3.95",
            "revenue": 0
        },
        "2008-03": {
            "month": "2008-03",
            "price": "4.88",
            "revenue": 0
        },
        "2008-04": {
            "month": "2008-04",
            "price": "5.08",
            "revenue": 0
        },
        "2008-05": {
            "month": "2008-05",
            "price": "4.42",
            "revenue": 0
        },
        "2008-06": {
            "month": "2008-06",
            "price": "4.37",
            "revenue": 0
        },
        "2008-07": {
            "month": "2008-07",
            "price": "4.02",
            "revenue": 0
        },
        "2008-08": {
            "month": "2008-08",
            "price": "4.37",
            "revenue": 0
        },
        "2008-09": {
            "month": "2008-09",
            "price": "4.35",
            "revenue": 0
        },
        "2008-10": {
            "month": "2008-10",
            "price": "3.35",
            "revenue": 0
        },
        "2008-11": {
            "month": "2008-11",
            "price": "3.13",
            "revenue": 0
        },
        "2008-12": {
            "month": "2008-12",
            "price": "3.87",
            "revenue": 0
        },
        "2009-01": {
            "month": "2009-01",
            "price": "4.60",
            "revenue": 0
        },
        "2009-02": {
            "month": "2009-02",
            "price": "5.25",
            "revenue": 0
        },
        "2009-03": {
            "month": "2009-03",
            "price": "5.70",
            "revenue": 0
        },
        "2009-04": {
            "month": "2009-04",
            "price": "6.55",
            "revenue": 0
        },
        "2009-05": {
            "month": "2009-05",
            "price": "5.75",
            "revenue": 0
        },
        "2009-06": {
            "month": "2009-06",
            "price": "5.69",
            "revenue": 0
        },
        "2009-07": {
            "month": "2009-07",
            "price": "6.06",
            "revenue": 0
        },
        "2009-08": {
            "month": "2009-08",
            "price": "6.37",
            "revenue": 0
        },
        "2009-09": {
            "month": "2009-09",
            "price": "6.38",
            "revenue": 0
        },
        "2009-10": {
            "month": "2009-10",
            "price": "7.03",
            "revenue": 0
        },
        "2009-11": {
            "month": "2009-11",
            "price": "8.31",
            "revenue": 0
        },
        "2009-12": {
            "month": "2009-12",
            "price": "8.01",
            "revenue": 0
        },
        "2010-01": {
            "month": "2010-01",
            "price": "7.56",
            "revenue": 0
        },
        "2010-02": {
            "month": "2010-02",
            "price": "9.06",
            "revenue": 0
        },
        "2010-03": {
            "month": "2010-03",
            "price": "10.15",
            "revenue": 0
        },
        "2010-04": {
            "month": "2010-04",
            "price": "12.80",
            "revenue": 0
        },
        "2010-05": {
            "month": "2010-05",
            "price": "14.56",
            "revenue": 0
        },
        "2010-06": {
            "month": "2010-06",
            "price": "16.67",
            "revenue": 0
        },
        "2010-07": {
            "month": "2010-07",
            "price": "16.04",
            "revenue": 0
        },
        "2010-08": {
            "month": "2010-08",
            "price": "17.56",
            "revenue": 0
        },
        "2010-09": {
            "month": "2010-09",
            "price": "21.35",
            "revenue": 0
        },
        "2010-10": {
            "month": "2010-10",
            "price": "22.85",
            "revenue": 0
        },
        "2010-11": {
            "month": "2010-11",
            "price": "25.27",
            "revenue": 0
        },
        "2010-12": {
            "month": "2010-12",
            "price": "26.44",
            "revenue": 0
        },
        "2011-01": {
            "month": "2011-01",
            "price": "27.08",
            "revenue": 0
        },
        "2011-02": {
            "month": "2011-02",
            "price": "31.82",
            "revenue": 0
        },
        "2011-03": {
            "month": "2011-03",
            "price": "30.76",
            "revenue": 0
        },
        "2011-04": {
            "month": "2011-04",
            "price": "34.06",
            "revenue": 0
        },
        "2011-05": {
            "month": "2011-05",
            "price": "34.85",
            "revenue": 0
        },
        "2011-06": {
            "month": "2011-06",
            "price": "37.05",
            "revenue": 0
        },
        "2011-07": {
            "month": "2011-07",
            "price": "40.29",
            "revenue": 0
        },
        "2011-08": {
            "month": "2011-08",
            "price": "33.33",
            "revenue": 0
        },
        "2011-09": {
            "month": "2011-09",
            "price": "23.96",
            "revenue": 0
        },
        "2011-10": {
            "month": "2011-10",
            "price": "15.27",
            "revenue": 0
        },
        "2011-11": {
            "month": "2011-11",
            "price": "11.39",
            "revenue": 0
        },
        "2011-12": {
            "month": "2011-12",
            "price": "10.04",
            "revenue": 0
        },
        "2012-01": {
            "month": "2012-01",
            "price": "13.96",
            "revenue": 0
        },
        "2012-02": {
            "month": "2012-02",
            "price": "17.13",
            "revenue": 0
        },
        "2012-03": {
            "month": "2012-03",
            "price": "16.14",
            "revenue": 0
        },
        "2012-04": {
            "month": "2012-04",
            "price": "14.41",
            "revenue": 0
        },
        "2012-05": {
            "month": "2012-05",
            "price": "10.43",
            "revenue": 0
        },
        "2012-06": {
            "month": "2012-06",
            "price": "9.39",
            "revenue": 0
        },
        "2012-07": {
            "month": "2012-07",
            "price": "10.75",
            "revenue": 0
        },
        "2012-08": {
            "month": "2012-08",
            "price": "8.68",
            "revenue": 0
        },
        "2012-09": {
            "month": "2012-09",
            "price": "8.08",
            "revenue": 0
        },
        "2012-10": {
            "month": "2012-10",
            "price": "9.40",
            "revenue": 0
        },
        "2012-11": {
            "month": "2012-11",
            "price": "11.43",
            "revenue": 0
        },
        "2012-12": {
            "month": "2012-12",
            "price": "12.77",
            "revenue": 0
        },
        "2013-01": {
            "month": "2013-01",
            "price": "16.72",
            "revenue": 0
        },
        "2013-02": {
            "month": "2013-02",
            "price": "26.07",
            "revenue": 0
        },
        "2013-03": {
            "month": "2013-03",
            "price": "26.38",
            "revenue": 0
        },
        "2013-04": {
            "month": "2013-04",
            "price": "26.12",
            "revenue": 0
        },
        "2013-05": {
            "month": "2013-05",
            "price": "31.96",
            "revenue": 0
        },
        "2013-06": {
            "month": "2013-06",
            "price": "31.28",
            "revenue": 0
        },
        "2013-07": {
            "month": "2013-07",
            "price": "35.16",
            "revenue": 0
        },
        "2013-08": {
            "month": "2013-08",
            "price": "37.74",
            "revenue": 0
        },
        "2013-09": {
            "month": "2013-09",
            "price": "43.35",
            "revenue": 0
        },
        "2013-10": {
            "month": "2013-10",
            "price": "45.96",
            "revenue": 0
        },
        "2013-11": {
            "month": "2013-11",
            "price": "48.95",
            "revenue": 0
        },
        "2013-12": {
            "month": "2013-12",
            "price": "52.58",
            "revenue": 0
        },
        "2014-01": {
            "month": "2014-01",
            "price": "51.30",
            "revenue": 0
        },
        "2014-02": {
            "month": "2014-02",
            "price": "61.63",
            "revenue": 0
        },
        "2014-03": {
            "month": "2014-03",
            "price": "59.26",
            "revenue": 0
        },
        "2014-04": {
            "month": "2014-04",
            "price": "48.66",
            "revenue": 0
        },
        "2014-05": {
            "month": "2014-05",
            "price": "51.78",
            "revenue": 0
        },
        "2014-06": {
            "month": "2014-06",
            "price": "61.90",
            "revenue": 0
        },
        "2014-07": {
            "month": "2014-07",
            "price": "63.20",
            "revenue": 0
        },
        "2014-08": {
            "month": "2014-08",
            "price": "65.32",
            "revenue": 0
        },
        "2014-09": {
            "month": "2014-09",
            "price": "66.12",
            "revenue": 0
        },
        "2014-10": {
            "month": "2014-10",
            "price": "58.93",
            "revenue": 0
        },
        "2014-11": {
            "month": "2014-11",
            "price": "53.35",
            "revenue": 0
        },
        "2014-12": {
            "month": "2014-12",
            "price": "48.51",
            "revenue": 0
        },
        "2015-01": {
            "month": "2015-01",
            "price": "53.41",
            "revenue": 0
        },
        "2015-02": {
            "month": "2015-02",
            "price": "66.13",
            "revenue": 0
        },
        "2015-03": {
            "month": "2015-03",
            "price": "62.52",
            "revenue": 0
        },
        "2015-04": {
            "month": "2015-04",
            "price": "72.26",
            "revenue": 0
        },
        "2015-05": {
            "month": "2015-05",
            "price": "85.20",
            "revenue": 0
        },
        "2015-06": {
            "month": "2015-06",
            "price": "93.20",
            "revenue": 0
        },
        "2015-07": {
            "month": "2015-07",
            "price": "104.24",
            "revenue": 0
        },
        "2015-08": {
            "month": "2015-08",
            "price": "117.50",
            "revenue": 0
        },
        "2015-09": {
            "month": "2015-09",
            "price": "100.56",
            "revenue": 0
        },
        "2015-10": {
            "month": "2015-10",
            "price": "105.59",
            "revenue": 0
        },
        "2015-11": {
            "month": "2015-11",
            "price": "116.07",
            "revenue": 0
        },
        "2015-12": {
            "month": "2015-12",
            "price": "121.30",
            "revenue": 0
        },
        "2016-01": {
            "month": "2016-01",
            "price": "105.45",
            "revenue": 0
        },
        "2016-02": {
            "month": "2016-02",
            "price": "89.97",
            "revenue": 0
        },
        "2016-03": {
            "month": "2016-03",
            "price": "99.32",
            "revenue": 0
        },
        "2016-04": {
            "month": "2016-04",
            "price": "100.81",
            "revenue": 0
        },
        "2016-05": {
            "month": "2016-05",
            "price": "93.17",
            "revenue": 0
        },
        "2016-06": {
            "month": "2016-06",
            "price": "94.30",
            "revenue": 0
        },
        "2016-07": {
            "month": "2016-07",
            "price": "93.16",
            "revenue": 0
        },
        "2016-08": {
            "month": "2016-08",
            "price": "95.62",
            "revenue": 0
        },
        "2016-09": {
            "month": "2016-09",
            "price": "97.45",
            "revenue": 0
        },
        "2016-10": {
            "month": "2016-10",
            "price": "113.16",
            "revenue": 0
        },
        "2016-11": {
            "month": "2016-11",
            "price": "118.38",
            "revenue": 0
        },
        "2016-12": {
            "month": "2016-12",
            "price": "124.01",
            "revenue": 0
        },
        "2017-01": {
            "month": "2017-01",
            "price": "134.88",
            "revenue": 0
        },
        "2017-02": {
            "month": "2017-02",
            "price": "142.50",
            "revenue": 0
        },
        "2017-03": {
            "month": "2017-03",
            "price": "143.23",
            "revenue": 0
        },
        "2017-04": {
            "month": "2017-04",
            "price": "145.46",
            "revenue": 0
        },
        "2017-05": {
            "month": "2017-05",
            "price": "158.40",
            "revenue": 0
        },
        "2017-06": {
            "month": "2017-06",
            "price": "156.51",
            "revenue": 0
        },
        "2017-07": {
            "month": "2017-07",
            "price": "169.45",
            "revenue": 0
        },
        "2017-08": {
            "month": "2017-08",
            "price": "172.39",
            "revenue": 0
        },
        "2017-09": {
            "month": "2017-09",
            "price": "181.67",
            "revenue": 0
        },
        "2017-10": {
            "month": "2017-10",
            "price": "194.28",
            "revenue": 0
        },
        "2017-11": {
            "month": "2017-11",
            "price": "195.22",
            "revenue": 0
        },
        "2017-12": {
            "month": "2017-12",
            "price": "187.85",
            "revenue": 0
        },
        "2018-01": {
            "month": "2018-01",
            "price": "232.91",
            "revenue": 0
        },
        "2018-02": {
            "month": "2018-02",
            "price": "271.44",
            "revenue": 0
        },
        "2018-03": {
            "month": "2018-03",
            "price": "312.23",
            "revenue": 0
        },
        "2018-04": {
            "month": "2018-04",
            "price": "307.47",
            "revenue": 0
        },
        "2018-05": {
            "month": "2018-05",
            "price": "331.54",
            "revenue": 0
        },
        "2018-06": {
            "month": "2018-06",
            "price": "384.13",
            "revenue": 0
        },
        "2018-07": {
            "month": "2018-07",
            "price": "381.52",
            "revenue": 0
        },
        "2018-08": {
            "month": "2018-08",
            "price": "346.26",
            "revenue": 0
        },
        "2018-09": {
            "month": "2018-09",
            "price": "362.64",
            "revenue": 0
        },
        "2018-10": {
            "month": "2018-10",
            "price": "335.45",
            "revenue": 0
        },
        "2018-11": {
            "month": "2018-11",
            "price": "290.34",
            "revenue": 0
        },
        "2018-12": {
            "month": "2018-12",
            "price": "265.30",
            "revenue": 0
        },
        "2019-01": {
            "month": "2019-01",
            "price": "325.81",
            "revenue": 0
        },
        "2019-02": {
            "month": "2019-02",
            "price": "355.61",
            "revenue": 0
        },
        "2019-03": {
            "month": "2019-03",
            "price": "359.44",
            "revenue": 0
        },
        "2019-04": {
            "month": "2019-04",
            "price": "366.15",
            "revenue": 0
        },
        "2019-05": {
            "month": "2019-05",
            "price": "359.44",
            "revenue": 0
        },
        "2019-06": {
            "month": "2019-06",
            "price": "356.62",
            "revenue": 0
        },
        "2019-07": {
            "month": "2019-07",
            "price": "350.78",
            "revenue": 0
        },
        "2019-08": {
            "month": "2019-08",
            "price": "303.13",
            "revenue": 0
        },
        "2019-09": {
            "month": "2019-09",
            "price": "281.95",
            "revenue": 0
        },
        "2019-10": {
            "month": "2019-10",
            "price": "277.64",
            "revenue": 0
        },
        "2019-11": {
            "month": "2019-11",
            "price": "299.13",
            "revenue": 0
        },
        "2019-12": {
            "month": "2019-12",
            "price": "314.60",
            "revenue": 0
        },
        "2020-01": {
            "month": "2020-01",
            "price": "338.83",
            "revenue": 0
        },
        "2020-02": {
            "month": "2020-02",
            "price": "373.99",
            "revenue": 0
        },
        "2020-03": {
            "month": "2020-03",
            "price": "350.59",
            "revenue": 0
        },
        "2020-04": {
            "month": "2020-04",
            "price": "404.31",
            "revenue": 0
        },
        "2020-05": {
            "month": "2020-05",
            "price": "433.29",
            "revenue": 0
        },
        "2020-06": {
            "month": "2020-06",
            "price": "438.98",
            "revenue": 0
        },
        "2020-07": {
            "month": "2020-07",
            "price": "499.38",
            "revenue": 0
        },
        "2020-08": {
            "month": "2020-08",
            "price": "498.07",
            "revenue": 0
        },
        "2020-09": {
            "month": "2020-09",
            "price": "495.55",
            "revenue": 0
        },
        "2020-10": {
            "month": "2020-10",
            "price": "515.14",
            "revenue": 0
        },
        "2020-11": {
            "month": "2020-11",
            "price": "487.44",
            "revenue": 0
        },
        "2020-12": {
            "month": "2020-12",
            "price": "516.57",
            "revenue": 0
        },
        "2021-01": {
            "month": "2021-01",
            "price": "526.82",
            "revenue": 0
        },
        "2021-02": {
            "month": "2021-02",
            "price": "548.96",
            "revenue": 0
        },
        "2021-03": {
            "month": "2021-03",
            "price": "518.12",
            "revenue": 0
        },
        "2021-04": {
            "month": "2021-04",
            "price": "533.14",
            "revenue": 0
        },
        "2021-05": {
            "month": "2021-05",
            "price": "496.71",
            "revenue": 0
        },
        "2021-06": {
            "month": "2021-06",
            "price": "503.32",
            "revenue": 0
        },
        "2021-07": {
            "month": "2021-07",
            "price": "528.65",
            "revenue": 0
        },
        "2021-08": {
            "month": "2021-08",
            "price": "532.35",
            "revenue": 0
        },
        "2021-09": {
            "month": "2021-09",
            "price": "590.80",
            "revenue": 0
        },
        "2021-10": {
            "month": "2021-10",
            "price": "642.20",
            "revenue": 0
        },
        "2021-11": {
            "month": "2021-11",
            "price": "667.52",
            "revenue": 0
        },
        "2021-12": {
            "month": "2021-12",
            "price": "608.48",
            "revenue": 0
        },
        "2022-01": {
            "month": "2022-01",
            "price": "487.85",
            "revenue": 0
        },
        "2022-02": {
            "month": "2022-02",
            "price": "400.99",
            "revenue": 0
        },
        "2022-03": {
            "month": "2022-03",
            "price": "366.79",
            "revenue": 0
        },
        "2022-04": {
            "month": "2022-04",
            "price": "297.41",
            "revenue": 0
        },
        "2022-05": {
            "month": "2022-05",
            "price": "186.45",
            "revenue": 0
        },
        "2022-06": {
            "month": "2022-06",
            "price": "184.85",
            "revenue": 0
        },
        "2022-07": {
            "month": "2022-07",
            "price": "199.09",
            "revenue": 0
        },
        "2022-08": {
            "month": "2022-08",
            "price": "233.03",
            "revenue": 0
        },
        "2022-09": {
            "month": "2022-09",
            "price": "232.11",
            "revenue": 0
        },
        "2022-10": {
            "month": "2022-10",
            "price": "256.27",
            "revenue": 0
        },
        "2022-11": {
            "month": "2022-11",
            "price": "283.17",
            "revenue": 0
        },
        "2022-12": {
            "month": "2022-12",
            "price": "302.04",
            "revenue": 0
        },
        "2023-01": {
            "month": "2023-01",
            "price": "334.76",
            "revenue": 0
        },
        "2023-02": {
            "month": "2023-02",
            "price": "349.10",
            "revenue": 0
        },
        "2023-03": {
            "month": "2023-03",
            "price": "312.60",
            "revenue": 0
        },
        "2023-04": {
            "month": "2023-04",
            "price": "333.74",
            "revenue": 0
        },
        "2023-05": {
            "month": "2023-05",
            "price": "347.46",
            "revenue": 0
        },
        "2023-06": {
            "month": "2023-06",
            "price": "421.46",
            "revenue": 0
        },
        "2023-07": {
            "month": "2023-07",
            "price": "440.33",
            "revenue": 0
        },
        "2023-08": {
            "month": "2023-08",
            "price": "424.06",
            "revenue": 0
        },
        "2023-09": {
            "month": "2023-09",
            "price": "407.32",
            "revenue": 0
        },
        "2023-10": {
            "month": "2023-10",
            "price": "381.44",
            "revenue": 0
        }
    }
}
