{
    "summary": {
        "stock_name": "Nike Inc",
        "stock_id": "NKE",
        "category": "Consumer Discretionary",
        "main_business": "耐克公司於1967年根據俄勒岡州法律成立。公司的主要業務活動是運動鞋、服裝、裝置、配件和服務的設計、開發和全球營銷和銷售。公司是世界上最大的運動鞋和運動服裝銷售商。公司透過耐克旗下的零售店和網際網路網站，以及世界各地的獨立經銷商和授權經銷商，向零售客戶銷售產品。實際上，公司的所有產品都是由獨立的承包商生產。幾乎所有的鞋類和服裝產品都在美國境外生產，而裝備產品則在美國和國外生產。",
        "website_url": "https://about.nike.com/",
        "ceo": "John J. Donahoe II",
        "pe_ratio": 29,
        "report_year_from": 1995,
        "report_year_to": 2024,
        "age": 29,
        "eps_negative_percentage": 0,
        "eps_growth_avg": {
            "last_all": 17.65,
            "last_2y": 28.9,
            "last_4y": 12.62,
            "last_8y": 12.92,
            "last_12y": 12.52,
            "last_16y": 12.13,
            "last_20y": 13.73,
            "at_2006_last_3y": 20.52,
            "at_2007_last_3y": 19.98,
            "at_2008_last_3y": 21.91,
            "at_2009_last_3y": 14.88,
            "at_2010_last_3y": 10.86,
            "at_2011_last_3y": 11.82,
            "at_2012_last_3y": 6.68,
            "at_2013_last_3y": 8.83,
            "at_2014_last_3y": 11.63,
            "at_2015_last_3y": 14.02,
            "at_2016_last_3y": 15.71,
            "at_2017_last_3y": 17.08,
            "at_2018_last_3y": 13.28,
            "at_2019_last_3y": 8.07,
            "at_2020_last_3y": -2.84,
            "at_2021_last_3y": 18.11,
            "at_2022_last_3y": 19.3,
            "at_2023_last_3y": 14.95,
            "at_2024_last_3y": 14.95,
            "at_2006_last_all": 36.41,
            "at_2007_last_all": 32.14,
            "at_2008_last_all": 31.91,
            "at_2009_last_all": 28.19,
            "at_2010_last_all": 25.06,
            "at_2011_last_all": 24.01,
            "at_2012_last_all": 22.74,
            "at_2013_last_all": 21.74,
            "at_2014_last_all": 20.93,
            "at_2015_last_all": 21.16,
            "at_2016_last_all": 20.86,
            "at_2017_last_all": 20.57,
            "at_2018_last_all": 19.13,
            "at_2019_last_all": 18.25,
            "at_2020_last_all": 15.87,
            "at_2021_last_all": 20.08,
            "at_2022_last_all": 19.16,
            "at_2023_last_all": 17.65,
            "at_2024_last_all": 17.65
        },
        "latest_eps": 3.42,
        "latest_price": 98.19,
        "latest_roe": 37.41,
        "latest_gross_margin": 44.6,
        "latest_equity": 14146000,
        "latest_revenue": 13388000,
        "latest_gross_profit": 5971000,
        "latest_net_income": 1578000,
        "latest_debt_ratio": 61.98,
        "latest_current_ratio": 273.71,
        "latest_account_receivable_turnover_ratio": 2.81,
        "latest_inventory_turnover_ratio": 0.89,
        "latest_reinvestment_rate": 2.04,
        "latest_research_to_sale_ratio": null
    },
    "eps_dividends": {
        "1995": {
            "cash": 0.02,
            "stock": 0,
            "eps": 0
        },
        "1996": {
            "cash": 0.04,
            "stock": 0,
            "eps": 0
        },
        "1997": {
            "cash": 0.04,
            "stock": 0,
            "eps": 0
        },
        "1998": {
            "cash": 0.08,
            "stock": 0,
            "eps": 0
        },
        "1999": {
            "cash": 0.08,
            "stock": 0,
            "eps": 0
        },
        "2000": {
            "cash": 0.08,
            "stock": 0,
            "eps": 0
        },
        "2001": {
            "cash": 0.08,
            "stock": 0,
            "eps": 0.11
        },
        "2002": {
            "cash": 0.06,
            "stock": 0,
            "eps": 0.31
        },
        "2003": {
            "cash": 0.06,
            "stock": 0,
            "eps": 0.35
        },
        "2004": {
            "cash": 0.12,
            "stock": 0,
            "eps": 0.43
        },
        "2005": {
            "cash": 0.09,
            "stock": 0,
            "eps": 0.56
        },
        "2006": {
            "cash": 0.16,
            "stock": 0,
            "eps": 0.65
        },
        "2007": {
            "cash": 0.2,
            "stock": 0,
            "eps": 0.72
        },
        "2008": {
            "cash": 0.24,
            "stock": 0,
            "eps": 0.94
        },
        "2009": {
            "cash": 0.24,
            "stock": 0,
            "eps": 0.96
        },
        "2010": {
            "cash": 0.36000000000000004,
            "stock": 0,
            "eps": 0.96
        },
        "2011": {
            "cash": 0.24,
            "stock": 0,
            "eps": 1.1
        },
        "2012": {
            "cash": 0.32,
            "stock": 0,
            "eps": 1.21
        },
        "2013": {
            "cash": 0.33,
            "stock": 0,
            "eps": 1.34
        },
        "2014": {
            "cash": 0.48,
            "stock": 0,
            "eps": 1.49
        },
        "2015": {
            "cash": 0.56,
            "stock": 0,
            "eps": 1.85
        },
        "2016": {
            "cash": 0.8,
            "stock": 0,
            "eps": 2.16
        },
        "2017": {
            "cash": 0.72,
            "stock": 0,
            "eps": 2.51
        },
        "2018": {
            "cash": 0.8,
            "stock": 0,
            "eps": 2.41
        },
        "2019": {
            "cash": 0.88,
            "stock": 0,
            "eps": 2.49
        },
        "2020": {
            "cash": 1.28,
            "stock": 0,
            "eps": 1.82
        },
        "2021": {
            "cash": 1.1500000000000001,
            "stock": 0,
            "eps": 3.73
        },
        "2022": {
            "cash": 1.27,
            "stock": 0,
            "eps": 3.76
        },
        "2023": {
            "cash": 1.36,
            "stock": 0,
            "eps": 3.23
        },
        "2024": {
            "cash": 0.34,
            "stock": 0,
            "eps": 1.97
        }
    },
    "dividends": {
        "1995-07-05": {
            "cash": 0.01,
            "stock": 0
        },
        "1995-10-02": {
            "cash": 0.01,
            "stock": 0
        },
        "1996-01-03": {
            "cash": 0.01,
            "stock": 0
        },
        "1996-04-02": {
            "cash": 0.01,
            "stock": 0
        },
        "1996-07-02": {
            "cash": 0.01,
            "stock": 0
        },
        "1996-10-01": {
            "cash": 0.01,
            "stock": 0
        },
        "1997-01-03": {
            "cash": 0.01,
            "stock": 0
        },
        "1997-04-04": {
            "cash": 0.01,
            "stock": 0
        },
        "1997-07-03": {
            "cash": 0.01,
            "stock": 0
        },
        "1997-10-06": {
            "cash": 0.01,
            "stock": 0
        },
        "1998-01-05": {
            "cash": 0.02,
            "stock": 0
        },
        "1998-04-06": {
            "cash": 0.02,
            "stock": 0
        },
        "1998-07-03": {
            "cash": 0.02,
            "stock": 0
        },
        "1998-10-05": {
            "cash": 0.02,
            "stock": 0
        },
        "1999-01-05": {
            "cash": 0.02,
            "stock": 0
        },
        "1999-04-06": {
            "cash": 0.02,
            "stock": 0
        },
        "1999-07-02": {
            "cash": 0.02,
            "stock": 0
        },
        "1999-10-04": {
            "cash": 0.02,
            "stock": 0
        },
        "2000-01-05": {
            "cash": 0.02,
            "stock": 0
        },
        "2000-04-04": {
            "cash": 0.02,
            "stock": 0
        },
        "2000-07-05": {
            "cash": 0.02,
            "stock": 0
        },
        "2000-10-02": {
            "cash": 0.02,
            "stock": 0
        },
        "2001-01-03": {
            "cash": 0.02,
            "stock": 0
        },
        "2001-04-04": {
            "cash": 0.02,
            "stock": 0
        },
        "2001-07-03": {
            "cash": 0.02,
            "stock": 0
        },
        "2001-10-02": {
            "cash": 0.02,
            "stock": 0
        },
        "2002-01-02": {
            "cash": 0.02,
            "stock": 0
        },
        "2002-07-02": {
            "cash": 0.02,
            "stock": 0
        },
        "2002-10-02": {
            "cash": 0.02,
            "stock": 0
        },
        "2003-04-01": {
            "cash": 0.02,
            "stock": 0
        },
        "2003-07-01": {
            "cash": 0.02,
            "stock": 0
        },
        "2003-10-01": {
            "cash": 0.02,
            "stock": 0
        },
        "2004-01-05": {
            "cash": 0.03,
            "stock": 0
        },
        "2004-04-05": {
            "cash": 0.03,
            "stock": 0
        },
        "2004-07-05": {
            "cash": 0.03,
            "stock": 0
        },
        "2004-10-04": {
            "cash": 0.03,
            "stock": 0
        },
        "2005-01-03": {
            "cash": 0.03,
            "stock": 0
        },
        "2005-07-05": {
            "cash": 0.03,
            "stock": 0
        },
        "2005-10-03": {
            "cash": 0.03,
            "stock": 0
        },
        "2006-01-03": {
            "cash": 0.04,
            "stock": 0
        },
        "2006-04-03": {
            "cash": 0.04,
            "stock": 0
        },
        "2006-07-03": {
            "cash": 0.04,
            "stock": 0
        },
        "2006-10-02": {
            "cash": 0.04,
            "stock": 0
        },
        "2007-01-02": {
            "cash": 0.05,
            "stock": 0
        },
        "2007-04-02": {
            "cash": 0.05,
            "stock": 0
        },
        "2007-07-02": {
            "cash": 0.05,
            "stock": 0
        },
        "2007-10-01": {
            "cash": 0.05,
            "stock": 0
        },
        "2008-01-02": {
            "cash": 0.06,
            "stock": 0
        },
        "2008-04-01": {
            "cash": 0.06,
            "stock": 0
        },
        "2008-07-01": {
            "cash": 0.06,
            "stock": 0
        },
        "2008-10-01": {
            "cash": 0.06,
            "stock": 0
        },
        "2009-01-05": {
            "cash": 0.06,
            "stock": 0
        },
        "2009-04-01": {
            "cash": 0.06,
            "stock": 0
        },
        "2009-07-01": {
            "cash": 0.06,
            "stock": 0
        },
        "2009-10-01": {
            "cash": 0.06,
            "stock": 0
        },
        "2010-01-04": {
            "cash": 0.07,
            "stock": 0
        },
        "2010-04-01": {
            "cash": 0.07,
            "stock": 0
        },
        "2010-07-01": {
            "cash": 0.07,
            "stock": 0
        },
        "2010-10-01": {
            "cash": 0.07,
            "stock": 0
        },
        "2010-12-30": {
            "cash": 0.08,
            "stock": 0
        },
        "2011-04-01": {
            "cash": 0.08,
            "stock": 0
        },
        "2011-07-01": {
            "cash": 0.08,
            "stock": 0
        },
        "2011-10-03": {
            "cash": 0.08,
            "stock": 0
        },
        "2012-04-02": {
            "cash": 0.09,
            "stock": 0
        },
        "2012-07-02": {
            "cash": 0.09,
            "stock": 0
        },
        "2012-10-01": {
            "cash": 0.09,
            "stock": 0
        },
        "2012-12-26": {
            "cash": 0.05,
            "stock": 0
        },
        "2013-04-01": {
            "cash": 0.11,
            "stock": 0
        },
        "2013-07-01": {
            "cash": 0.11,
            "stock": 0
        },
        "2013-10-07": {
            "cash": 0.11,
            "stock": 0
        },
        "2014-01-06": {
            "cash": 0.12,
            "stock": 0
        },
        "2014-04-07": {
            "cash": 0.12,
            "stock": 0
        },
        "2014-07-07": {
            "cash": 0.12,
            "stock": 0
        },
        "2014-10-06": {
            "cash": 0.12,
            "stock": 0
        },
        "2015-01-05": {
            "cash": 0.14,
            "stock": 0
        },
        "2015-04-06": {
            "cash": 0.14,
            "stock": 0
        },
        "2015-07-06": {
            "cash": 0.14,
            "stock": 0
        },
        "2015-10-05": {
            "cash": 0.14,
            "stock": 0
        },
        "2016-01-04": {
            "cash": 0.32,
            "stock": 0
        },
        "2016-04-04": {
            "cash": 0.16,
            "stock": 0
        },
        "2016-07-05": {
            "cash": 0.16,
            "stock": 0
        },
        "2016-10-03": {
            "cash": 0.16,
            "stock": 0
        },
        "2017-01-03": {
            "cash": 0.18,
            "stock": 0
        },
        "2017-04-03": {
            "cash": 0.18,
            "stock": 0
        },
        "2017-07-05": {
            "cash": 0.18,
            "stock": 0
        },
        "2017-10-02": {
            "cash": 0.18,
            "stock": 0
        },
        "2018-01-02": {
            "cash": 0.2,
            "stock": 0
        },
        "2018-04-02": {
            "cash": 0.2,
            "stock": 0
        },
        "2018-07-05": {
            "cash": 0.2,
            "stock": 0
        },
        "2018-10-01": {
            "cash": 0.2,
            "stock": 0
        },
        "2019-01-02": {
            "cash": 0.22,
            "stock": 0
        },
        "2019-04-01": {
            "cash": 0.22,
            "stock": 0
        },
        "2019-07-01": {
            "cash": 0.22,
            "stock": 0
        },
        "2019-09-30": {
            "cash": 0.22,
            "stock": 0
        },
        "2020-01-02": {
            "cash": 0.25,
            "stock": 0
        },
        "2020-04-01": {
            "cash": 0.25,
            "stock": 0
        },
        "2020-07-01": {
            "cash": 0.25,
            "stock": 0
        },
        "2020-10-01": {
            "cash": 0.25,
            "stock": 0
        },
        "2020-12-29": {
            "cash": 0.28,
            "stock": 0
        },
        "2021-04-01": {
            "cash": 0.28,
            "stock": 0
        },
        "2021-07-01": {
            "cash": 0.28,
            "stock": 0
        },
        "2021-10-01": {
            "cash": 0.28,
            "stock": 0
        },
        "2021-12-28": {
            "cash": 0.31,
            "stock": 0
        },
        "2022-04-01": {
            "cash": 0.31,
            "stock": 0
        },
        "2022-07-01": {
            "cash": 0.31,
            "stock": 0
        },
        "2022-10-03": {
            "cash": 0.31,
            "stock": 0
        },
        "2022-12-28": {
            "cash": 0.34,
            "stock": 0
        },
        "2023-04-03": {
            "cash": 0.34,
            "stock": 0
        },
        "2023-06-30": {
            "cash": 0.34,
            "stock": 0
        },
        "2023-10-03": {
            "cash": 0.34,
            "stock": 0
        },
        "2023-12-28": {
            "cash": 0.34,
            "stock": 0
        },
        "2024-04-01": {
            "cash": 0.34,
            "stock": 0
        }
    },
    "prices": {
        "200101": "6.89",
        "200102": "6.44",
        "200103": "4.86",
        "200104": "4.91",
        "200105": "5.18",
        "200106": "5.26",
        "200107": "5.63",
        "200108": "6.15",
        "200109": "5.78",
        "200110": "6.02",
        "200111": "6.41",
        "200112": "6.86",
        "200201": "7.19",
        "200202": "7.43",
        "200203": "7.56",
        "200204": "7.14",
        "200205": "6.80",
        "200206": "6.38",
        "200207": "6.51",
        "200208": "5.58",
        "200209": "5.34",
        "200210": "5.47",
        "200211": "5.62",
        "200212": "5.51",
        "200301": "5.66",
        "200302": "5.58",
        "200303": "6.23",
        "200304": "6.57",
        "200305": "6.70",
        "200306": "6.94",
        "200307": "6.59",
        "200308": "6.72",
        "200309": "7.28",
        "200310": "7.92",
        "200311": "7.92",
        "200312": "8.29",
        "200401": "8.61",
        "200402": "9.03",
        "200403": "9.46",
        "200404": "9.45",
        "200405": "8.57",
        "200406": "9.00",
        "200407": "9.12",
        "200408": "9.09",
        "200409": "9.69",
        "200410": "9.96",
        "200411": "10.59",
        "200412": "11.08",
        "200501": "10.96",
        "200502": "10.69",
        "200503": "10.66",
        "200504": "9.93",
        "200505": "9.95",
        "200506": "10.84",
        "200507": "10.79",
        "200508": "10.21",
        "200509": "9.97",
        "200510": "10.33",
        "200511": "10.83",
        "200512": "10.92",
        "200601": "10.61",
        "200602": "10.60",
        "200603": "10.69",
        "200604": "10.37",
        "200605": "10.08",
        "200606": "10.25",
        "200607": "9.93",
        "200608": "9.71",
        "200609": "10.47",
        "200610": "11.24",
        "200611": "11.85",
        "200612": "12.25",
        "200701": "12.30",
        "200702": "13.06",
        "200703": "13.27",
        "200704": "13.44",
        "200705": "13.48",
        "200706": "13.71",
        "200707": "14.62",
        "200708": "13.80",
        "200709": "14.26",
        "200710": "15.64",
        "200711": "15.84",
        "200712": "16.28",
        "200801": "14.86",
        "200802": "15.32",
        "200803": "15.60",
        "200804": "16.89",
        "200805": "16.67",
        "200806": "16.64",
        "200807": "14.48",
        "200808": "15.28",
        "200809": "15.51",
        "200810": "13.97",
        "200811": "12.27",
        "200812": "12.63",
        "200901": "12.02",
        "200902": "11.02",
        "200903": "11.01",
        "200904": "13.14",
        "200905": "13.23",
        "200906": "13.91",
        "200907": "13.12",
        "200908": "14.15",
        "200909": "14.24",
        "200910": "15.96",
        "200911": "16.10",
        "200912": "16.15",
        "201001": "16.14",
        "201002": "15.94",
        "201003": "17.79",
        "201004": "18.95",
        "201005": "18.46",
        "201006": "17.92",
        "201007": "17.64",
        "201008": "17.98",
        "201009": "19.12",
        "201010": "20.36",
        "201011": "20.91",
        "201012": "21.94",
        "201101": "20.87",
        "201102": "21.57",
        "201103": "20.71",
        "201104": "19.80",
        "201105": "20.97",
        "201106": "20.62",
        "201107": "22.84",
        "201108": "20.93",
        "201109": "21.72",
        "201110": "22.90",
        "201111": "23.46",
        "201112": "23.93",
        "201201": "25.07",
        "201202": "26.40",
        "201203": "27.32",
        "201204": "27.38",
        "201205": "27.21",
        "201206": "25.45",
        "201207": "23.25",
        "201208": "23.94",
        "201209": "24.38",
        "201210": "23.65",
        "201211": "23.72",
        "201212": "24.96",
        "201301": "26.67",
        "201302": "27.20",
        "201303": "27.86",
        "201304": "30.30",
        "201305": "32.02",
        "201306": "30.95",
        "201307": "31.56",
        "201308": "32.41",
        "201309": "34.11",
        "201310": "37.01",
        "201311": "38.93",
        "201312": "39.05",
        "201401": "37.41",
        "201402": "37.36",
        "201403": "38.56",
        "201404": "36.53",
        "201405": "37.11",
        "201406": "37.94",
        "201407": "38.90",
        "201408": "39.04",
        "201409": "41.14",
        "201410": "44.57",
        "201411": "48.01",
        "201412": "48.38",
        "201501": "47.25",
        "201502": "46.78",
        "201503": "49.18",
        "201504": "49.99",
        "201505": "51.37",
        "201506": "52.28",
        "201507": "56.11",
        "201508": "56.30",
        "201509": "57.33",
        "201510": "64.15",
        "201511": "64.71",
        "201512": "64.66",
        "201601": "60.10",
        "201602": "59.37",
        "201603": "61.57",
        "201604": "59.53",
        "201605": "57.37",
        "201606": "54.14",
        "201607": "56.79",
        "201608": "57.10",
        "201609": "55.42",
        "201610": "51.77",
        "201611": "50.69",
        "201612": "51.43",
        "201701": "53.15",
        "201702": "55.64",
        "201703": "56.76",
        "201704": "55.47",
        "201705": "53.35",
        "201706": "53.22",
        "201707": "58.36",
        "201708": "56.82",
        "201709": "53.11",
        "201710": "52.83",
        "201711": "57.48",
        "201712": "62.63",
        "201801": "65.48",
        "201802": "66.79",
        "201803": "65.78",
        "201804": "67.22",
        "201805": "69.95",
        "201806": "74.20",
        "201807": "77.03",
        "201808": "80.95",
        "201809": "83.20",
        "201810": "76.61",
        "201811": "74.79",
        "201812": "72.67",
        "201901": "78.10",
        "201902": "84.14",
        "201903": "85.42",
        "201904": "86.55",
        "201905": "82.85",
        "201906": "83.10",
        "201907": "87.24",
        "201908": "81.93",
        "201909": "88.34",
        "201910": "92.87",
        "201911": "91.70",
        "201912": "98.26",
        "202001": "101.74",
        "202002": "98.78",
        "202003": "79.76",
        "202004": "85.87",
        "202005": "91.09",
        "202006": "99.54",
        "202007": "97.57",
        "202008": "106.49",
        "202009": "118.48",
        "202010": "127.71",
        "202011": "130.22",
        "202012": "139.34",
        "202101": "140.38",
        "202102": "140.24",
        "202103": "136.90",
        "202104": "132.86",
        "202105": "134.68",
        "202106": "136.11",
        "202107": "162.12",
        "202108": "169.92",
        "202109": "156.78",
        "202110": "156.92",
        "202111": "171.13",
        "202112": "166.66",
        "202201": "150.69",
        "202202": "142.87",
        "202203": "129.75",
        "202204": "129.38",
        "202205": "113.42",
        "202206": "112.52",
        "202207": "107.11",
        "202208": "112.73",
        "202209": "102.61",
        "202210": "89.31",
        "202211": "101.22",
        "202212": "111.56",
        "202301": "125.84",
        "202302": "123.63",
        "202303": "119.83",
        "202304": "124.41",
        "202305": "117.77",
        "202306": "109.34",
        "202307": "108.02",
        "202308": "105.07",
        "202309": "95.16",
        "202310": "99.97",
        "202311": "107.11",
        "202312": "116.06"
    },
    "quarters": {
        "20013": {
            "year_quarter": 20013,
            "year": 2001,
            "quarter": 3,
            "eps": 0.04,
            "eps_growth_year": -32.28,
            "eps_4q": 0.25,
            "eps_4q_growth_year": 1.39,
            "roe": 2.86,
            "roe_4q": 2.86,
            "gross_profit": 828600,
            "gross_margin": 38.18,
            "gross_margin_4q_avg": 38.18,
            "net_income": 97400,
            "net_income_4q": null,
            "revenue": 2170100,
            "revenue_4q": null,
            "common_shares": 2800,
            "book_valuer_per_share": 1.72,
            "book_valuer_per_share_4q_avg": 1.72,
            "equity": 3456000,
            "current_ratio": 188.22,
            "debt_ratio": 42.07,
            "inventory_turnover_ratio": 0.93,
            "account_receivable_turnover_ratio": 1.37,
            "reinvestment_rate": 34.74,
            "research_to_sale_ratio": null,
            "price_fair": 0,
            "eps_avg_yearly": 0,
            "eps_latest_yearly": 0,
            "eps_growth_yearly": 0
        },
        "20014": {
            "year_quarter": 20014,
            "year": 2001,
            "quarter": 4,
            "eps": 0.07,
            "eps_growth_year": 31.55,
            "eps_4q": 0.27,
            "eps_4q_growth_year": 4.64,
            "roe": 4.68,
            "roe_4q": 7.539999999999999,
            "gross_profit": 936400,
            "gross_margin": 37.71,
            "gross_margin_4q_avg": 37.95,
            "net_income": 162700,
            "net_income_4q": null,
            "revenue": 2483300,
            "revenue_4q": null,
            "common_shares": 2800,
            "book_valuer_per_share": 1.77,
            "book_valuer_per_share_4q_avg": 1.75,
            "equity": 3494800,
            "current_ratio": 202.9,
            "debt_ratio": 39.95,
            "inventory_turnover_ratio": 1.06,
            "account_receivable_turnover_ratio": 1.51,
            "reinvestment_rate": 32.01,
            "research_to_sale_ratio": null,
            "price_fair": 0,
            "eps_avg_yearly": 0,
            "eps_latest_yearly": 0,
            "eps_growth_yearly": 0
        },
        "20021": {
            "year_quarter": 20021,
            "year": 2002,
            "quarter": 1,
            "eps": 0.09,
            "eps_growth_year": -2.06,
            "eps_4q": 0.27,
            "eps_4q_growth_year": 0.63,
            "roe": 5.69,
            "roe_4q": 13.23,
            "gross_profit": 1028900,
            "gross_margin": 39.37,
            "gross_margin_4q_avg": 38.42,
            "net_income": 204200,
            "net_income_4q": null,
            "revenue": 2613700,
            "revenue_4q": null,
            "common_shares": 2800,
            "book_valuer_per_share": 1.88,
            "book_valuer_per_share_4q_avg": 1.79,
            "equity": 3681500,
            "current_ratio": 214.72,
            "debt_ratio": 41.36,
            "inventory_turnover_ratio": 1.09,
            "account_receivable_turnover_ratio": 1.53,
            "reinvestment_rate": 29.8,
            "research_to_sale_ratio": null,
            "price_fair": 0,
            "eps_avg_yearly": 0,
            "eps_latest_yearly": 0,
            "eps_growth_yearly": 0
        },
        "20022": {
            "year_quarter": 20022,
            "year": 2002,
            "quarter": 2,
            "eps": 0.06,
            "eps_growth_year": 9.01,
            "eps_4q": 0.27,
            "eps_4q_growth_year": -0.09,
            "roe": 3.47,
            "roe_4q": 16.7,
            "gross_profit": 895400,
            "gross_margin": 38.32,
            "gross_margin_4q_avg": 38.4,
            "net_income": 129400,
            "net_income_4q": null,
            "revenue": 2336800,
            "revenue_4q": null,
            "common_shares": 2800,
            "book_valuer_per_share": 1.93,
            "book_valuer_per_share_4q_avg": 1.83,
            "equity": 3772000,
            "current_ratio": 232.45,
            "debt_ratio": 39.09,
            "inventory_turnover_ratio": 0.99,
            "account_receivable_turnover_ratio": 1.36,
            "reinvestment_rate": 27.33,
            "research_to_sale_ratio": null,
            "price_fair": 0,
            "eps_avg_yearly": 0,
            "eps_latest_yearly": 0,
            "eps_growth_yearly": 0
        },
        "20023": {
            "year_quarter": 20023,
            "year": 2002,
            "quarter": 3,
            "eps": 0.06,
            "eps_growth_year": 30.24,
            "eps_4q": 0.29,
            "eps_4q_growth_year": 13.62,
            "roe": 3.31,
            "roe_4q": 17.15,
            "gross_profit": 883500,
            "gross_margin": 39.09,
            "gross_margin_4q_avg": 38.62,
            "net_income": 126300,
            "net_income_4q": null,
            "revenue": 2260300,
            "revenue_4q": null,
            "common_shares": 2900,
            "book_valuer_per_share": 1.98,
            "book_valuer_per_share_4q_avg": 1.89,
            "equity": 3868200,
            "current_ratio": 241.77,
            "debt_ratio": 38.06,
            "inventory_turnover_ratio": 0.96,
            "account_receivable_turnover_ratio": 1.3,
            "reinvestment_rate": 21.57,
            "research_to_sale_ratio": null,
            "price_fair": 2.4,
            "eps_avg_yearly": 0.24,
            "eps_latest_yearly": 0.24,
            "eps_growth_yearly": 0
        },
        "20024": {
            "year_quarter": 20024,
            "year": 2002,
            "quarter": 4,
            "eps": 0.1,
            "eps_growth_year": 27.96,
            "eps_4q": 0.31,
            "eps_4q_growth_year": 13.82,
            "roe": 5.41,
            "roe_4q": 17.880000000000003,
            "gross_profit": 1080500,
            "gross_margin": 40.28,
            "gross_margin_4q_avg": 39.27,
            "net_income": 208500,
            "net_income_4q": null,
            "revenue": 2682200,
            "revenue_4q": null,
            "common_shares": 2800,
            "book_valuer_per_share": 1.96,
            "book_valuer_per_share_4q_avg": 1.94,
            "equity": 3839300,
            "current_ratio": 226.64,
            "debt_ratio": 40.38,
            "inventory_turnover_ratio": 1.14,
            "account_receivable_turnover_ratio": 1.48,
            "reinvestment_rate": 19.11,
            "research_to_sale_ratio": null,
            "price_fair": 11.2,
            "eps_avg_yearly": 0.32,
            "eps_latest_yearly": 0.4,
            "eps_growth_yearly": 133.33
        },
        "20031": {
            "year_quarter": 20031,
            "year": 2003,
            "quarter": 1,
            "eps": 0.1,
            "eps_growth_year": 7.35,
            "eps_4q": 0.31,
            "eps_4q_growth_year": 17.24,
            "roe": 5.78,
            "roe_4q": 17.970000000000002,
            "gross_profit": 1157100,
            "gross_margin": 41.38,
            "gross_margin_4q_avg": 39.77,
            "net_income": 217200,
            "net_income_4q": null,
            "revenue": 2796300,
            "revenue_4q": null,
            "common_shares": 2800,
            "book_valuer_per_share": 2.02,
            "book_valuer_per_share_4q_avg": 1.97,
            "equity": 3672800,
            "current_ratio": 240.92,
            "debt_ratio": 42.21,
            "inventory_turnover_ratio": 1.17,
            "account_receivable_turnover_ratio": 1.46,
            "reinvestment_rate": 16.87,
            "research_to_sale_ratio": null,
            "price_fair": 12.13,
            "eps_avg_yearly": 0.35,
            "eps_latest_yearly": 0.4,
            "eps_growth_yearly": 88.89
        },
        "20032": {
            "year_quarter": 20032,
            "year": 2003,
            "quarter": 2,
            "eps": 0.07,
            "eps_growth_year": 19.28,
            "eps_4q": 0.33,
            "eps_4q_growth_year": 19.34,
            "roe": 4.08,
            "roe_4q": 18.58,
            "gross_profit": 1010100,
            "gross_margin": 40.17,
            "gross_margin_4q_avg": 40.23,
            "net_income": 152000,
            "net_income_4q": null,
            "revenue": 2514700,
            "revenue_4q": null,
            "common_shares": 2800,
            "book_valuer_per_share": 2.08,
            "book_valuer_per_share_4q_avg": 2.01,
            "equity": 3773800,
            "current_ratio": 263.81,
            "debt_ratio": 39.75,
            "inventory_turnover_ratio": 1.07,
            "account_receivable_turnover_ratio": 1.28,
            "reinvestment_rate": 14.75,
            "research_to_sale_ratio": null,
            "price_fair": 11.55,
            "eps_avg_yearly": 0.33,
            "eps_latest_yearly": 0.28,
            "eps_growth_yearly": 36.67
        },
        "20033": {
            "year_quarter": 20033,
            "year": 2003,
            "quarter": 3,
            "eps": 0.06,
            "eps_growth_year": 1.21,
            "eps_4q": 0.33,
            "eps_4q_growth_year": 13.99,
            "roe": 3.28,
            "roe_4q": 18.55,
            "gross_profit": 976000,
            "gross_margin": 40.65,
            "gross_margin_4q_avg": 40.62,
            "net_income": 124700,
            "net_income_4q": null,
            "revenue": 2400900,
            "revenue_4q": null,
            "common_shares": 2800,
            "book_valuer_per_share": 2.12,
            "book_valuer_per_share_4q_avg": 2.05,
            "equity": 3835500,
            "current_ratio": 234.31,
            "debt_ratio": 40.08,
            "inventory_turnover_ratio": 0.98,
            "account_receivable_turnover_ratio": 1.25,
            "reinvestment_rate": 14.4,
            "research_to_sale_ratio": null,
            "price_fair": 8.71,
            "eps_avg_yearly": 0.31,
            "eps_latest_yearly": 0.24,
            "eps_growth_yearly": 17.9
        },
        "20034": {
            "year_quarter": 20034,
            "year": 2003,
            "quarter": 4,
            "eps": 0.12,
            "eps_growth_year": 20.02,
            "eps_4q": 0.35,
            "eps_4q_growth_year": 12.46,
            "roe": 6.29,
            "roe_4q": 19.43,
            "gross_profit": 1240200,
            "gross_margin": 41.55,
            "gross_margin_4q_avg": 40.94,
            "net_income": 246200,
            "net_income_4q": null,
            "revenue": 2985100,
            "revenue_4q": null,
            "common_shares": 2800,
            "book_valuer_per_share": 2.22,
            "book_valuer_per_share_4q_avg": 2.11,
            "equity": 3991000,
            "current_ratio": 236.91,
            "debt_ratio": 41.49,
            "inventory_turnover_ratio": 1.15,
            "account_receivable_turnover_ratio": 1.48,
            "reinvestment_rate": 3.7,
            "research_to_sale_ratio": null,
            "price_fair": 11.9,
            "eps_avg_yearly": 0.34,
            "eps_latest_yearly": 0.48,
            "eps_growth_yearly": 81.59
        },
        "20041": {
            "year_quarter": 20041,
            "year": 2004,
            "quarter": 1,
            "eps": 0.12,
            "eps_growth_year": 21.11,
            "eps_4q": 0.37,
            "eps_4q_growth_year": 16.77,
            "roe": 6.36,
            "roe_4q": 20.009999999999998,
            "gross_profit": 1301500,
            "gross_margin": 43.03,
            "gross_margin_4q_avg": 41.35,
            "net_income": 261200,
            "net_income_4q": null,
            "revenue": 3024900,
            "revenue_4q": null,
            "common_shares": 2800,
            "book_valuer_per_share": 2.36,
            "book_valuer_per_share_4q_avg": 2.2,
            "equity": 4217400,
            "current_ratio": 254.09,
            "debt_ratio": 39.8,
            "inventory_turnover_ratio": 1.15,
            "account_receivable_turnover_ratio": 1.46,
            "reinvestment_rate": 0.56,
            "research_to_sale_ratio": null,
            "price_fair": 12.6,
            "eps_avg_yearly": 0.36,
            "eps_latest_yearly": 0.48,
            "eps_growth_yearly": 69.93
        },
        "20042": {
            "year_quarter": 20042,
            "year": 2004,
            "quarter": 2,
            "eps": 0.08,
            "eps_growth_year": 16.95,
            "eps_4q": 0.38,
            "eps_4q_growth_year": 16.35,
            "roe": 4.17,
            "roe_4q": 20.1,
            "gross_profit": 1199600,
            "gross_margin": 42.28,
            "gross_margin_4q_avg": 41.88,
            "net_income": 179100,
            "net_income_4q": null,
            "revenue": 2837100,
            "revenue_4q": null,
            "common_shares": 2800,
            "book_valuer_per_share": 2.22,
            "book_valuer_per_share_4q_avg": 2.23,
            "equity": 4367600,
            "current_ratio": 251.54,
            "debt_ratio": 40.79,
            "inventory_turnover_ratio": 1.07,
            "account_receivable_turnover_ratio": 1.4,
            "reinvestment_rate": 1.95,
            "research_to_sale_ratio": null,
            "price_fair": 12.43,
            "eps_avg_yearly": 0.36,
            "eps_latest_yearly": 0.32,
            "eps_growth_yearly": 44.52
        },
        "20043": {
            "year_quarter": 20043,
            "year": 2004,
            "quarter": 3,
            "eps": 0.09,
            "eps_growth_year": 58.02,
            "eps_4q": 0.41,
            "eps_4q_growth_year": 26.5,
            "roe": 4.49,
            "roe_4q": 21.31,
            "gross_profit": 1221900,
            "gross_margin": 42.08,
            "gross_margin_4q_avg": 42.24,
            "net_income": 200300,
            "net_income_4q": null,
            "revenue": 2904000,
            "revenue_4q": null,
            "common_shares": 2800,
            "book_valuer_per_share": 2.26,
            "book_valuer_per_share_4q_avg": 2.27,
            "equity": 4563500,
            "current_ratio": 267.39,
            "debt_ratio": 39.99,
            "inventory_turnover_ratio": 1.03,
            "account_receivable_turnover_ratio": 1.44,
            "reinvestment_rate": 1.01,
            "research_to_sale_ratio": null,
            "price_fair": 12.44,
            "eps_avg_yearly": 0.36,
            "eps_latest_yearly": 0.36,
            "eps_growth_yearly": 45.13
        },
        "20044": {
            "year_quarter": 20044,
            "year": 2004,
            "quarter": 4,
            "eps": 0.14,
            "eps_growth_year": 22.43,
            "eps_4q": 0.44,
            "eps_4q_growth_year": 26.94,
            "roe": 6.53,
            "roe_4q": 21.55,
            "gross_profit": 1528700,
            "gross_margin": 43.84,
            "gross_margin_4q_avg": 42.81,
            "net_income": 305000,
            "net_income_4q": null,
            "revenue": 3487100,
            "revenue_4q": null,
            "common_shares": 2800,
            "book_valuer_per_share": 2.39,
            "book_valuer_per_share_4q_avg": 2.31,
            "equity": 4782000,
            "current_ratio": 272.28,
            "debt_ratio": 39.53,
            "inventory_turnover_ratio": 1.18,
            "account_receivable_turnover_ratio": 1.68,
            "reinvestment_rate": 0.81,
            "research_to_sale_ratio": null,
            "price_fair": 13.16,
            "eps_avg_yearly": 0.38,
            "eps_latest_yearly": 0.56,
            "eps_growth_yearly": 62.84
        },
        "20051": {
            "year_quarter": 20051,
            "year": 2005,
            "quarter": 1,
            "eps": 0.15,
            "eps_growth_year": 23.91,
            "eps_4q": 0.47,
            "eps_4q_growth_year": 27.53,
            "roe": 6.67,
            "roe_4q": 21.86,
            "gross_profit": 1585800,
            "gross_margin": 44.52,
            "gross_margin_4q_avg": 43.18,
            "net_income": 326800,
            "net_income_4q": null,
            "revenue": 3561800,
            "revenue_4q": null,
            "common_shares": 2800,
            "book_valuer_per_share": 2.5,
            "book_valuer_per_share_4q_avg": 2.34,
            "equity": 5022400,
            "current_ratio": 292.38,
            "debt_ratio": 37.74,
            "inventory_turnover_ratio": 1.19,
            "account_receivable_turnover_ratio": 1.66,
            "reinvestment_rate": -0.33,
            "research_to_sale_ratio": null,
            "price_fair": 13.87,
            "eps_avg_yearly": 0.4,
            "eps_latest_yearly": 0.6,
            "eps_growth_yearly": 59.73
        },
        "20052": {
            "year_quarter": 20052,
            "year": 2005,
            "quarter": 2,
            "eps": 0.12,
            "eps_growth_year": 45.37,
            "eps_4q": 0.51,
            "eps_4q_growth_year": 33.43,
            "roe": 5.05,
            "roe_4q": 22.740000000000002,
            "gross_profit": 1388100,
            "gross_margin": 44.09,
            "gross_margin_4q_avg": 43.63,
            "net_income": 261900,
            "net_income_4q": null,
            "revenue": 3148300,
            "revenue_4q": null,
            "common_shares": 2800,
            "book_valuer_per_share": 2.66,
            "book_valuer_per_share_4q_avg": 2.45,
            "equity": 5342600,
            "current_ratio": 302.05,
            "debt_ratio": 37.57,
            "inventory_turnover_ratio": 1.05,
            "account_receivable_turnover_ratio": 1.46,
            "reinvestment_rate": 0.06,
            "research_to_sale_ratio": null,
            "price_fair": 14.12,
            "eps_avg_yearly": 0.4,
            "eps_latest_yearly": 0.48,
            "eps_growth_yearly": 48.08
        },
        "20053": {
            "year_quarter": 20053,
            "year": 2005,
            "quarter": 3,
            "eps": 0.13,
            "eps_growth_year": 36.18,
            "eps_4q": 0.54,
            "eps_4q_growth_year": 30.57,
            "roe": 5.08,
            "roe_4q": 23.33,
            "gross_profit": 1458800,
            "gross_margin": 44.1,
            "gross_margin_4q_avg": 44.14,
            "net_income": 273400,
            "net_income_4q": null,
            "revenue": 3308200,
            "revenue_4q": null,
            "common_shares": 2800,
            "book_valuer_per_share": 2.7,
            "book_valuer_per_share_4q_avg": 2.56,
            "equity": 5427400,
            "current_ratio": 298.14,
            "debt_ratio": 37.41,
            "inventory_turnover_ratio": 1.08,
            "account_receivable_turnover_ratio": 1.49,
            "reinvestment_rate": 0.13,
            "research_to_sale_ratio": null,
            "price_fair": 14.43,
            "eps_avg_yearly": 0.41,
            "eps_latest_yearly": 0.52,
            "eps_growth_yearly": 46.95
        },
        "20054": {
            "year_quarter": 20054,
            "year": 2005,
            "quarter": 4,
            "eps": 0.16,
            "eps_growth_year": 15.57,
            "eps_4q": 0.56,
            "eps_4q_growth_year": 27.88,
            "roe": 6.31,
            "roe_4q": 23.11,
            "gross_profit": 1682700,
            "gross_margin": 45.22,
            "gross_margin_4q_avg": 44.48,
            "net_income": 349500,
            "net_income_4q": null,
            "revenue": 3721400,
            "revenue_4q": null,
            "common_shares": 2800,
            "book_valuer_per_share": 2.83,
            "book_valuer_per_share_4q_avg": 2.67,
            "equity": 5644500,
            "current_ratio": 317.68,
            "debt_ratio": 35.81,
            "inventory_turnover_ratio": 1.15,
            "account_receivable_turnover_ratio": 1.63,
            "reinvestment_rate": -0.92,
            "research_to_sale_ratio": null,
            "price_fair": 15,
            "eps_avg_yearly": 0.43,
            "eps_latest_yearly": 0.64,
            "eps_growth_yearly": 50.19
        },
        "20061": {
            "year_quarter": 20061,
            "year": 2006,
            "quarter": 1,
            "eps": 0.2,
            "eps_growth_year": 32.87,
            "eps_4q": 0.61,
            "eps_4q_growth_year": 30.54,
            "roe": 7.45,
            "roe_4q": 23.89,
            "gross_profit": 1748100,
            "gross_margin": 45.26,
            "gross_margin_4q_avg": 44.67,
            "net_income": 432300,
            "net_income_4q": null,
            "revenue": 3862000,
            "revenue_4q": null,
            "common_shares": 2800,
            "book_valuer_per_share": 2.98,
            "book_valuer_per_share_4q_avg": 2.79,
            "equity": 5964100,
            "current_ratio": 298.47,
            "debt_ratio": 34.57,
            "inventory_turnover_ratio": 1.15,
            "account_receivable_turnover_ratio": 1.66,
            "reinvestment_rate": -1.21,
            "research_to_sale_ratio": null,
            "price_fair": 15.87,
            "eps_avg_yearly": 0.45,
            "eps_latest_yearly": 0.8,
            "eps_growth_yearly": 53.51
        },
        "20062": {
            "year_quarter": 20062,
            "year": 2006,
            "quarter": 2,
            "eps": 0.14,
            "eps_growth_year": 18.19,
            "eps_4q": 0.63,
            "eps_4q_growth_year": 25.15,
            "roe": 5,
            "roe_4q": 23.839999999999996,
            "gross_profit": 1511400,
            "gross_margin": 43.5,
            "gross_margin_4q_avg": 44.52,
            "net_income": 301100,
            "net_income_4q": null,
            "revenue": 3474700,
            "revenue_4q": null,
            "common_shares": 2800,
            "book_valuer_per_share": 3.06,
            "book_valuer_per_share_4q_avg": 2.89,
            "equity": 6081800,
            "current_ratio": 309.87,
            "debt_ratio": 33.49,
            "inventory_turnover_ratio": 1.05,
            "account_receivable_turnover_ratio": 1.53,
            "reinvestment_rate": -0.03,
            "research_to_sale_ratio": null,
            "price_fair": 16.1,
            "eps_avg_yearly": 0.46,
            "eps_latest_yearly": 0.56,
            "eps_growth_yearly": 42.66
        },
        "20063": {
            "year_quarter": 20063,
            "year": 2006,
            "quarter": 3,
            "eps": 0.15,
            "eps_growth_year": 22.9,
            "eps_4q": 0.66,
            "eps_4q_growth_year": 22.73,
            "roe": 5.28,
            "roe_4q": 24.04,
            "gross_profit": 1574100,
            "gross_margin": 43.57,
            "gross_margin_4q_avg": 44.39,
            "net_income": 325800,
            "net_income_4q": null,
            "revenue": 3612800,
            "revenue_4q": null,
            "common_shares": 2800,
            "book_valuer_per_share": 3.15,
            "book_valuer_per_share_4q_avg": 3.01,
            "equity": 6261900,
            "current_ratio": 305.73,
            "debt_ratio": 34.21,
            "inventory_turnover_ratio": 1.04,
            "account_receivable_turnover_ratio": 1.6,
            "reinvestment_rate": -0.39,
            "research_to_sale_ratio": null,
            "price_fair": 16.89,
            "eps_avg_yearly": 0.48,
            "eps_latest_yearly": 0.6,
            "eps_growth_yearly": 44.45
        },
        "20064": {
            "year_quarter": 20064,
            "year": 2006,
            "quarter": 4,
            "eps": 0.16,
            "eps_growth_year": -1.48,
            "eps_4q": 0.66,
            "eps_4q_growth_year": 17.5,
            "roe": 5.3,
            "roe_4q": 23.03,
            "gross_profit": 1753400,
            "gross_margin": 43.78,
            "gross_margin_4q_avg": 44.03,
            "net_income": 332800,
            "net_income_4q": null,
            "revenue": 4005400,
            "revenue_4q": null,
            "common_shares": 2800,
            "book_valuer_per_share": 3.21,
            "book_valuer_per_share_4q_avg": 3.1,
            "equity": 6285500,
            "current_ratio": 281.2,
            "debt_ratio": 36.31,
            "inventory_turnover_ratio": 1.1,
            "account_receivable_turnover_ratio": 1.69,
            "reinvestment_rate": 0.74,
            "research_to_sale_ratio": null,
            "price_fair": 17.41,
            "eps_avg_yearly": 0.5,
            "eps_latest_yearly": 0.64,
            "eps_growth_yearly": 29.45
        },
        "20071": {
            "year_quarter": 20071,
            "year": 2007,
            "quarter": 1,
            "eps": 0.18,
            "eps_growth_year": -8.45,
            "eps_4q": 0.64,
            "eps_4q_growth_year": 5.14,
            "roe": 6.03,
            "roe_4q": 21.61,
            "gross_profit": 1849200,
            "gross_margin": 44.09,
            "gross_margin_4q_avg": 43.74,
            "net_income": 377200,
            "net_income_4q": null,
            "revenue": 4194100,
            "revenue_4q": null,
            "common_shares": null,
            "book_valuer_per_share": 3.17,
            "book_valuer_per_share_4q_avg": 3.15,
            "equity": 6221200,
            "current_ratio": 290.56,
            "debt_ratio": 35,
            "inventory_turnover_ratio": 1.11,
            "account_receivable_turnover_ratio": 1.7,
            "reinvestment_rate": 1.05,
            "research_to_sale_ratio": null,
            "price_fair": 18.11,
            "eps_avg_yearly": 0.52,
            "eps_latest_yearly": 0.72,
            "eps_growth_yearly": 32.57
        },
        "20072": {
            "year_quarter": 20072,
            "year": 2007,
            "quarter": 2,
            "eps": 0.16,
            "eps_growth_year": 12.4,
            "eps_4q": 0.66,
            "eps_4q_growth_year": 4.29,
            "roe": 5.1,
            "roe_4q": 21.71,
            "gross_profit": 1657100,
            "gross_margin": 43.36,
            "gross_margin_4q_avg": 43.7,
            "net_income": 325600,
            "net_income_4q": null,
            "revenue": 3821700,
            "revenue_4q": null,
            "common_shares": null,
            "book_valuer_per_share": 3.41,
            "book_valuer_per_share_4q_avg": 3.24,
            "equity": 6538400,
            "current_ratio": 315.67,
            "debt_ratio": 33.43,
            "inventory_turnover_ratio": 1.01,
            "account_receivable_turnover_ratio": 1.55,
            "reinvestment_rate": 1.25,
            "research_to_sale_ratio": null,
            "price_fair": 18.9,
            "eps_avg_yearly": 0.54,
            "eps_latest_yearly": 0.64,
            "eps_growth_yearly": 37.3
        },
        "20073": {
            "year_quarter": 20073,
            "year": 2007,
            "quarter": 3,
            "eps": 0.17,
            "eps_growth_year": 11.07,
            "eps_4q": 0.68,
            "eps_4q_growth_year": 2.33,
            "roe": 5.24,
            "roe_4q": 21.67,
            "gross_profit": 1735200,
            "gross_margin": 44.19,
            "gross_margin_4q_avg": 43.86,
            "net_income": 350800,
            "net_income_4q": null,
            "revenue": 3926900,
            "revenue_4q": null,
            "common_shares": null,
            "book_valuer_per_share": 3.53,
            "book_valuer_per_share_4q_avg": 3.33,
            "equity": 6848300,
            "current_ratio": 330.58,
            "debt_ratio": 32.98,
            "inventory_turnover_ratio": 1.01,
            "account_receivable_turnover_ratio": 1.6,
            "reinvestment_rate": 0.7,
            "research_to_sale_ratio": null,
            "price_fair": 19.86,
            "eps_avg_yearly": 0.57,
            "eps_latest_yearly": 0.68,
            "eps_growth_yearly": 42.43
        },
        "20074": {
            "year_quarter": 20074,
            "year": 2007,
            "quarter": 4,
            "eps": 0.21,
            "eps_growth_year": 33.85,
            "eps_4q": 0.73,
            "eps_4q_growth_year": 10.94,
            "roe": 6.31,
            "roe_4q": 22.68,
            "gross_profit": 1919000,
            "gross_margin": 43.78,
            "gross_margin_4q_avg": 43.86,
            "net_income": 437900,
            "net_income_4q": null,
            "revenue": 4383200,
            "revenue_4q": null,
            "common_shares": 2800,
            "book_valuer_per_share": 3.66,
            "book_valuer_per_share_4q_avg": 3.44,
            "equity": 7025700,
            "current_ratio": 312.56,
            "debt_ratio": 34.27,
            "inventory_turnover_ratio": 1.15,
            "account_receivable_turnover_ratio": 1.75,
            "reinvestment_rate": 2.27,
            "research_to_sale_ratio": null,
            "price_fair": 19.65,
            "eps_avg_yearly": 0.59,
            "eps_latest_yearly": 0.84,
            "eps_growth_yearly": 23.31
        },
        "20081": {
            "year_quarter": 20081,
            "year": 2008,
            "quarter": 1,
            "eps": 0.28,
            "eps_growth_year": 52.43,
            "eps_4q": 0.83,
            "eps_4q_growth_year": 28.92,
            "roe": 7.92,
            "roe_4q": 24.57,
            "gross_profit": 2087000,
            "gross_margin": 44.83,
            "gross_margin_4q_avg": 44.04,
            "net_income": 569700,
            "net_income_4q": null,
            "revenue": 4655100,
            "revenue_4q": null,
            "common_shares": 2800,
            "book_valuer_per_share": 3.83,
            "book_valuer_per_share_4q_avg": 3.61,
            "equity": 7354900,
            "current_ratio": 318.94,
            "debt_ratio": 33.22,
            "inventory_turnover_ratio": 1.2,
            "account_receivable_turnover_ratio": 1.77,
            "reinvestment_rate": 2.09,
            "research_to_sale_ratio": null,
            "price_fair": 22.05,
            "eps_avg_yearly": 0.63,
            "eps_latest_yearly": 1.12,
            "eps_growth_yearly": 31.65
        },
        "20082": {
            "year_quarter": 20082,
            "year": 2008,
            "quarter": 2,
            "eps": 0.18,
            "eps_growth_year": 10.64,
            "eps_4q": 0.84,
            "eps_4q_growth_year": 28.05,
            "roe": 4.84,
            "roe_4q": 24.310000000000002,
            "gross_profit": 1921100,
            "gross_margin": 44.27,
            "gross_margin_4q_avg": 44.27,
            "net_income": 359400,
            "net_income_4q": null,
            "revenue": 4339500,
            "revenue_4q": null,
            "common_shares": 2800,
            "book_valuer_per_share": 3.91,
            "book_valuer_per_share_4q_avg": 3.73,
            "equity": 7492500,
            "current_ratio": 311.5,
            "debt_ratio": 34.59,
            "inventory_turnover_ratio": 1.1,
            "account_receivable_turnover_ratio": 1.61,
            "reinvestment_rate": 3.2,
            "research_to_sale_ratio": null,
            "price_fair": 22.93,
            "eps_avg_yearly": 0.66,
            "eps_latest_yearly": 0.72,
            "eps_growth_yearly": 31.05
        },
        "20083": {
            "year_quarter": 20083,
            "year": 2008,
            "quarter": 3,
            "eps": 0.23,
            "eps_growth_year": 34.4,
            "eps_4q": 0.9,
            "eps_4q_growth_year": 33.54,
            "roe": 6.14,
            "roe_4q": 25.209999999999997,
            "gross_profit": 2047900,
            "gross_margin": 45.06,
            "gross_margin_4q_avg": 44.49,
            "net_income": 463800,
            "net_income_4q": null,
            "revenue": 4544400,
            "revenue_4q": null,
            "common_shares": 2800,
            "book_valuer_per_share": 4.03,
            "book_valuer_per_share_4q_avg": 3.86,
            "equity": 7613500,
            "current_ratio": 302.55,
            "debt_ratio": 35.41,
            "inventory_turnover_ratio": 1.08,
            "account_receivable_turnover_ratio": 1.69,
            "reinvestment_rate": 3.59,
            "research_to_sale_ratio": null,
            "price_fair": 24.15,
            "eps_avg_yearly": 0.69,
            "eps_latest_yearly": 0.92,
            "eps_growth_yearly": 34.87
        },
        "20084": {
            "year_quarter": 20084,
            "year": 2008,
            "quarter": 4,
            "eps": 0.25,
            "eps_growth_year": 14.28,
            "eps_4q": 0.93,
            "eps_4q_growth_year": 27.82,
            "roe": 6.35,
            "roe_4q": 25.25,
            "gross_profit": 2331400,
            "gross_margin": 45.82,
            "gross_margin_4q_avg": 45,
            "net_income": 490500,
            "net_income_4q": null,
            "revenue": 5088000,
            "revenue_4q": null,
            "common_shares": 2800,
            "book_valuer_per_share": 3.75,
            "book_valuer_per_share_4q_avg": 3.88,
            "equity": 7825600,
            "current_ratio": 266.12,
            "debt_ratio": 37.11,
            "inventory_turnover_ratio": 1.14,
            "account_receivable_turnover_ratio": 1.83,
            "reinvestment_rate": 4.88,
            "research_to_sale_ratio": null,
            "price_fair": 23.79,
            "eps_avg_yearly": 0.72,
            "eps_latest_yearly": 1,
            "eps_growth_yearly": 23.16
        },
        "20091": {
            "year_quarter": 20091,
            "year": 2009,
            "quarter": 1,
            "eps": 0.26,
            "eps_growth_year": -8.15,
            "eps_4q": 0.91,
            "eps_4q_growth_year": 10.14,
            "roe": 6.44,
            "roe_4q": 23.77,
            "gross_profit": 2562100,
            "gross_margin": 47.17,
            "gross_margin_4q_avg": 45.58,
            "net_income": 510500,
            "net_income_4q": null,
            "revenue": 5432200,
            "revenue_4q": null,
            "common_shares": 2800,
            "book_valuer_per_share": 3.94,
            "book_valuer_per_share_4q_avg": 3.91,
            "equity": 8032900,
            "current_ratio": 270.1,
            "debt_ratio": 36.22,
            "inventory_turnover_ratio": 1.17,
            "account_receivable_turnover_ratio": 1.86,
            "reinvestment_rate": 4.08,
            "research_to_sale_ratio": null,
            "price_fair": 24.12,
            "eps_avg_yearly": 0.75,
            "eps_latest_yearly": 1.04,
            "eps_growth_yearly": 22.37
        },
        "20092": {
            "year_quarter": 20092,
            "year": 2009,
            "quarter": 2,
            "eps": 0.2,
            "eps_growth_year": 12.43,
            "eps_4q": 0.93,
            "eps_4q_growth_year": 10.53,
            "roe": 4.76,
            "roe_4q": 23.689999999999998,
            "gross_profit": 2050000,
            "gross_margin": 44.66,
            "gross_margin_4q_avg": 45.68,
            "net_income": 391000,
            "net_income_4q": null,
            "revenue": 4590100,
            "revenue_4q": null,
            "common_shares": null,
            "book_valuer_per_share": 4.23,
            "book_valuer_per_share_4q_avg": 3.99,
            "equity": 8404500,
            "current_ratio": 288.82,
            "debt_ratio": 34.39,
            "inventory_turnover_ratio": 1.04,
            "account_receivable_turnover_ratio": 1.59,
            "reinvestment_rate": 4.41,
            "research_to_sale_ratio": null,
            "price_fair": 24.17,
            "eps_avg_yearly": 0.77,
            "eps_latest_yearly": 0.8,
            "eps_growth_yearly": 21.6
        },
        "20093": {
            "year_quarter": 20093,
            "year": 2009,
            "quarter": 3,
            "eps": 0.26,
            "eps_growth_year": 12.01,
            "eps_4q": 0.96,
            "eps_4q_growth_year": 6.37,
            "roe": 2.87,
            "roe_4q": 20.42,
            "gross_profit": 1948500,
            "gross_margin": 43.88,
            "gross_margin_4q_avg": 45.38,
            "net_income": 243800,
            "net_income_4q": null,
            "revenue": 4440800,
            "revenue_4q": null,
            "common_shares": null,
            "book_valuer_per_share": 4.53,
            "book_valuer_per_share_4q_avg": 4.11,
            "equity": 8557100,
            "current_ratio": 307.24,
            "debt_ratio": 32.79,
            "inventory_turnover_ratio": 1.02,
            "account_receivable_turnover_ratio": 1.58,
            "reinvestment_rate": 4.6,
            "research_to_sale_ratio": null,
            "price_fair": 27.91,
            "eps_avg_yearly": 0.8,
            "eps_latest_yearly": 1.04,
            "eps_growth_yearly": 27.02
        },
        "20094": {
            "year_quarter": 20094,
            "year": 2009,
            "quarter": 4,
            "eps": 0.24,
            "eps_growth_year": -0.35,
            "eps_4q": 0.96,
            "eps_4q_growth_year": 2.79,
            "roe": 3.96,
            "roe_4q": 18.03,
            "gross_profit": 2043800,
            "gross_margin": 43.37,
            "gross_margin_4q_avg": 44.77,
            "net_income": 341400,
            "net_income_4q": null,
            "revenue": 4713000,
            "revenue_4q": null,
            "common_shares": 2800,
            "book_valuer_per_share": 4.59,
            "book_valuer_per_share_4q_avg": 4.32,
            "equity": 8693400,
            "current_ratio": 297.04,
            "debt_ratio": 34.39,
            "inventory_turnover_ratio": 1.11,
            "account_receivable_turnover_ratio": 1.63,
            "reinvestment_rate": 6.02,
            "research_to_sale_ratio": null,
            "price_fair": 23.97,
            "eps_avg_yearly": 0.82,
            "eps_latest_yearly": 0.96,
            "eps_growth_yearly": 19.33
        },
        "20101": {
            "year_quarter": 20101,
            "year": 2010,
            "quarter": 1,
            "eps": 0.26,
            "eps_growth_year": 1.16,
            "eps_4q": 0.96,
            "eps_4q_growth_year": 5.7,
            "roe": 5.77,
            "roe_4q": 17.36,
            "gross_profit": 2216000,
            "gross_margin": 46.18,
            "gross_margin_4q_avg": 44.52,
            "net_income": 513000,
            "net_income_4q": null,
            "revenue": 4799000,
            "revenue_4q": null,
            "common_shares": 2800,
            "book_valuer_per_share": 4.79,
            "book_valuer_per_share_4q_avg": 4.54,
            "equity": 9091000,
            "current_ratio": 336.75,
            "debt_ratio": 31.08,
            "inventory_turnover_ratio": 1.11,
            "account_receivable_turnover_ratio": 1.68,
            "reinvestment_rate": 6.24,
            "research_to_sale_ratio": null,
            "price_fair": 20.94,
            "eps_avg_yearly": 0.83,
            "eps_latest_yearly": 1.04,
            "eps_growth_yearly": 15.16
        },
        "20102": {
            "year_quarter": 20102,
            "year": 2010,
            "quarter": 2,
            "eps": 0.19,
            "eps_growth_year": -4.9,
            "eps_4q": 0.95,
            "eps_4q_growth_year": 2.15,
            "roe": 4.1,
            "roe_4q": 16.7,
            "gross_profit": 1960700,
            "gross_margin": 44.5,
            "gross_margin_4q_avg": 44.48,
            "net_income": 375400,
            "net_income_4q": null,
            "revenue": 4405600,
            "revenue_4q": null,
            "common_shares": 2800,
            "book_valuer_per_share": 4.83,
            "book_valuer_per_share_4q_avg": 4.69,
            "equity": 9224400,
            "current_ratio": 348.98,
            "debt_ratio": 30.95,
            "inventory_turnover_ratio": 1.1,
            "account_receivable_turnover_ratio": 1.59,
            "reinvestment_rate": 6.64,
            "research_to_sale_ratio": null,
            "price_fair": 21.91,
            "eps_avg_yearly": 0.85,
            "eps_latest_yearly": 0.76,
            "eps_growth_yearly": 15.93
        },
        "20103": {
            "year_quarter": 20103,
            "year": 2010,
            "quarter": 3,
            "eps": 0.25,
            "eps_growth_year": -2.35,
            "eps_4q": 0.95,
            "eps_4q_growth_year": -1.43,
            "roe": 5.33,
            "roe_4q": 19.16,
            "gross_profit": 2218000,
            "gross_margin": 46.86,
            "gross_margin_4q_avg": 45.23,
            "net_income": 497000,
            "net_income_4q": null,
            "revenue": 4733000,
            "revenue_4q": null,
            "common_shares": 2800,
            "book_valuer_per_share": 5,
            "book_valuer_per_share_4q_avg": 4.8,
            "equity": 9429200,
            "current_ratio": 354.38,
            "debt_ratio": 30.55,
            "inventory_turnover_ratio": 1.16,
            "account_receivable_turnover_ratio": 1.71,
            "reinvestment_rate": 4.63,
            "research_to_sale_ratio": null,
            "price_fair": 27.87,
            "eps_avg_yearly": 0.87,
            "eps_latest_yearly": 1,
            "eps_growth_yearly": 22.04
        },
        "20104": {
            "year_quarter": 20104,
            "year": 2010,
            "quarter": 4,
            "eps": 0.26,
            "eps_growth_year": 8.14,
            "eps_4q": 0.97,
            "eps_4q_growth_year": 0.73,
            "roe": 5.44,
            "roe_4q": 20.64,
            "gross_profit": 2406000,
            "gross_margin": 47.39,
            "gross_margin_4q_avg": 46.23,
            "net_income": 522000,
            "net_income_4q": null,
            "revenue": 5077000,
            "revenue_4q": null,
            "common_shares": 2800,
            "book_valuer_per_share": 5.18,
            "book_valuer_per_share_4q_avg": 4.95,
            "equity": 9754000,
            "current_ratio": 325.76,
            "debt_ratio": 32.35,
            "inventory_turnover_ratio": 1.27,
            "account_receivable_turnover_ratio": 1.85,
            "reinvestment_rate": 4.18,
            "research_to_sale_ratio": null,
            "price_fair": 28.08,
            "eps_avg_yearly": 0.9,
            "eps_latest_yearly": 1.04,
            "eps_growth_yearly": 21.37
        },
        "20111": {
            "year_quarter": 20111,
            "year": 2011,
            "quarter": 1,
            "eps": 0.29,
            "eps_growth_year": 9.64,
            "eps_4q": 0.99,
            "eps_4q_growth_year": 3.03,
            "roe": 5.76,
            "roe_4q": 20.630000000000003,
            "gross_profit": 2434000,
            "gross_margin": 47.03,
            "gross_margin_4q_avg": 46.45,
            "net_income": 559000,
            "net_income_4q": null,
            "revenue": 5175000,
            "revenue_4q": null,
            "common_shares": 3000,
            "book_valuer_per_share": 5.2,
            "book_valuer_per_share_4q_avg": 5.05,
            "equity": 9660000,
            "current_ratio": 335.17,
            "debt_ratio": 31.25,
            "inventory_turnover_ratio": 1.29,
            "account_receivable_turnover_ratio": 1.9,
            "reinvestment_rate": 4.34,
            "research_to_sale_ratio": null,
            "price_fair": 28.72,
            "eps_avg_yearly": 0.92,
            "eps_latest_yearly": 1.16,
            "eps_growth_yearly": 21.13
        },
        "20112": {
            "year_quarter": 20112,
            "year": 2011,
            "quarter": 2,
            "eps": 0.23,
            "eps_growth_year": 23.46,
            "eps_4q": 1.04,
            "eps_4q_growth_year": 8.75,
            "roe": 4.66,
            "roe_4q": 21.189999999999998,
            "gross_profit": 2193000,
            "gross_margin": 45.29,
            "gross_margin_4q_avg": 46.64,
            "net_income": 457000,
            "net_income_4q": null,
            "revenue": 4842000,
            "revenue_4q": null,
            "common_shares": 3000,
            "book_valuer_per_share": 5.36,
            "book_valuer_per_share_4q_avg": 5.19,
            "equity": 9949000,
            "current_ratio": 336.08,
            "debt_ratio": 31.22,
            "inventory_turnover_ratio": 1.16,
            "account_receivable_turnover_ratio": 1.73,
            "reinvestment_rate": 4.92,
            "research_to_sale_ratio": null,
            "price_fair": 27.01,
            "eps_avg_yearly": 0.94,
            "eps_latest_yearly": 0.92,
            "eps_growth_yearly": 18.74
        },
        "20113": {
            "year_quarter": 20113,
            "year": 2011,
            "quarter": 3,
            "eps": 0.27,
            "eps_growth_year": 6.7,
            "eps_4q": 1.05,
            "eps_4q_growth_year": 11.24,
            "roe": 5.27,
            "roe_4q": 21.13,
            "gross_profit": 2327000,
            "gross_margin": 45.82,
            "gross_margin_4q_avg": 46.38,
            "net_income": 523000,
            "net_income_4q": null,
            "revenue": 5079000,
            "revenue_4q": null,
            "common_shares": 3000,
            "book_valuer_per_share": 5.46,
            "book_valuer_per_share_4q_avg": 5.3,
            "equity": 9902000,
            "current_ratio": 322.71,
            "debt_ratio": 31.61,
            "inventory_turnover_ratio": 1.13,
            "account_receivable_turnover_ratio": 1.76,
            "reinvestment_rate": 5.22,
            "research_to_sale_ratio": null,
            "price_fair": 30.42,
            "eps_avg_yearly": 0.97,
            "eps_latest_yearly": 1.08,
            "eps_growth_yearly": 21.52
        },
        "20114": {
            "year_quarter": 20114,
            "year": 2011,
            "quarter": 4,
            "eps": 0.31,
            "eps_growth_year": 17.41,
            "eps_4q": 1.1,
            "eps_4q_growth_year": 13.71,
            "roe": 6.02,
            "roe_4q": 21.71,
            "gross_profit": 2554000,
            "gross_margin": 44.29,
            "gross_margin_4q_avg": 45.61,
            "net_income": 594000,
            "net_income_4q": null,
            "revenue": 5766000,
            "revenue_4q": null,
            "common_shares": 3000,
            "book_valuer_per_share": 5.41,
            "book_valuer_per_share_4q_avg": 5.36,
            "equity": 9843000,
            "current_ratio": 285.42,
            "debt_ratio": 34.37,
            "inventory_turnover_ratio": 1.22,
            "account_receivable_turnover_ratio": 1.88,
            "reinvestment_rate": 5.36,
            "research_to_sale_ratio": null,
            "price_fair": 29.05,
            "eps_avg_yearly": 0.99,
            "eps_latest_yearly": 1.24,
            "eps_growth_yearly": 19.34
        },
        "20121": {
            "year_quarter": 20121,
            "year": 2012,
            "quarter": 1,
            "eps": 0.35,
            "eps_growth_year": 21.77,
            "eps_4q": 1.16,
            "eps_4q_growth_year": 17.1,
            "roe": 6.7,
            "roe_4q": 22.65,
            "gross_profit": 2618000,
            "gross_margin": 44.43,
            "gross_margin_4q_avg": 44.96,
            "net_income": 661000,
            "net_income_4q": null,
            "revenue": 5893000,
            "revenue_4q": null,
            "common_shares": 3000,
            "book_valuer_per_share": 5.47,
            "book_valuer_per_share_4q_avg": 5.43,
            "equity": 9899000,
            "current_ratio": 293.59,
            "debt_ratio": 33.13,
            "inventory_turnover_ratio": 1.13,
            "account_receivable_turnover_ratio": 1.84,
            "reinvestment_rate": 5.04,
            "research_to_sale_ratio": null,
            "price_fair": 24.42,
            "eps_avg_yearly": 1.01,
            "eps_latest_yearly": 1.4,
            "eps_growth_yearly": 14.23
        },
        "20122": {
            "year_quarter": 20122,
            "year": 2012,
            "quarter": 2,
            "eps": 0.26,
            "eps_growth_year": 9.33,
            "eps_4q": 1.18,
            "eps_4q_growth_year": 14.18,
            "roe": 4.86,
            "roe_4q": 22.849999999999998,
            "gross_profit": 2376000,
            "gross_margin": 42.84,
            "gross_margin_4q_avg": 44.35,
            "net_income": 480000,
            "net_income_4q": null,
            "revenue": 5546000,
            "revenue_4q": null,
            "common_shares": null,
            "book_valuer_per_share": 5.65,
            "book_valuer_per_share_4q_avg": 5.5,
            "equity": 9843000,
            "current_ratio": 307.26,
            "debt_ratio": 32.42,
            "inventory_turnover_ratio": 1.03,
            "account_receivable_turnover_ratio": 1.76,
            "reinvestment_rate": 3.71,
            "research_to_sale_ratio": null,
            "price_fair": 27.47,
            "eps_avg_yearly": 1.03,
            "eps_latest_yearly": 1.04,
            "eps_growth_yearly": 16.73
        },
        "20123": {
            "year_quarter": 20123,
            "year": 2012,
            "quarter": 3,
            "eps": 0.3,
            "eps_growth_year": 13.03,
            "eps_4q": 1.22,
            "eps_4q_growth_year": 15.68,
            "roe": 5.68,
            "roe_4q": 23.259999999999998,
            "gross_profit": 2485000,
            "gross_margin": 43.94,
            "gross_margin_4q_avg": 43.88,
            "net_income": 569000,
            "net_income_4q": null,
            "revenue": 5656000,
            "revenue_4q": null,
            "common_shares": 3000,
            "book_valuer_per_share": 5.71,
            "book_valuer_per_share_4q_avg": 5.56,
            "equity": 10176000,
            "current_ratio": 320.59,
            "debt_ratio": 31.22,
            "inventory_turnover_ratio": 0.99,
            "account_receivable_turnover_ratio": 1.79,
            "reinvestment_rate": 4.06,
            "research_to_sale_ratio": null,
            "price_fair": 24.7,
            "eps_avg_yearly": 1.05,
            "eps_latest_yearly": 1.2,
            "eps_growth_yearly": 13.64
        },
        "20124": {
            "year_quarter": 20124,
            "year": 2012,
            "quarter": 4,
            "eps": 0.3,
            "eps_growth_year": -3.9,
            "eps_4q": 1.21,
            "eps_4q_growth_year": 9.74,
            "roe": 5.44,
            "roe_4q": 22.68,
            "gross_profit": 2669000,
            "gross_margin": 42.8,
            "gross_margin_4q_avg": 43.5,
            "net_income": 559000,
            "net_income_4q": null,
            "revenue": 6236000,
            "revenue_4q": null,
            "common_shares": 3000,
            "book_valuer_per_share": 5.98,
            "book_valuer_per_share_4q_avg": 5.7,
            "equity": 10381000,
            "current_ratio": 305.13,
            "debt_ratio": 32.87,
            "inventory_turnover_ratio": 1.08,
            "account_receivable_turnover_ratio": 1.94,
            "reinvestment_rate": 4.29,
            "research_to_sale_ratio": null,
            "price_fair": 22.7,
            "eps_avg_yearly": 1.06,
            "eps_latest_yearly": 1.2,
            "eps_growth_yearly": 11.46
        },
        "20131": {
            "year_quarter": 20131,
            "year": 2013,
            "quarter": 1,
            "eps": 0.32,
            "eps_growth_year": -9,
            "eps_4q": 1.18,
            "eps_4q_growth_year": 1.16,
            "roe": 5.73,
            "roe_4q": 21.71,
            "gross_profit": 2828000,
            "gross_margin": 43.68,
            "gross_margin_4q_avg": 43.32,
            "net_income": 585000,
            "net_income_4q": null,
            "revenue": 6474000,
            "revenue_4q": null,
            "common_shares": 3000,
            "book_valuer_per_share": 5.74,
            "book_valuer_per_share_4q_avg": 5.77,
            "equity": 10047000,
            "current_ratio": 294.92,
            "debt_ratio": 33.53,
            "inventory_turnover_ratio": 1.1,
            "account_receivable_turnover_ratio": 1.97,
            "reinvestment_rate": 4.96,
            "research_to_sale_ratio": null,
            "price_fair": 23.73,
            "eps_avg_yearly": 1.07,
            "eps_latest_yearly": 1.28,
            "eps_growth_yearly": 12.13
        },
        "20132": {
            "year_quarter": 20132,
            "year": 2013,
            "quarter": 2,
            "eps": 0.29,
            "eps_growth_year": 11.37,
            "eps_4q": 1.2,
            "eps_4q_growth_year": 1.76,
            "roe": 5.19,
            "roe_4q": 22.040000000000003,
            "gross_profit": 2530000,
            "gross_margin": 42.49,
            "gross_margin_4q_avg": 43.23,
            "net_income": 521000,
            "net_income_4q": null,
            "revenue": 5955000,
            "revenue_4q": null,
            "common_shares": 3000,
            "book_valuer_per_share": 5.9,
            "book_valuer_per_share_4q_avg": 5.83,
            "equity": 10014000,
            "current_ratio": 301,
            "debt_ratio": 33.99,
            "inventory_turnover_ratio": 1.02,
            "account_receivable_turnover_ratio": 1.8,
            "reinvestment_rate": 4.55,
            "research_to_sale_ratio": null,
            "price_fair": 27.98,
            "eps_avg_yearly": 1.1,
            "eps_latest_yearly": 1.16,
            "eps_growth_yearly": 15.55
        },
        "20133": {
            "year_quarter": 20133,
            "year": 2013,
            "quarter": 3,
            "eps": 0.36,
            "eps_growth_year": 19.27,
            "eps_4q": 1.26,
            "eps_4q_growth_year": 3.64,
            "roe": 6.4,
            "roe_4q": 22.76,
            "gross_profit": 2736000,
            "gross_margin": 44.22,
            "gross_margin_4q_avg": 43.3,
            "net_income": 662000,
            "net_income_4q": null,
            "revenue": 6187000,
            "revenue_4q": null,
            "common_shares": 3000,
            "book_valuer_per_share": 6.31,
            "book_valuer_per_share_4q_avg": 5.98,
            "equity": 10667000,
            "current_ratio": 336.83,
            "debt_ratio": 31.69,
            "inventory_turnover_ratio": 1.04,
            "account_receivable_turnover_ratio": 1.93,
            "reinvestment_rate": 3.59,
            "research_to_sale_ratio": null,
            "price_fair": 26.98,
            "eps_avg_yearly": 1.12,
            "eps_latest_yearly": 1.44,
            "eps_growth_yearly": 14.09
        },
        "20134": {
            "year_quarter": 20134,
            "year": 2013,
            "quarter": 4,
            "eps": 0.37,
            "eps_growth_year": 25.04,
            "eps_4q": 1.34,
            "eps_4q_growth_year": 10.86,
            "roe": 6.28,
            "roe_4q": 23.6,
            "gross_profit": 2940000,
            "gross_margin": 43.9,
            "gross_margin_4q_avg": 43.57,
            "net_income": 683000,
            "net_income_4q": null,
            "revenue": 6697000,
            "revenue_4q": null,
            "common_shares": 3000,
            "book_valuer_per_share": 6.62,
            "book_valuer_per_share_4q_avg": 6.14,
            "equity": 11081000,
            "current_ratio": 344.02,
            "debt_ratio": 36.84,
            "inventory_turnover_ratio": 1.1,
            "account_receivable_turnover_ratio": 2.11,
            "reinvestment_rate": 5.38,
            "research_to_sale_ratio": null,
            "price_fair": 30.78,
            "eps_avg_yearly": 1.15,
            "eps_latest_yearly": 1.48,
            "eps_growth_yearly": 16.71
        },
        "20141": {
            "year_quarter": 20141,
            "year": 2014,
            "quarter": 1,
            "eps": 0.43,
            "eps_growth_year": 35.66,
            "eps_4q": 1.45,
            "eps_4q_growth_year": 23.43,
            "roe": 6.97,
            "roe_4q": 24.84,
            "gross_profit": 3132000,
            "gross_margin": 44.93,
            "gross_margin_4q_avg": 43.89,
            "net_income": 779000,
            "net_income_4q": null,
            "revenue": 6971000,
            "revenue_4q": null,
            "common_shares": 3000,
            "book_valuer_per_share": 6.73,
            "book_valuer_per_share_4q_avg": 6.39,
            "equity": 11282000,
            "current_ratio": 352.52,
            "debt_ratio": 36.17,
            "inventory_turnover_ratio": 1.1,
            "account_receivable_turnover_ratio": 2.2,
            "reinvestment_rate": 5.91,
            "research_to_sale_ratio": null,
            "price_fair": 34.27,
            "eps_avg_yearly": 1.2,
            "eps_latest_yearly": 1.72,
            "eps_growth_yearly": 18.68
        },
        "20142": {
            "year_quarter": 20142,
            "year": 2014,
            "quarter": 2,
            "eps": 0.29,
            "eps_growth_year": 2.78,
            "eps_4q": 1.46,
            "eps_4q_growth_year": 21.1,
            "roe": null,
            "roe_4q": 19.65,
            "gross_profit": 2826000,
            "gross_margin": 43.94,
            "gross_margin_4q_avg": 44.25,
            "net_income": 534000,
            "net_income_4q": null,
            "revenue": 6431000,
            "revenue_4q": null,
            "common_shares": null,
            "book_valuer_per_share": null,
            "book_valuer_per_share_4q_avg": 4.92,
            "equity": null,
            "current_ratio": null,
            "debt_ratio": null,
            "inventory_turnover_ratio": null,
            "account_receivable_turnover_ratio": null,
            "reinvestment_rate": 6.47,
            "research_to_sale_ratio": null,
            "price_fair": 33.27,
            "eps_avg_yearly": 1.22,
            "eps_latest_yearly": 1.16,
            "eps_growth_yearly": 17.27
        },
        "20143": {
            "year_quarter": 20143,
            "year": 2014,
            "quarter": 3,
            "eps": 0.38,
            "eps_growth_year": 3.81,
            "eps_4q": 1.47,
            "eps_4q_growth_year": 16.58,
            "roe": null,
            "roe_4q": 13.25,
            "gross_profit": 3103000,
            "gross_margin": 44.51,
            "gross_margin_4q_avg": 44.32,
            "net_income": 682000,
            "net_income_4q": null,
            "revenue": 6972000,
            "revenue_4q": null,
            "common_shares": 3000,
            "book_valuer_per_share": 6.7,
            "book_valuer_per_share_4q_avg": 5.01,
            "equity": 11133000,
            "current_ratio": 339.15,
            "debt_ratio": 37.47,
            "inventory_turnover_ratio": null,
            "account_receivable_turnover_ratio": null,
            "reinvestment_rate": 8.58,
            "research_to_sale_ratio": null,
            "price_fair": 33.98,
            "eps_avg_yearly": 1.25,
            "eps_latest_yearly": 1.52,
            "eps_growth_yearly": 17.13
        },
        "20144": {
            "year_quarter": 20144,
            "year": 2014,
            "quarter": 4,
            "eps": 0.39,
            "eps_growth_year": 4.5,
            "eps_4q": 1.49,
            "eps_4q_growth_year": 11.33,
            "roe": 6.36,
            "roe_4q": 13.33,
            "gross_profit": 3385000,
            "gross_margin": 45.59,
            "gross_margin_4q_avg": 44.74,
            "net_income": 698000,
            "net_income_4q": null,
            "revenue": 7425000,
            "revenue_4q": null,
            "common_shares": 3000,
            "book_valuer_per_share": 6.67,
            "book_valuer_per_share_4q_avg": 5.03,
            "equity": 10824000,
            "current_ratio": 272.45,
            "debt_ratio": 41.79,
            "inventory_turnover_ratio": 1.04,
            "account_receivable_turnover_ratio": 2.19,
            "reinvestment_rate": 9,
            "research_to_sale_ratio": null,
            "price_fair": 34.43,
            "eps_avg_yearly": 1.29,
            "eps_latest_yearly": 1.56,
            "eps_growth_yearly": 16.79
        },
        "20151": {
            "year_quarter": 20151,
            "year": 2015,
            "quarter": 1,
            "eps": 0.54,
            "eps_growth_year": 26.74,
            "eps_4q": 1.6,
            "eps_4q_growth_year": 10.58,
            "roe": 8.77,
            "roe_4q": 15.129999999999999,
            "gross_profit": 3721000,
            "gross_margin": 46.62,
            "gross_margin_4q_avg": 45.17,
            "net_income": 962000,
            "net_income_4q": null,
            "revenue": 7982000,
            "revenue_4q": null,
            "common_shares": 3000,
            "book_valuer_per_share": 6.9,
            "book_valuer_per_share_4q_avg": 5.07,
            "equity": 11105000,
            "current_ratio": 281.32,
            "debt_ratio": 40.04,
            "inventory_turnover_ratio": 1.07,
            "account_receivable_turnover_ratio": 2.27,
            "reinvestment_rate": 8.97,
            "research_to_sale_ratio": null,
            "price_fair": 45.17,
            "eps_avg_yearly": 1.35,
            "eps_latest_yearly": 2.16,
            "eps_growth_yearly": 23.52
        },
        "20152": {
            "year_quarter": 20152,
            "year": 2015,
            "quarter": 2,
            "eps": 0.37,
            "eps_growth_year": 26.24,
            "eps_4q": 1.68,
            "eps_4q_growth_year": 15.25,
            "roe": 5.74,
            "roe_4q": 20.87,
            "gross_profit": 3327000,
            "gross_margin": 45.08,
            "gross_margin_4q_avg": 45.45,
            "net_income": 655000,
            "net_income_4q": null,
            "revenue": 7380000,
            "revenue_4q": null,
            "common_shares": 3000,
            "book_valuer_per_share": 7.28,
            "book_valuer_per_share_4q_avg": 6.89,
            "equity": 11700000,
            "current_ratio": 284.24,
            "debt_ratio": 38.96,
            "inventory_turnover_ratio": 0.99,
            "account_receivable_turnover_ratio": 2.1,
            "reinvestment_rate": 8.57,
            "research_to_sale_ratio": null,
            "price_fair": 42.61,
            "eps_avg_yearly": 1.38,
            "eps_latest_yearly": 1.48,
            "eps_growth_yearly": 20.82
        },
        "20153": {
            "year_quarter": 20153,
            "year": 2015,
            "quarter": 3,
            "eps": 0.45,
            "eps_growth_year": 18.74,
            "eps_4q": 1.75,
            "eps_4q_growth_year": 18.96,
            "roe": 6.57,
            "roe_4q": 27.439999999999998,
            "gross_profit": 3426000,
            "gross_margin": 45.92,
            "gross_margin_4q_avg": 45.8,
            "net_income": 791000,
            "net_income_4q": null,
            "revenue": 7460000,
            "revenue_4q": null,
            "common_shares": 3000,
            "book_valuer_per_share": 7.75,
            "book_valuer_per_share_4q_avg": 7.15,
            "equity": 12368000,
            "current_ratio": 272.23,
            "debt_ratio": 39.79,
            "inventory_turnover_ratio": 0.96,
            "account_receivable_turnover_ratio": 2.21,
            "reinvestment_rate": 7.17,
            "research_to_sale_ratio": null,
            "price_fair": 45.51,
            "eps_avg_yearly": 1.43,
            "eps_latest_yearly": 1.8,
            "eps_growth_yearly": 21.88
        },
        "20154": {
            "year_quarter": 20154,
            "year": 2015,
            "quarter": 4,
            "eps": 0.49,
            "eps_growth_year": 26.01,
            "eps_4q": 1.85,
            "eps_4q_growth_year": 24.43,
            "roe": 6.9,
            "roe_4q": 27.98,
            "gross_profit": 3593000,
            "gross_margin": 46.19,
            "gross_margin_4q_avg": 45.95,
            "net_income": 865000,
            "net_income_4q": null,
            "revenue": 7779000,
            "revenue_4q": null,
            "common_shares": 3000,
            "book_valuer_per_share": 7.18,
            "book_valuer_per_share_4q_avg": 7.28,
            "equity": 12707000,
            "current_ratio": 246.16,
            "debt_ratio": 41.16,
            "inventory_turnover_ratio": 0.98,
            "account_receivable_turnover_ratio": 2.34,
            "reinvestment_rate": 7.91,
            "research_to_sale_ratio": null,
            "price_fair": 44.76,
            "eps_avg_yearly": 1.47,
            "eps_latest_yearly": 1.96,
            "eps_growth_yearly": 20.4
        },
        "20161": {
            "year_quarter": 20161,
            "year": 2016,
            "quarter": 1,
            "eps": 0.67,
            "eps_growth_year": 23.29,
            "eps_4q": 1.98,
            "eps_4q_growth_year": 23.42,
            "roe": 9.21,
            "roe_4q": 28.42,
            "gross_profit": 3995000,
            "gross_margin": 47.48,
            "gross_margin_4q_avg": 46.17,
            "net_income": 1179000,
            "net_income_4q": null,
            "revenue": 8414000,
            "revenue_4q": null,
            "common_shares": 3000,
            "book_valuer_per_share": 8.15,
            "book_valuer_per_share_4q_avg": 7.59,
            "equity": 12894000,
            "current_ratio": 288.82,
            "debt_ratio": 37.91,
            "inventory_turnover_ratio": 1.01,
            "account_receivable_turnover_ratio": 2.53,
            "reinvestment_rate": 9.01,
            "research_to_sale_ratio": null,
            "price_fair": 54.34,
            "eps_avg_yearly": 1.55,
            "eps_latest_yearly": 2.68,
            "eps_growth_yearly": 26.36
        },
        "20162": {
            "year_quarter": 20162,
            "year": 2016,
            "quarter": 2,
            "eps": 0.45,
            "eps_growth_year": 21.09,
            "eps_4q": 2.06,
            "eps_4q_growth_year": 22.42,
            "roe": 5.97,
            "roe_4q": 28.65,
            "gross_profit": 3501000,
            "gross_margin": 45.55,
            "gross_margin_4q_avg": 46.29,
            "net_income": 785000,
            "net_income_4q": null,
            "revenue": 7686000,
            "revenue_4q": null,
            "common_shares": 3000,
            "book_valuer_per_share": 7.61,
            "book_valuer_per_share_4q_avg": 7.67,
            "equity": 13405000,
            "current_ratio": 304.03,
            "debt_ratio": 40.64,
            "inventory_turnover_ratio": 0.93,
            "account_receivable_turnover_ratio": 2.29,
            "reinvestment_rate": 8.95,
            "research_to_sale_ratio": null,
            "price_fair": 55.32,
            "eps_avg_yearly": 1.6,
            "eps_latest_yearly": 1.8,
            "eps_growth_yearly": 24.58
        },
        "20163": {
            "year_quarter": 20163,
            "year": 2016,
            "quarter": 3,
            "eps": 0.55,
            "eps_growth_year": 22.2,
            "eps_4q": 2.16,
            "eps_4q_growth_year": 23.15,
            "roe": 7.39,
            "roe_4q": 29.47,
            "gross_profit": 3689000,
            "gross_margin": 45.93,
            "gross_margin_4q_avg": 46.29,
            "net_income": 950000,
            "net_income_4q": null,
            "revenue": 8032000,
            "revenue_4q": null,
            "common_shares": 3000,
            "book_valuer_per_share": 7.06,
            "book_valuer_per_share_4q_avg": 7.5,
            "equity": 12300000,
            "current_ratio": 306.35,
            "debt_ratio": 41.39,
            "inventory_turnover_ratio": 0.95,
            "account_receivable_turnover_ratio": 2.36,
            "reinvestment_rate": 9.42,
            "research_to_sale_ratio": null,
            "price_fair": 58.19,
            "eps_avg_yearly": 1.66,
            "eps_latest_yearly": 2.2,
            "eps_growth_yearly": 26.29
        },
        "20164": {
            "year_quarter": 20164,
            "year": 2016,
            "quarter": 4,
            "eps": 0.49,
            "eps_growth_year": -0.06,
            "eps_4q": 2.16,
            "eps_4q_growth_year": 16.41,
            "roe": 6.89,
            "roe_4q": 29.46,
            "gross_profit": 3786000,
            "gross_margin": 45.92,
            "gross_margin_4q_avg": 46.22,
            "net_income": 846000,
            "net_income_4q": null,
            "revenue": 8244000,
            "revenue_4q": null,
            "common_shares": 3000,
            "book_valuer_per_share": 7.04,
            "book_valuer_per_share_4q_avg": 7.47,
            "equity": 12258000,
            "current_ratio": 280.42,
            "debt_ratio": 42.66,
            "inventory_turnover_ratio": 0.95,
            "account_receivable_turnover_ratio": 2.49,
            "reinvestment_rate": 10.09,
            "research_to_sale_ratio": null,
            "price_fair": 57.39,
            "eps_avg_yearly": 1.71,
            "eps_latest_yearly": 1.96,
            "eps_growth_yearly": 23.56
        },
        "20171": {
            "year_quarter": 20171,
            "year": 2017,
            "quarter": 1,
            "eps": 0.73,
            "eps_growth_year": 8.77,
            "eps_4q": 2.22,
            "eps_4q_growth_year": 11.92,
            "roe": 10.23,
            "roe_4q": 30.48,
            "gross_profit": 4123000,
            "gross_margin": 45.5,
            "gross_margin_4q_avg": 45.73,
            "net_income": 1249000,
            "net_income_4q": null,
            "revenue": 9061000,
            "revenue_4q": null,
            "common_shares": 3000,
            "book_valuer_per_share": 7.04,
            "book_valuer_per_share_4q_avg": 7.19,
            "equity": 12165000,
            "current_ratio": 272.03,
            "debt_ratio": 42.5,
            "inventory_turnover_ratio": 1.01,
            "account_receivable_turnover_ratio": 2.68,
            "reinvestment_rate": 10.23,
            "research_to_sale_ratio": null,
            "price_fair": 63.44,
            "eps_avg_yearly": 1.81,
            "eps_latest_yearly": 2.92,
            "eps_growth_yearly": 34.14
        },
        "20172": {
            "year_quarter": 20172,
            "year": 2017,
            "quarter": 2,
            "eps": 0.5,
            "eps_growth_year": 10.95,
            "eps_4q": 2.27,
            "eps_4q_growth_year": 10.06,
            "roe": 6.88,
            "roe_4q": 31.39,
            "gross_profit": 3616000,
            "gross_margin": 44.21,
            "gross_margin_4q_avg": 45.39,
            "net_income": 842000,
            "net_income_4q": null,
            "revenue": 8180000,
            "revenue_4q": null,
            "common_shares": 3000,
            "book_valuer_per_share": 7.19,
            "book_valuer_per_share_4q_avg": 7.08,
            "equity": 12323000,
            "current_ratio": 306.43,
            "debt_ratio": 45.6,
            "inventory_turnover_ratio": 0.92,
            "account_receivable_turnover_ratio": 2.34,
            "reinvestment_rate": 9.92,
            "research_to_sale_ratio": null,
            "price_fair": 65.28,
            "eps_avg_yearly": 1.87,
            "eps_latest_yearly": 2,
            "eps_growth_yearly": 28.6
        },
        "20173": {
            "year_quarter": 20173,
            "year": 2017,
            "quarter": 3,
            "eps": 0.68,
            "eps_growth_year": 23.74,
            "eps_4q": 2.4,
            "eps_4q_growth_year": 11.01,
            "roe": 9.11,
            "roe_4q": 33.11,
            "gross_profit": 3750000,
            "gross_margin": 44.47,
            "gross_margin_4q_avg": 45.03,
            "net_income": 1141000,
            "net_income_4q": null,
            "revenue": 8432000,
            "revenue_4q": null,
            "common_shares": 3000,
            "book_valuer_per_share": 7.45,
            "book_valuer_per_share_4q_avg": 7.18,
            "equity": 12722000,
            "current_ratio": 307.44,
            "debt_ratio": 45.05,
            "inventory_turnover_ratio": 0.94,
            "account_receivable_turnover_ratio": 2.33,
            "reinvestment_rate": 9.83,
            "research_to_sale_ratio": null,
            "price_fair": 68.08,
            "eps_avg_yearly": 1.95,
            "eps_latest_yearly": 2.72,
            "eps_growth_yearly": 31.57
        },
        "20174": {
            "year_quarter": 20174,
            "year": 2017,
            "quarter": 4,
            "eps": 0.6,
            "eps_growth_year": 22.39,
            "eps_4q": 2.51,
            "eps_4q_growth_year": 16.11,
            "roe": 8.02,
            "roe_4q": 34.239999999999995,
            "gross_profit": 3823000,
            "gross_margin": 44.06,
            "gross_margin_4q_avg": 44.56,
            "net_income": 1008000,
            "net_income_4q": null,
            "revenue": 8677000,
            "revenue_4q": null,
            "common_shares": 3000,
            "book_valuer_per_share": 7.29,
            "book_valuer_per_share_4q_avg": 7.24,
            "equity": 12407000,
            "current_ratio": 293.41,
            "debt_ratio": 46.66,
            "inventory_turnover_ratio": 0.97,
            "account_receivable_turnover_ratio": 2.34,
            "reinvestment_rate": 10.25,
            "research_to_sale_ratio": null,
            "price_fair": 70.09,
            "eps_avg_yearly": 2,
            "eps_latest_yearly": 2.4,
            "eps_growth_yearly": 27.93
        },
        "20181": {
            "year_quarter": 20181,
            "year": 2018,
            "quarter": 1,
            "eps": 0.57,
            "eps_growth_year": -22.49,
            "eps_4q": 2.34,
            "eps_4q_growth_year": 5.61,
            "roe": 7.79,
            "roe_4q": 31.799999999999997,
            "gross_profit": 3962000,
            "gross_margin": 43.68,
            "gross_margin_4q_avg": 44.11,
            "net_income": 950000,
            "net_income_4q": null,
            "revenue": 9070000,
            "revenue_4q": null,
            "common_shares": 3000,
            "book_valuer_per_share": 7.07,
            "book_valuer_per_share_4q_avg": 7.25,
            "equity": 11993000,
            "current_ratio": 267.37,
            "debt_ratio": 49.28,
            "inventory_turnover_ratio": 1,
            "account_receivable_turnover_ratio": 2.4,
            "reinvestment_rate": 10.82,
            "research_to_sale_ratio": null,
            "price_fair": 66.48,
            "eps_avg_yearly": 2.04,
            "eps_latest_yearly": 2.28,
            "eps_growth_yearly": 22.63
        },
        "20182": {
            "year_quarter": 20182,
            "year": 2018,
            "quarter": 2,
            "eps": 0.46,
            "eps_growth_year": -7.13,
            "eps_4q": 2.31,
            "eps_4q_growth_year": 1.76,
            "roe": 6.46,
            "roe_4q": 31.38,
            "gross_profit": 3678000,
            "gross_margin": 43,
            "gross_margin_4q_avg": 43.8,
            "net_income": 767000,
            "net_income_4q": null,
            "revenue": 8554000,
            "revenue_4q": null,
            "common_shares": 3000,
            "book_valuer_per_share": 6.98,
            "book_valuer_per_share_4q_avg": 7.2,
            "equity": 11758000,
            "current_ratio": 245.66,
            "debt_ratio": 51.12,
            "inventory_turnover_ratio": 0.93,
            "account_receivable_turnover_ratio": 2.29,
            "reinvestment_rate": 9.61,
            "research_to_sale_ratio": null,
            "price_fair": 72.8,
            "eps_avg_yearly": 2.08,
            "eps_latest_yearly": 1.84,
            "eps_growth_yearly": 25.94
        },
        "20183": {
            "year_quarter": 20183,
            "year": 2018,
            "quarter": 3,
            "eps": 0.74,
            "eps_growth_year": 8.87,
            "eps_4q": 2.37,
            "eps_4q_growth_year": -1.25,
            "roe": 11.1,
            "roe_4q": 33.37,
            "gross_profit": 3938000,
            "gross_margin": 43.83,
            "gross_margin_4q_avg": 43.64,
            "net_income": 1196000,
            "net_income_4q": null,
            "revenue": 8984000,
            "revenue_4q": null,
            "common_shares": 3000,
            "book_valuer_per_share": 5.78,
            "book_valuer_per_share_4q_avg": 6.78,
            "equity": 9782000,
            "current_ratio": 265.52,
            "debt_ratio": 56.62,
            "inventory_turnover_ratio": 0.94,
            "account_receivable_turnover_ratio": 2.43,
            "reinvestment_rate": 9.84,
            "research_to_sale_ratio": null,
            "price_fair": 75.95,
            "eps_avg_yearly": 2.17,
            "eps_latest_yearly": 2.96,
            "eps_growth_yearly": 33.4
        },
        "20184": {
            "year_quarter": 20184,
            "year": 2018,
            "quarter": 4,
            "eps": 0.64,
            "eps_growth_year": 6.98,
            "eps_4q": 2.41,
            "eps_4q_growth_year": -3.91,
            "roe": 10.75,
            "roe_4q": 36.1,
            "gross_profit": 4378000,
            "gross_margin": 44.72,
            "gross_margin_4q_avg": 43.81,
            "net_income": 1053000,
            "net_income_4q": null,
            "revenue": 9789000,
            "revenue_4q": null,
            "common_shares": 3000,
            "book_valuer_per_share": 5.85,
            "book_valuer_per_share_4q_avg": 6.42,
            "equity": 9812000,
            "current_ratio": 250.56,
            "debt_ratio": 56.46,
            "inventory_turnover_ratio": 1.02,
            "account_receivable_turnover_ratio": 2.69,
            "reinvestment_rate": 10.23,
            "research_to_sale_ratio": null,
            "price_fair": 78.14,
            "eps_avg_yearly": 2.23,
            "eps_latest_yearly": 2.56,
            "eps_growth_yearly": 29.37
        },
        "20191": {
            "year_quarter": 20191,
            "year": 2019,
            "quarter": 1,
            "eps": 0.67,
            "eps_growth_year": 17.94,
            "eps_4q": 2.51,
            "eps_4q_growth_year": 7.18,
            "roe": 11.61,
            "roe_4q": 39.92,
            "gross_profit": 4397000,
            "gross_margin": 44.2,
            "gross_margin_4q_avg": 43.94,
            "net_income": 1092000,
            "net_income_4q": null,
            "revenue": 9948000,
            "revenue_4q": null,
            "common_shares": 3000,
            "book_valuer_per_share": 5.38,
            "book_valuer_per_share_4q_avg": 6,
            "equity": 8992000,
            "current_ratio": 231.08,
            "debt_ratio": 60.01,
            "inventory_turnover_ratio": 1.06,
            "account_receivable_turnover_ratio": 2.54,
            "reinvestment_rate": 10.15,
            "research_to_sale_ratio": null,
            "price_fair": 70.04,
            "eps_avg_yearly": 2.27,
            "eps_latest_yearly": 2.68,
            "eps_growth_yearly": 20.92
        },
        "20192": {
            "year_quarter": 20192,
            "year": 2019,
            "quarter": 2,
            "eps": 0.52,
            "eps_growth_year": 13.17,
            "eps_4q": 2.57,
            "eps_4q_growth_year": 11.47,
            "roe": 9.56,
            "roe_4q": 43.02,
            "gross_profit": 4105000,
            "gross_margin": 43.79,
            "gross_margin_4q_avg": 44.14,
            "net_income": 847000,
            "net_income_4q": null,
            "revenue": 9374000,
            "revenue_4q": null,
            "common_shares": 3000,
            "book_valuer_per_share": 5.26,
            "book_valuer_per_share_4q_avg": 5.57,
            "equity": 8729000,
            "current_ratio": 213.88,
            "debt_ratio": 61.51,
            "inventory_turnover_ratio": 0.99,
            "account_receivable_turnover_ratio": 2.16,
            "reinvestment_rate": 11.09,
            "research_to_sale_ratio": null,
            "price_fair": 76.44,
            "eps_avg_yearly": 2.3,
            "eps_latest_yearly": 2.08,
            "eps_growth_yearly": 23.2
        },
        "20193": {
            "year_quarter": 20193,
            "year": 2019,
            "quarter": 3,
            "eps": 0.68,
            "eps_growth_year": -7.15,
            "eps_4q": 2.52,
            "eps_4q_growth_year": 6.41,
            "roe": 12.45,
            "roe_4q": 44.37,
            "gross_profit": 4339000,
            "gross_margin": 45.15,
            "gross_margin_4q_avg": 44.47,
            "net_income": 1101000,
            "net_income_4q": null,
            "revenue": 9611000,
            "revenue_4q": null,
            "common_shares": 3000,
            "book_valuer_per_share": 5.42,
            "book_valuer_per_share_4q_avg": 5.48,
            "equity": 8961000,
            "current_ratio": 216.95,
            "debt_ratio": 60.9,
            "inventory_turnover_ratio": 0.98,
            "account_receivable_turnover_ratio": 2.16,
            "reinvestment_rate": 10.57,
            "research_to_sale_ratio": null,
            "price_fair": 82.6,
            "eps_avg_yearly": 2.36,
            "eps_latest_yearly": 2.72,
            "eps_growth_yearly": 25.48
        },
        "20194": {
            "year_quarter": 20194,
            "year": 2019,
            "quarter": 4,
            "eps": 0.62,
            "eps_growth_year": -4.22,
            "eps_4q": 2.49,
            "eps_4q_growth_year": 3.43,
            "roe": 10.99,
            "roe_4q": 44.61,
            "gross_profit": 4633000,
            "gross_margin": 45.49,
            "gross_margin_4q_avg": 44.66,
            "net_income": 989000,
            "net_income_4q": null,
            "revenue": 10184000,
            "revenue_4q": null,
            "common_shares": 3000,
            "book_valuer_per_share": 5.49,
            "book_valuer_per_share_4q_avg": 5.39,
            "equity": 9040000,
            "current_ratio": 210.08,
            "debt_ratio": 61.88,
            "inventory_turnover_ratio": 1.01,
            "account_receivable_turnover_ratio": 2.31,
            "reinvestment_rate": 10.2,
            "research_to_sale_ratio": null,
            "price_fair": 74.3,
            "eps_avg_yearly": 2.39,
            "eps_latest_yearly": 2.48,
            "eps_growth_yearly": 21.06
        },
        "20201": {
            "year_quarter": 20201,
            "year": 2020,
            "quarter": 1,
            "eps": 0.86,
            "eps_growth_year": 28.07,
            "eps_4q": 2.68,
            "eps_4q_growth_year": 6.72,
            "roe": 14.99,
            "roe_4q": 47.99,
            "gross_profit": 4871000,
            "gross_margin": 45.69,
            "gross_margin_4q_avg": 45.03,
            "net_income": 1367000,
            "net_income_4q": null,
            "revenue": 10660000,
            "revenue_4q": null,
            "common_shares": 3000,
            "book_valuer_per_share": 5.58,
            "book_valuer_per_share_4q_avg": 5.44,
            "equity": 9200000,
            "current_ratio": 201.09,
            "debt_ratio": 64.95,
            "inventory_turnover_ratio": 1.01,
            "account_receivable_turnover_ratio": 2.39,
            "reinvestment_rate": 26.03,
            "research_to_sale_ratio": null,
            "price_fair": 76.98,
            "eps_avg_yearly": 2.44,
            "eps_latest_yearly": 3.44,
            "eps_growth_yearly": 21.55
        },
        "20202": {
            "year_quarter": 20202,
            "year": 2020,
            "quarter": 2,
            "eps": 0.7,
            "eps_growth_year": 33.81,
            "eps_4q": 2.85,
            "eps_4q_growth_year": 11.07,
            "roe": 12.02,
            "roe_4q": 50.45,
            "gross_profit": 4544000,
            "gross_margin": 44.01,
            "gross_margin_4q_avg": 45.09,
            "net_income": 1115000,
            "net_income_4q": null,
            "revenue": 10326000,
            "revenue_4q": null,
            "common_shares": 3000,
            "book_valuer_per_share": 5.68,
            "book_valuer_per_share_4q_avg": 5.54,
            "equity": 9351000,
            "current_ratio": 198.08,
            "debt_ratio": 64.85,
            "inventory_turnover_ratio": 0.96,
            "account_receivable_turnover_ratio": 2.19,
            "reinvestment_rate": 25.56,
            "research_to_sale_ratio": null,
            "price_fair": 87.59,
            "eps_avg_yearly": 2.5,
            "eps_latest_yearly": 2.8,
            "eps_growth_yearly": 25.11
        },
        "20203": {
            "year_quarter": 20203,
            "year": 2020,
            "quarter": 3,
            "eps": 0.77,
            "eps_growth_year": 13.12,
            "eps_4q": 2.94,
            "eps_4q_growth_year": 16.96,
            "roe": 9.21,
            "roe_4q": 47.21,
            "gross_profit": 4473000,
            "gross_margin": 44.27,
            "gross_margin_4q_avg": 44.87,
            "net_income": 847000,
            "net_income_4q": null,
            "revenue": 10104000,
            "revenue_4q": null,
            "common_shares": 3000,
            "book_valuer_per_share": 5.5,
            "book_valuer_per_share_4q_avg": 5.56,
            "equity": 9045000,
            "current_ratio": 190.14,
            "debt_ratio": 65.5,
            "inventory_turnover_ratio": 0.94,
            "account_receivable_turnover_ratio": 2.18,
            "reinvestment_rate": 25.41,
            "research_to_sale_ratio": null,
            "price_fair": 81.97,
            "eps_avg_yearly": 2.56,
            "eps_latest_yearly": 3.08,
            "eps_growth_yearly": 22.05
        },
        "20204": {
            "year_quarter": 20204,
            "year": 2020,
            "quarter": 4,
            "eps": -0.51,
            "eps_growth_year": -182.19,
            "eps_4q": 1.82,
            "eps_4q_growth_year": -26.78,
            "roe": -9.24,
            "roe_4q": 26.98,
            "gross_profit": 2353000,
            "gross_margin": 37.27,
            "gross_margin_4q_avg": 42.81,
            "net_income": -790000,
            "net_income_4q": null,
            "revenue": 6313000,
            "revenue_4q": null,
            "common_shares": 3000,
            "book_valuer_per_share": 4.85,
            "book_valuer_per_share_4q_avg": 5.4,
            "equity": 8055000,
            "current_ratio": 248.14,
            "debt_ratio": 74.3,
            "inventory_turnover_ratio": 0.6,
            "account_receivable_turnover_ratio": 1.75,
            "reinvestment_rate": 29.72,
            "research_to_sale_ratio": null,
            "price_fair": 90.91,
            "eps_avg_yearly": 2.6,
            "eps_latest_yearly": 3.08,
            "eps_growth_yearly": 26.43
        },
        "20211": {
            "year_quarter": 20211,
            "year": 2021,
            "quarter": 1,
            "eps": 0.97,
            "eps_growth_year": 13.81,
            "eps_4q": 1.94,
            "eps_4q_growth_year": -27.5,
            "roe": 17.57,
            "roe_4q": 29.56,
            "gross_profit": 4741000,
            "gross_margin": 44.75,
            "gross_margin_4q_avg": 42.58,
            "net_income": 1518000,
            "net_income_4q": null,
            "revenue": 10594000,
            "revenue_4q": null,
            "common_shares": 3000,
            "book_valuer_per_share": 5.58,
            "book_valuer_per_share_4q_avg": 5.4,
            "equity": 9224000,
            "current_ratio": 254.52,
            "debt_ratio": 72.27,
            "inventory_turnover_ratio": 0.83,
            "account_receivable_turnover_ratio": 3.23,
            "reinvestment_rate": 30.32,
            "research_to_sale_ratio": null,
            "price_fair": 62.62,
            "eps_avg_yearly": 2.57,
            "eps_latest_yearly": 3.08,
            "eps_growth_yearly": 14.32
        },
        "20212": {
            "year_quarter": 20212,
            "year": 2021,
            "quarter": 2,
            "eps": 0.88,
            "eps_growth_year": 25.19,
            "eps_4q": 2.12,
            "eps_4q_growth_year": -25.82,
            "roe": 12.6,
            "roe_4q": 30.14,
            "gross_profit": 4877000,
            "gross_margin": 43.38,
            "gross_margin_4q_avg": 42.42,
            "net_income": 1251000,
            "net_income_4q": null,
            "revenue": 11243000,
            "revenue_4q": null,
            "common_shares": 3000,
            "book_valuer_per_share": 6.44,
            "book_valuer_per_share_4q_avg": 5.59,
            "equity": 10640000,
            "current_ratio": 266.11,
            "debt_ratio": 69.46,
            "inventory_turnover_ratio": 1,
            "account_receivable_turnover_ratio": 2.99,
            "reinvestment_rate": 27.52,
            "research_to_sale_ratio": null,
            "price_fair": 82.3,
            "eps_avg_yearly": 2.68,
            "eps_latest_yearly": 3.52,
            "eps_growth_yearly": 20.68
        },
        "20213": {
            "year_quarter": 20213,
            "year": 2021,
            "quarter": 3,
            "eps": 0.92,
            "eps_growth_year": 18.29,
            "eps_4q": 2.26,
            "eps_4q_growth_year": -23.27,
            "roe": 12.84,
            "roe_4q": 33.769999999999996,
            "gross_profit": 4725000,
            "gross_margin": 45.62,
            "gross_margin_4q_avg": 42.76,
            "net_income": 1449000,
            "net_income_4q": null,
            "revenue": 10357000,
            "revenue_4q": null,
            "common_shares": 3000,
            "book_valuer_per_share": 7.23,
            "book_valuer_per_share_4q_avg": 6.03,
            "equity": 11931000,
            "current_ratio": 277.72,
            "debt_ratio": 67.03,
            "inventory_turnover_ratio": 0.88,
            "account_receivable_turnover_ratio": 2.81,
            "reinvestment_rate": 26.13,
            "research_to_sale_ratio": null,
            "price_fair": 59.67,
            "eps_avg_yearly": 2.75,
            "eps_latest_yearly": 3.68,
            "eps_growth_yearly": 11.69
        },
        "20214": {
            "year_quarter": 20214,
            "year": 2021,
            "quarter": 4,
            "eps": 0.96,
            "eps_growth_year": null,
            "eps_4q": 3.72,
            "eps_4q_growth_year": 104.03,
            "roe": 12.22,
            "roe_4q": 55.230000000000004,
            "gross_profit": 5654000,
            "gross_margin": 45.8,
            "gross_margin_4q_avg": 44.89,
            "net_income": 1509000,
            "net_income_4q": null,
            "revenue": 12344000,
            "revenue_4q": null,
            "common_shares": 3000,
            "book_valuer_per_share": 7.77,
            "book_valuer_per_share_4q_avg": 6.76,
            "equity": 12767000,
            "current_ratio": 271.77,
            "debt_ratio": 66.17,
            "inventory_turnover_ratio": 0.99,
            "account_receivable_turnover_ratio": 3.04,
            "reinvestment_rate": 24.17,
            "research_to_sale_ratio": null,
            "price_fair": 75.05,
            "eps_avg_yearly": 2.85,
            "eps_latest_yearly": 3.84,
            "eps_growth_yearly": 16.29
        },
        "20221": {
            "year_quarter": 20221,
            "year": 2022,
            "quarter": 1,
            "eps": 1.16,
            "eps_growth_year": 18.82,
            "eps_4q": 3.9,
            "eps_4q_growth_year": 101.05,
            "roe": 13.83,
            "roe_4q": 51.49,
            "gross_profit": 5696000,
            "gross_margin": 46.51,
            "gross_margin_4q_avg": 45.33,
            "net_income": 1874000,
            "net_income_4q": null,
            "revenue": 12248000,
            "revenue_4q": null,
            "common_shares": 3000,
            "book_valuer_per_share": 8.74,
            "book_valuer_per_share_4q_avg": 7.55,
            "equity": 14343000,
            "current_ratio": 319.14,
            "debt_ratio": 62.17,
            "inventory_turnover_ratio": 0.97,
            "account_receivable_turnover_ratio": 2.78,
            "reinvestment_rate": 22.29,
            "research_to_sale_ratio": null,
            "price_fair": 101.79,
            "eps_avg_yearly": 3.02,
            "eps_latest_yearly": 4.64,
            "eps_growth_yearly": 23.67
        },
        "20222": {
            "year_quarter": 20222,
            "year": 2022,
            "quarter": 2,
            "eps": 0.83,
            "eps_growth_year": -5.58,
            "eps_4q": 3.85,
            "eps_4q_growth_year": 82.02,
            "roe": 9.14,
            "roe_4q": 48.03,
            "gross_profit": 5213000,
            "gross_margin": 45.9,
            "gross_margin_4q_avg": 45.96,
            "net_income": 1337000,
            "net_income_4q": null,
            "revenue": 11357000,
            "revenue_4q": null,
            "common_shares": 3000,
            "book_valuer_per_share": 9.11,
            "book_valuer_per_share_4q_avg": 8.21,
            "equity": 14924000,
            "current_ratio": 306.84,
            "debt_ratio": 61.65,
            "inventory_turnover_ratio": 0.93,
            "account_receivable_turnover_ratio": 2.81,
            "reinvestment_rate": 19.89,
            "research_to_sale_ratio": null,
            "price_fair": 97.17,
            "eps_avg_yearly": 3.13,
            "eps_latest_yearly": 3.32,
            "eps_growth_yearly": 21.06
        },
        "20223": {
            "year_quarter": 20223,
            "year": 2022,
            "quarter": 3,
            "eps": 0.87,
            "eps_growth_year": -5.31,
            "eps_4q": 3.81,
            "eps_4q_growth_year": 68.46,
            "roe": 9.39,
            "roe_4q": 44.58,
            "gross_profit": 5067000,
            "gross_margin": 46.61,
            "gross_margin_4q_avg": 46.21,
            "net_income": 1396000,
            "net_income_4q": null,
            "revenue": 10871000,
            "revenue_4q": null,
            "common_shares": 3000,
            "book_valuer_per_share": 9.03,
            "book_valuer_per_share_4q_avg": 8.66,
            "equity": 14809000,
            "current_ratio": 305.76,
            "debt_ratio": 61.61,
            "inventory_turnover_ratio": 0.82,
            "account_receivable_turnover_ratio": 2.87,
            "reinvestment_rate": 18.44,
            "research_to_sale_ratio": null,
            "price_fair": 47.63,
            "eps_avg_yearly": 3.17,
            "eps_latest_yearly": 3.48,
            "eps_growth_yearly": 5.04
        },
        "20224": {
            "year_quarter": 20224,
            "year": 2022,
            "quarter": 4,
            "eps": 0.9,
            "eps_growth_year": -5.59,
            "eps_4q": 3.75,
            "eps_4q_growth_year": 0.87,
            "roe": 9.56,
            "roe_4q": 41.92,
            "gross_profit": 5503000,
            "gross_margin": 44.98,
            "gross_margin_4q_avg": 46,
            "net_income": 1439000,
            "net_income_4q": null,
            "revenue": 12234000,
            "revenue_4q": null,
            "common_shares": 3000,
            "book_valuer_per_share": 9.36,
            "book_valuer_per_share_4q_avg": 9.06,
            "equity": 15281000,
            "current_ratio": 262.94,
            "debt_ratio": 62.1,
            "inventory_turnover_ratio": 0.84,
            "account_receivable_turnover_ratio": 2.88,
            "reinvestment_rate": 17.61,
            "research_to_sale_ratio": null,
            "price_fair": 64.45,
            "eps_avg_yearly": 3.24,
            "eps_latest_yearly": 3.6,
            "eps_growth_yearly": 9.89
        },
        "20231": {
            "year_quarter": 20231,
            "year": 2023,
            "quarter": 1,
            "eps": 0.93,
            "eps_growth_year": -20,
            "eps_4q": 3.52,
            "eps_4q_growth_year": -9.79,
            "roe": 9.44,
            "roe_4q": 37.53,
            "gross_profit": 5615000,
            "gross_margin": 44.26,
            "gross_margin_4q_avg": 45.44,
            "net_income": 1468000,
            "net_income_4q": null,
            "revenue": 12687000,
            "revenue_4q": null,
            "common_shares": 3000,
            "book_valuer_per_share": 9.76,
            "book_valuer_per_share_4q_avg": 9.32,
            "equity": 15822000,
            "current_ratio": 264.47,
            "debt_ratio": 61.49,
            "inventory_turnover_ratio": 0.78,
            "account_receivable_turnover_ratio": 2.64,
            "reinvestment_rate": 16.4,
            "research_to_sale_ratio": null,
            "price_fair": 64.64,
            "eps_avg_yearly": 3.31,
            "eps_latest_yearly": 3.72,
            "eps_growth_yearly": 9.5
        },
        "20232": {
            "year_quarter": 20232,
            "year": 2023,
            "quarter": 2,
            "eps": 0.85,
            "eps_growth_year": 2.4,
            "eps_4q": 3.54,
            "eps_4q_growth_year": -8.13,
            "roe": 8.56,
            "roe_4q": 36.95,
            "gross_profit": 5711000,
            "gross_margin": 42.89,
            "gross_margin_4q_avg": 44.69,
            "net_income": 1331000,
            "net_income_4q": null,
            "revenue": 13315000,
            "revenue_4q": null,
            "common_shares": 3000,
            "book_valuer_per_share": 9.49,
            "book_valuer_per_share_4q_avg": 9.41,
            "equity": 15272000,
            "current_ratio": 269.11,
            "debt_ratio": 61.48,
            "inventory_turnover_ratio": 0.8,
            "account_receivable_turnover_ratio": 2.56,
            "reinvestment_rate": 15.49,
            "research_to_sale_ratio": null,
            "price_fair": 79.91,
            "eps_avg_yearly": 3.41,
            "eps_latest_yearly": 3.4,
            "eps_growth_yearly": 13.44
        },
        "20233": {
            "year_quarter": 20233,
            "year": 2023,
            "quarter": 3,
            "eps": 0.79,
            "eps_growth_year": -8.57,
            "eps_4q": 3.47,
            "eps_4q_growth_year": -8.91,
            "roe": 8.32,
            "roe_4q": 35.88,
            "gross_profit": 5371000,
            "gross_margin": 43.35,
            "gross_margin_4q_avg": 43.87,
            "net_income": 1240000,
            "net_income_4q": null,
            "revenue": 12390000,
            "revenue_4q": null,
            "common_shares": 3000,
            "book_valuer_per_share": 9.07,
            "book_valuer_per_share_4q_avg": 9.42,
            "equity": 14531000,
            "current_ratio": 272.67,
            "debt_ratio": 62.05,
            "inventory_turnover_ratio": 0.77,
            "account_receivable_turnover_ratio": 2.49,
            "reinvestment_rate": 15.66,
            "research_to_sale_ratio": null,
            "price_fair": 43.46,
            "eps_avg_yearly": 3.44,
            "eps_latest_yearly": 3.16,
            "eps_growth_yearly": 2.63
        },
        "20234": {
            "year_quarter": 20234,
            "year": 2023,
            "quarter": 4,
            "eps": 0.66,
            "eps_growth_year": -26.52,
            "eps_4q": 3.23,
            "eps_4q_growth_year": -13.99,
            "roe": 7.23,
            "roe_4q": 33.55,
            "gross_profit": 5595000,
            "gross_margin": 43.63,
            "gross_margin_4q_avg": 43.53,
            "net_income": 1031000,
            "net_income_4q": null,
            "revenue": 12825000,
            "revenue_4q": null,
            "common_shares": 3000,
            "book_valuer_per_share": 8.78,
            "book_valuer_per_share_4q_avg": 9.28,
            "equity": 14004000,
            "current_ratio": 272.28,
            "debt_ratio": 62.69,
            "inventory_turnover_ratio": 0.83,
            "account_receivable_turnover_ratio": 2.97,
            "reinvestment_rate": 2.87,
            "research_to_sale_ratio": null,
            "price_fair": 34.51,
            "eps_avg_yearly": 3.45,
            "eps_latest_yearly": 2.64,
            "eps_growth_yearly": 0.45
        },
        "20241": {
            "year_quarter": 20241,
            "year": 2024,
            "quarter": 1,
            "eps": 0.94,
            "eps_growth_year": 1.49,
            "eps_4q": 3.24,
            "eps_4q_growth_year": -7.95,
            "roe": 10.37,
            "roe_4q": 34.480000000000004,
            "gross_profit": 5720000,
            "gross_margin": 44.21,
            "gross_margin_4q_avg": 43.52,
            "net_income": 1450000,
            "net_income_4q": null,
            "revenue": 12939000,
            "revenue_4q": null,
            "common_shares": 3000,
            "book_valuer_per_share": 8.8,
            "book_valuer_per_share_4q_avg": 9.04,
            "equity": 13971000,
            "current_ratio": 286.61,
            "debt_ratio": 62.02,
            "inventory_turnover_ratio": 0.84,
            "account_receivable_turnover_ratio": 2.91,
            "reinvestment_rate": 2.56,
            "research_to_sale_ratio": null,
            "price_fair": 40.01,
            "eps_avg_yearly": 3.47,
            "eps_latest_yearly": 3.76,
            "eps_growth_yearly": 1.52
        },
        "20242": {
            "year_quarter": 20242,
            "year": 2024,
            "quarter": 2,
            "eps": 1.03,
            "eps_growth_year": 21.68,
            "eps_4q": 3.42,
            "eps_4q_growth_year": -3.28,
            "roe": 11.22,
            "roe_4q": 37.14,
            "gross_profit": 5971000,
            "gross_margin": 44.6,
            "gross_margin_4q_avg": 43.95,
            "net_income": 1578000,
            "net_income_4q": null,
            "revenue": 13388000,
            "revenue_4q": null,
            "common_shares": 3000,
            "book_valuer_per_share": 8.96,
            "book_valuer_per_share_4q_avg": 8.9,
            "equity": 14146000,
            "current_ratio": 273.71,
            "debt_ratio": 61.98,
            "inventory_turnover_ratio": 0.89,
            "account_receivable_turnover_ratio": 2.81,
            "reinvestment_rate": 2.04,
            "research_to_sale_ratio": null,
            "price_fair": 69.82,
            "eps_avg_yearly": 3.57,
            "eps_latest_yearly": 4.12,
            "eps_growth_yearly": 9.57
        }
    },
    "months": {
        "2001-01": {
            "month": "2001-01",
            "price": "6.89",
            "revenue": 0
        },
        "2001-02": {
            "month": "2001-02",
            "price": "6.44",
            "revenue": 0
        },
        "2001-03": {
            "month": "2001-03",
            "price": "4.86",
            "revenue": 0
        },
        "2001-04": {
            "month": "2001-04",
            "price": "4.91",
            "revenue": 0
        },
        "2001-05": {
            "month": "2001-05",
            "price": "5.18",
            "revenue": 0
        },
        "2001-06": {
            "month": "2001-06",
            "price": "5.26",
            "revenue": 0
        },
        "2001-07": {
            "month": "2001-07",
            "price": "5.63",
            "revenue": 0
        },
        "2001-08": {
            "month": "2001-08",
            "price": "6.15",
            "revenue": 0
        },
        "2001-09": {
            "month": "2001-09",
            "price": "5.78",
            "revenue": 0
        },
        "2001-10": {
            "month": "2001-10",
            "price": "6.02",
            "revenue": 0
        },
        "2001-11": {
            "month": "2001-11",
            "price": "6.41",
            "revenue": 0
        },
        "2001-12": {
            "month": "2001-12",
            "price": "6.86",
            "revenue": 0
        },
        "2002-01": {
            "month": "2002-01",
            "price": "7.19",
            "revenue": 0
        },
        "2002-02": {
            "month": "2002-02",
            "price": "7.43",
            "revenue": 0
        },
        "2002-03": {
            "month": "2002-03",
            "price": "7.56",
            "revenue": 0
        },
        "2002-04": {
            "month": "2002-04",
            "price": "7.14",
            "revenue": 0
        },
        "2002-05": {
            "month": "2002-05",
            "price": "6.80",
            "revenue": 0
        },
        "2002-06": {
            "month": "2002-06",
            "price": "6.38",
            "revenue": 0
        },
        "2002-07": {
            "month": "2002-07",
            "price": "6.51",
            "revenue": 0
        },
        "2002-08": {
            "month": "2002-08",
            "price": "5.58",
            "revenue": 0
        },
        "2002-09": {
            "month": "2002-09",
            "price": "5.34",
            "revenue": 0
        },
        "2002-10": {
            "month": "2002-10",
            "price": "5.47",
            "revenue": 0
        },
        "2002-11": {
            "month": "2002-11",
            "price": "5.62",
            "revenue": 0
        },
        "2002-12": {
            "month": "2002-12",
            "price": "5.51",
            "revenue": 0
        },
        "2003-01": {
            "month": "2003-01",
            "price": "5.66",
            "revenue": 0
        },
        "2003-02": {
            "month": "2003-02",
            "price": "5.58",
            "revenue": 0
        },
        "2003-03": {
            "month": "2003-03",
            "price": "6.23",
            "revenue": 0
        },
        "2003-04": {
            "month": "2003-04",
            "price": "6.57",
            "revenue": 0
        },
        "2003-05": {
            "month": "2003-05",
            "price": "6.70",
            "revenue": 0
        },
        "2003-06": {
            "month": "2003-06",
            "price": "6.94",
            "revenue": 0
        },
        "2003-07": {
            "month": "2003-07",
            "price": "6.59",
            "revenue": 0
        },
        "2003-08": {
            "month": "2003-08",
            "price": "6.72",
            "revenue": 0
        },
        "2003-09": {
            "month": "2003-09",
            "price": "7.28",
            "revenue": 0
        },
        "2003-10": {
            "month": "2003-10",
            "price": "7.92",
            "revenue": 0
        },
        "2003-11": {
            "month": "2003-11",
            "price": "7.92",
            "revenue": 0
        },
        "2003-12": {
            "month": "2003-12",
            "price": "8.29",
            "revenue": 0
        },
        "2004-01": {
            "month": "2004-01",
            "price": "8.61",
            "revenue": 0
        },
        "2004-02": {
            "month": "2004-02",
            "price": "9.03",
            "revenue": 0
        },
        "2004-03": {
            "month": "2004-03",
            "price": "9.46",
            "revenue": 0
        },
        "2004-04": {
            "month": "2004-04",
            "price": "9.45",
            "revenue": 0
        },
        "2004-05": {
            "month": "2004-05",
            "price": "8.57",
            "revenue": 0
        },
        "2004-06": {
            "month": "2004-06",
            "price": "9.00",
            "revenue": 0
        },
        "2004-07": {
            "month": "2004-07",
            "price": "9.12",
            "revenue": 0
        },
        "2004-08": {
            "month": "2004-08",
            "price": "9.09",
            "revenue": 0
        },
        "2004-09": {
            "month": "2004-09",
            "price": "9.69",
            "revenue": 0
        },
        "2004-10": {
            "month": "2004-10",
            "price": "9.96",
            "revenue": 0
        },
        "2004-11": {
            "month": "2004-11",
            "price": "10.59",
            "revenue": 0
        },
        "2004-12": {
            "month": "2004-12",
            "price": "11.08",
            "revenue": 0
        },
        "2005-01": {
            "month": "2005-01",
            "price": "10.96",
            "revenue": 0
        },
        "2005-02": {
            "month": "2005-02",
            "price": "10.69",
            "revenue": 0
        },
        "2005-03": {
            "month": "2005-03",
            "price": "10.66",
            "revenue": 0
        },
        "2005-04": {
            "month": "2005-04",
            "price": "9.93",
            "revenue": 0
        },
        "2005-05": {
            "month": "2005-05",
            "price": "9.95",
            "revenue": 0
        },
        "2005-06": {
            "month": "2005-06",
            "price": "10.84",
            "revenue": 0
        },
        "2005-07": {
            "month": "2005-07",
            "price": "10.79",
            "revenue": 0
        },
        "2005-08": {
            "month": "2005-08",
            "price": "10.21",
            "revenue": 0
        },
        "2005-09": {
            "month": "2005-09",
            "price": "9.97",
            "revenue": 0
        },
        "2005-10": {
            "month": "2005-10",
            "price": "10.33",
            "revenue": 0
        },
        "2005-11": {
            "month": "2005-11",
            "price": "10.83",
            "revenue": 0
        },
        "2005-12": {
            "month": "2005-12",
            "price": "10.92",
            "revenue": 0
        },
        "2006-01": {
            "month": "2006-01",
            "price": "10.61",
            "revenue": 0
        },
        "2006-02": {
            "month": "2006-02",
            "price": "10.60",
            "revenue": 0
        },
        "2006-03": {
            "month": "2006-03",
            "price": "10.69",
            "revenue": 0
        },
        "2006-04": {
            "month": "2006-04",
            "price": "10.37",
            "revenue": 0
        },
        "2006-05": {
            "month": "2006-05",
            "price": "10.08",
            "revenue": 0
        },
        "2006-06": {
            "month": "2006-06",
            "price": "10.25",
            "revenue": 0
        },
        "2006-07": {
            "month": "2006-07",
            "price": "9.93",
            "revenue": 0
        },
        "2006-08": {
            "month": "2006-08",
            "price": "9.71",
            "revenue": 0
        },
        "2006-09": {
            "month": "2006-09",
            "price": "10.47",
            "revenue": 0
        },
        "2006-10": {
            "month": "2006-10",
            "price": "11.24",
            "revenue": 0
        },
        "2006-11": {
            "month": "2006-11",
            "price": "11.85",
            "revenue": 0
        },
        "2006-12": {
            "month": "2006-12",
            "price": "12.25",
            "revenue": 0
        },
        "2007-01": {
            "month": "2007-01",
            "price": "12.30",
            "revenue": 0
        },
        "2007-02": {
            "month": "2007-02",
            "price": "13.06",
            "revenue": 0
        },
        "2007-03": {
            "month": "2007-03",
            "price": "13.27",
            "revenue": 0
        },
        "2007-04": {
            "month": "2007-04",
            "price": "13.44",
            "revenue": 0
        },
        "2007-05": {
            "month": "2007-05",
            "price": "13.48",
            "revenue": 0
        },
        "2007-06": {
            "month": "2007-06",
            "price": "13.71",
            "revenue": 0
        },
        "2007-07": {
            "month": "2007-07",
            "price": "14.62",
            "revenue": 0
        },
        "2007-08": {
            "month": "2007-08",
            "price": "13.80",
            "revenue": 0
        },
        "2007-09": {
            "month": "2007-09",
            "price": "14.26",
            "revenue": 0
        },
        "2007-10": {
            "month": "2007-10",
            "price": "15.64",
            "revenue": 0
        },
        "2007-11": {
            "month": "2007-11",
            "price": "15.84",
            "revenue": 0
        },
        "2007-12": {
            "month": "2007-12",
            "price": "16.28",
            "revenue": 0
        },
        "2008-01": {
            "month": "2008-01",
            "price": "14.86",
            "revenue": 0
        },
        "2008-02": {
            "month": "2008-02",
            "price": "15.32",
            "revenue": 0
        },
        "2008-03": {
            "month": "2008-03",
            "price": "15.60",
            "revenue": 0
        },
        "2008-04": {
            "month": "2008-04",
            "price": "16.89",
            "revenue": 0
        },
        "2008-05": {
            "month": "2008-05",
            "price": "16.67",
            "revenue": 0
        },
        "2008-06": {
            "month": "2008-06",
            "price": "16.64",
            "revenue": 0
        },
        "2008-07": {
            "month": "2008-07",
            "price": "14.48",
            "revenue": 0
        },
        "2008-08": {
            "month": "2008-08",
            "price": "15.28",
            "revenue": 0
        },
        "2008-09": {
            "month": "2008-09",
            "price": "15.51",
            "revenue": 0
        },
        "2008-10": {
            "month": "2008-10",
            "price": "13.97",
            "revenue": 0
        },
        "2008-11": {
            "month": "2008-11",
            "price": "12.27",
            "revenue": 0
        },
        "2008-12": {
            "month": "2008-12",
            "price": "12.63",
            "revenue": 0
        },
        "2009-01": {
            "month": "2009-01",
            "price": "12.02",
            "revenue": 0
        },
        "2009-02": {
            "month": "2009-02",
            "price": "11.02",
            "revenue": 0
        },
        "2009-03": {
            "month": "2009-03",
            "price": "11.01",
            "revenue": 0
        },
        "2009-04": {
            "month": "2009-04",
            "price": "13.14",
            "revenue": 0
        },
        "2009-05": {
            "month": "2009-05",
            "price": "13.23",
            "revenue": 0
        },
        "2009-06": {
            "month": "2009-06",
            "price": "13.91",
            "revenue": 0
        },
        "2009-07": {
            "month": "2009-07",
            "price": "13.12",
            "revenue": 0
        },
        "2009-08": {
            "month": "2009-08",
            "price": "14.15",
            "revenue": 0
        },
        "2009-09": {
            "month": "2009-09",
            "price": "14.24",
            "revenue": 0
        },
        "2009-10": {
            "month": "2009-10",
            "price": "15.96",
            "revenue": 0
        },
        "2009-11": {
            "month": "2009-11",
            "price": "16.10",
            "revenue": 0
        },
        "2009-12": {
            "month": "2009-12",
            "price": "16.15",
            "revenue": 0
        },
        "2010-01": {
            "month": "2010-01",
            "price": "16.14",
            "revenue": 0
        },
        "2010-02": {
            "month": "2010-02",
            "price": "15.94",
            "revenue": 0
        },
        "2010-03": {
            "month": "2010-03",
            "price": "17.79",
            "revenue": 0
        },
        "2010-04": {
            "month": "2010-04",
            "price": "18.95",
            "revenue": 0
        },
        "2010-05": {
            "month": "2010-05",
            "price": "18.46",
            "revenue": 0
        },
        "2010-06": {
            "month": "2010-06",
            "price": "17.92",
            "revenue": 0
        },
        "2010-07": {
            "month": "2010-07",
            "price": "17.64",
            "revenue": 0
        },
        "2010-08": {
            "month": "2010-08",
            "price": "17.98",
            "revenue": 0
        },
        "2010-09": {
            "month": "2010-09",
            "price": "19.12",
            "revenue": 0
        },
        "2010-10": {
            "month": "2010-10",
            "price": "20.36",
            "revenue": 0
        },
        "2010-11": {
            "month": "2010-11",
            "price": "20.91",
            "revenue": 0
        },
        "2010-12": {
            "month": "2010-12",
            "price": "21.94",
            "revenue": 0
        },
        "2011-01": {
            "month": "2011-01",
            "price": "20.87",
            "revenue": 0
        },
        "2011-02": {
            "month": "2011-02",
            "price": "21.57",
            "revenue": 0
        },
        "2011-03": {
            "month": "2011-03",
            "price": "20.71",
            "revenue": 0
        },
        "2011-04": {
            "month": "2011-04",
            "price": "19.80",
            "revenue": 0
        },
        "2011-05": {
            "month": "2011-05",
            "price": "20.97",
            "revenue": 0
        },
        "2011-06": {
            "month": "2011-06",
            "price": "20.62",
            "revenue": 0
        },
        "2011-07": {
            "month": "2011-07",
            "price": "22.84",
            "revenue": 0
        },
        "2011-08": {
            "month": "2011-08",
            "price": "20.93",
            "revenue": 0
        },
        "2011-09": {
            "month": "2011-09",
            "price": "21.72",
            "revenue": 0
        },
        "2011-10": {
            "month": "2011-10",
            "price": "22.90",
            "revenue": 0
        },
        "2011-11": {
            "month": "2011-11",
            "price": "23.46",
            "revenue": 0
        },
        "2011-12": {
            "month": "2011-12",
            "price": "23.93",
            "revenue": 0
        },
        "2012-01": {
            "month": "2012-01",
            "price": "25.07",
            "revenue": 0
        },
        "2012-02": {
            "month": "2012-02",
            "price": "26.40",
            "revenue": 0
        },
        "2012-03": {
            "month": "2012-03",
            "price": "27.32",
            "revenue": 0
        },
        "2012-04": {
            "month": "2012-04",
            "price": "27.38",
            "revenue": 0
        },
        "2012-05": {
            "month": "2012-05",
            "price": "27.21",
            "revenue": 0
        },
        "2012-06": {
            "month": "2012-06",
            "price": "25.45",
            "revenue": 0
        },
        "2012-07": {
            "month": "2012-07",
            "price": "23.25",
            "revenue": 0
        },
        "2012-08": {
            "month": "2012-08",
            "price": "23.94",
            "revenue": 0
        },
        "2012-09": {
            "month": "2012-09",
            "price": "24.38",
            "revenue": 0
        },
        "2012-10": {
            "month": "2012-10",
            "price": "23.65",
            "revenue": 0
        },
        "2012-11": {
            "month": "2012-11",
            "price": "23.72",
            "revenue": 0
        },
        "2012-12": {
            "month": "2012-12",
            "price": "24.96",
            "revenue": 0
        },
        "2013-01": {
            "month": "2013-01",
            "price": "26.67",
            "revenue": 0
        },
        "2013-02": {
            "month": "2013-02",
            "price": "27.20",
            "revenue": 0
        },
        "2013-03": {
            "month": "2013-03",
            "price": "27.86",
            "revenue": 0
        },
        "2013-04": {
            "month": "2013-04",
            "price": "30.30",
            "revenue": 0
        },
        "2013-05": {
            "month": "2013-05",
            "price": "32.02",
            "revenue": 0
        },
        "2013-06": {
            "month": "2013-06",
            "price": "30.95",
            "revenue": 0
        },
        "2013-07": {
            "month": "2013-07",
            "price": "31.56",
            "revenue": 0
        },
        "2013-08": {
            "month": "2013-08",
            "price": "32.41",
            "revenue": 0
        },
        "2013-09": {
            "month": "2013-09",
            "price": "34.11",
            "revenue": 0
        },
        "2013-10": {
            "month": "2013-10",
            "price": "37.01",
            "revenue": 0
        },
        "2013-11": {
            "month": "2013-11",
            "price": "38.93",
            "revenue": 0
        },
        "2013-12": {
            "month": "2013-12",
            "price": "39.05",
            "revenue": 0
        },
        "2014-01": {
            "month": "2014-01",
            "price": "37.41",
            "revenue": 0
        },
        "2014-02": {
            "month": "2014-02",
            "price": "37.36",
            "revenue": 0
        },
        "2014-03": {
            "month": "2014-03",
            "price": "38.56",
            "revenue": 0
        },
        "2014-04": {
            "month": "2014-04",
            "price": "36.53",
            "revenue": 0
        },
        "2014-05": {
            "month": "2014-05",
            "price": "37.11",
            "revenue": 0
        },
        "2014-06": {
            "month": "2014-06",
            "price": "37.94",
            "revenue": 0
        },
        "2014-07": {
            "month": "2014-07",
            "price": "38.90",
            "revenue": 0
        },
        "2014-08": {
            "month": "2014-08",
            "price": "39.04",
            "revenue": 0
        },
        "2014-09": {
            "month": "2014-09",
            "price": "41.14",
            "revenue": 0
        },
        "2014-10": {
            "month": "2014-10",
            "price": "44.57",
            "revenue": 0
        },
        "2014-11": {
            "month": "2014-11",
            "price": "48.01",
            "revenue": 0
        },
        "2014-12": {
            "month": "2014-12",
            "price": "48.38",
            "revenue": 0
        },
        "2015-01": {
            "month": "2015-01",
            "price": "47.25",
            "revenue": 0
        },
        "2015-02": {
            "month": "2015-02",
            "price": "46.78",
            "revenue": 0
        },
        "2015-03": {
            "month": "2015-03",
            "price": "49.18",
            "revenue": 0
        },
        "2015-04": {
            "month": "2015-04",
            "price": "49.99",
            "revenue": 0
        },
        "2015-05": {
            "month": "2015-05",
            "price": "51.37",
            "revenue": 0
        },
        "2015-06": {
            "month": "2015-06",
            "price": "52.28",
            "revenue": 0
        },
        "2015-07": {
            "month": "2015-07",
            "price": "56.11",
            "revenue": 0
        },
        "2015-08": {
            "month": "2015-08",
            "price": "56.30",
            "revenue": 0
        },
        "2015-09": {
            "month": "2015-09",
            "price": "57.33",
            "revenue": 0
        },
        "2015-10": {
            "month": "2015-10",
            "price": "64.15",
            "revenue": 0
        },
        "2015-11": {
            "month": "2015-11",
            "price": "64.71",
            "revenue": 0
        },
        "2015-12": {
            "month": "2015-12",
            "price": "64.66",
            "revenue": 0
        },
        "2016-01": {
            "month": "2016-01",
            "price": "60.10",
            "revenue": 0
        },
        "2016-02": {
            "month": "2016-02",
            "price": "59.37",
            "revenue": 0
        },
        "2016-03": {
            "month": "2016-03",
            "price": "61.57",
            "revenue": 0
        },
        "2016-04": {
            "month": "2016-04",
            "price": "59.53",
            "revenue": 0
        },
        "2016-05": {
            "month": "2016-05",
            "price": "57.37",
            "revenue": 0
        },
        "2016-06": {
            "month": "2016-06",
            "price": "54.14",
            "revenue": 0
        },
        "2016-07": {
            "month": "2016-07",
            "price": "56.79",
            "revenue": 0
        },
        "2016-08": {
            "month": "2016-08",
            "price": "57.10",
            "revenue": 0
        },
        "2016-09": {
            "month": "2016-09",
            "price": "55.42",
            "revenue": 0
        },
        "2016-10": {
            "month": "2016-10",
            "price": "51.77",
            "revenue": 0
        },
        "2016-11": {
            "month": "2016-11",
            "price": "50.69",
            "revenue": 0
        },
        "2016-12": {
            "month": "2016-12",
            "price": "51.43",
            "revenue": 0
        },
        "2017-01": {
            "month": "2017-01",
            "price": "53.15",
            "revenue": 0
        },
        "2017-02": {
            "month": "2017-02",
            "price": "55.64",
            "revenue": 0
        },
        "2017-03": {
            "month": "2017-03",
            "price": "56.76",
            "revenue": 0
        },
        "2017-04": {
            "month": "2017-04",
            "price": "55.47",
            "revenue": 0
        },
        "2017-05": {
            "month": "2017-05",
            "price": "53.35",
            "revenue": 0
        },
        "2017-06": {
            "month": "2017-06",
            "price": "53.22",
            "revenue": 0
        },
        "2017-07": {
            "month": "2017-07",
            "price": "58.36",
            "revenue": 0
        },
        "2017-08": {
            "month": "2017-08",
            "price": "56.82",
            "revenue": 0
        },
        "2017-09": {
            "month": "2017-09",
            "price": "53.11",
            "revenue": 0
        },
        "2017-10": {
            "month": "2017-10",
            "price": "52.83",
            "revenue": 0
        },
        "2017-11": {
            "month": "2017-11",
            "price": "57.48",
            "revenue": 0
        },
        "2017-12": {
            "month": "2017-12",
            "price": "62.63",
            "revenue": 0
        },
        "2018-01": {
            "month": "2018-01",
            "price": "65.48",
            "revenue": 0
        },
        "2018-02": {
            "month": "2018-02",
            "price": "66.79",
            "revenue": 0
        },
        "2018-03": {
            "month": "2018-03",
            "price": "65.78",
            "revenue": 0
        },
        "2018-04": {
            "month": "2018-04",
            "price": "67.22",
            "revenue": 0
        },
        "2018-05": {
            "month": "2018-05",
            "price": "69.95",
            "revenue": 0
        },
        "2018-06": {
            "month": "2018-06",
            "price": "74.20",
            "revenue": 0
        },
        "2018-07": {
            "month": "2018-07",
            "price": "77.03",
            "revenue": 0
        },
        "2018-08": {
            "month": "2018-08",
            "price": "80.95",
            "revenue": 0
        },
        "2018-09": {
            "month": "2018-09",
            "price": "83.20",
            "revenue": 0
        },
        "2018-10": {
            "month": "2018-10",
            "price": "76.61",
            "revenue": 0
        },
        "2018-11": {
            "month": "2018-11",
            "price": "74.79",
            "revenue": 0
        },
        "2018-12": {
            "month": "2018-12",
            "price": "72.67",
            "revenue": 0
        },
        "2019-01": {
            "month": "2019-01",
            "price": "78.10",
            "revenue": 0
        },
        "2019-02": {
            "month": "2019-02",
            "price": "84.14",
            "revenue": 0
        },
        "2019-03": {
            "month": "2019-03",
            "price": "85.42",
            "revenue": 0
        },
        "2019-04": {
            "month": "2019-04",
            "price": "86.55",
            "revenue": 0
        },
        "2019-05": {
            "month": "2019-05",
            "price": "82.85",
            "revenue": 0
        },
        "2019-06": {
            "month": "2019-06",
            "price": "83.10",
            "revenue": 0
        },
        "2019-07": {
            "month": "2019-07",
            "price": "87.24",
            "revenue": 0
        },
        "2019-08": {
            "month": "2019-08",
            "price": "81.93",
            "revenue": 0
        },
        "2019-09": {
            "month": "2019-09",
            "price": "88.34",
            "revenue": 0
        },
        "2019-10": {
            "month": "2019-10",
            "price": "92.87",
            "revenue": 0
        },
        "2019-11": {
            "month": "2019-11",
            "price": "91.70",
            "revenue": 0
        },
        "2019-12": {
            "month": "2019-12",
            "price": "98.26",
            "revenue": 0
        },
        "2020-01": {
            "month": "2020-01",
            "price": "101.74",
            "revenue": 0
        },
        "2020-02": {
            "month": "2020-02",
            "price": "98.78",
            "revenue": 0
        },
        "2020-03": {
            "month": "2020-03",
            "price": "79.76",
            "revenue": 0
        },
        "2020-04": {
            "month": "2020-04",
            "price": "85.87",
            "revenue": 0
        },
        "2020-05": {
            "month": "2020-05",
            "price": "91.09",
            "revenue": 0
        },
        "2020-06": {
            "month": "2020-06",
            "price": "99.54",
            "revenue": 0
        },
        "2020-07": {
            "month": "2020-07",
            "price": "97.57",
            "revenue": 0
        },
        "2020-08": {
            "month": "2020-08",
            "price": "106.49",
            "revenue": 0
        },
        "2020-09": {
            "month": "2020-09",
            "price": "118.48",
            "revenue": 0
        },
        "2020-10": {
            "month": "2020-10",
            "price": "127.71",
            "revenue": 0
        },
        "2020-11": {
            "month": "2020-11",
            "price": "130.22",
            "revenue": 0
        },
        "2020-12": {
            "month": "2020-12",
            "price": "139.34",
            "revenue": 0
        },
        "2021-01": {
            "month": "2021-01",
            "price": "140.38",
            "revenue": 0
        },
        "2021-02": {
            "month": "2021-02",
            "price": "140.24",
            "revenue": 0
        },
        "2021-03": {
            "month": "2021-03",
            "price": "136.90",
            "revenue": 0
        },
        "2021-04": {
            "month": "2021-04",
            "price": "132.86",
            "revenue": 0
        },
        "2021-05": {
            "month": "2021-05",
            "price": "134.68",
            "revenue": 0
        },
        "2021-06": {
            "month": "2021-06",
            "price": "136.11",
            "revenue": 0
        },
        "2021-07": {
            "month": "2021-07",
            "price": "162.12",
            "revenue": 0
        },
        "2021-08": {
            "month": "2021-08",
            "price": "169.92",
            "revenue": 0
        },
        "2021-09": {
            "month": "2021-09",
            "price": "156.78",
            "revenue": 0
        },
        "2021-10": {
            "month": "2021-10",
            "price": "156.92",
            "revenue": 0
        },
        "2021-11": {
            "month": "2021-11",
            "price": "171.13",
            "revenue": 0
        },
        "2021-12": {
            "month": "2021-12",
            "price": "166.66",
            "revenue": 0
        },
        "2022-01": {
            "month": "2022-01",
            "price": "150.69",
            "revenue": 0
        },
        "2022-02": {
            "month": "2022-02",
            "price": "142.87",
            "revenue": 0
        },
        "2022-03": {
            "month": "2022-03",
            "price": "129.75",
            "revenue": 0
        },
        "2022-04": {
            "month": "2022-04",
            "price": "129.38",
            "revenue": 0
        },
        "2022-05": {
            "month": "2022-05",
            "price": "113.42",
            "revenue": 0
        },
        "2022-06": {
            "month": "2022-06",
            "price": "112.52",
            "revenue": 0
        },
        "2022-07": {
            "month": "2022-07",
            "price": "107.11",
            "revenue": 0
        },
        "2022-08": {
            "month": "2022-08",
            "price": "112.73",
            "revenue": 0
        },
        "2022-09": {
            "month": "2022-09",
            "price": "102.61",
            "revenue": 0
        },
        "2022-10": {
            "month": "2022-10",
            "price": "89.31",
            "revenue": 0
        },
        "2022-11": {
            "month": "2022-11",
            "price": "101.22",
            "revenue": 0
        },
        "2022-12": {
            "month": "2022-12",
            "price": "111.56",
            "revenue": 0
        },
        "2023-01": {
            "month": "2023-01",
            "price": "125.84",
            "revenue": 0
        },
        "2023-02": {
            "month": "2023-02",
            "price": "123.63",
            "revenue": 0
        },
        "2023-03": {
            "month": "2023-03",
            "price": "119.83",
            "revenue": 0
        },
        "2023-04": {
            "month": "2023-04",
            "price": "124.41",
            "revenue": 0
        },
        "2023-05": {
            "month": "2023-05",
            "price": "117.77",
            "revenue": 0
        },
        "2023-06": {
            "month": "2023-06",
            "price": "109.34",
            "revenue": 0
        },
        "2023-07": {
            "month": "2023-07",
            "price": "108.02",
            "revenue": 0
        },
        "2023-08": {
            "month": "2023-08",
            "price": "105.07",
            "revenue": 0
        },
        "2023-09": {
            "month": "2023-09",
            "price": "95.16",
            "revenue": 0
        },
        "2023-10": {
            "month": "2023-10",
            "price": "99.97",
            "revenue": 0
        },
        "2023-11": {
            "month": "2023-11",
            "price": "107.11",
            "revenue": 0
        },
        "2023-12": {
            "month": "2023-12",
            "price": "116.06",
            "revenue": 0
        }
    }
}
