{
    "summary": {
        "stock_name": "NVIDIA Corp",
        "stock_id": "NVDA",
        "category": "Computer and Technology",
        "main_business": "英偉達公司於1993年4月在加利福尼亞州註冊成立，並於1998年4月在特拉華州重新註冊成立。該公司開創了加速計算的先河，幫助解決最具挑戰性的計算問題。該公司的兩個主營業務——GPU和Tegra處理器——基於一個單一的底層架構。英偉達有一個平臺戰略，彙集硬體、系統軟體、可程式設計演算法、庫、系統和服務，為服務的市場創造獨特的價值。",
        "website_url": "https://www.nvidia.com/",
        "ceo": "Jen Hsun Huang",
        "pe_ratio": 74,
        "report_year_from": 2003,
        "report_year_to": 2024,
        "age": 21,
        "eps_negative_percentage": 8,
        "eps_growth_avg": {
            "last_all": 31.15,
            "last_2y": 42.94,
            "last_4y": 27.46,
            "last_8y": 42.78,
            "last_12y": 38.26,
            "last_16y": 32.2,
            "last_20y": 27.52,
            "at_2006_last_3y": 10,
            "at_2007_last_3y": 38.46,
            "at_2008_last_3y": 55.96,
            "at_2009_last_3y": 30.96,
            "at_2010_last_3y": 7.95,
            "at_2011_last_3y": -15,
            "at_2012_last_3y": 0,
            "at_2013_last_3y": 47.92,
            "at_2014_last_3y": 24.7,
            "at_2015_last_3y": 33.8,
            "at_2016_last_3y": 10.53,
            "at_2017_last_3y": 36.57,
            "at_2018_last_3y": 61.92,
            "at_2019_last_3y": 54.69,
            "at_2020_last_3y": 47.04,
            "at_2021_last_3y": 38.85,
            "at_2022_last_3y": 43.55,
            "at_2023_last_3y": 26.28,
            "at_2024_last_3y": 26.28,
            "at_2006_last_all": 28,
            "at_2007_last_all": 32.31,
            "at_2008_last_all": 37.69,
            "at_2009_last_all": 20.48,
            "at_2010_last_all": 20.48,
            "at_2011_last_all": 20.48,
            "at_2012_last_all": 29.32,
            "at_2013_last_all": 25.97,
            "at_2014_last_all": 21.63,
            "at_2015_last_all": 24.92,
            "at_2016_last_all": 23.53,
            "at_2017_last_all": 29,
            "at_2018_last_all": 32.38,
            "at_2019_last_all": 32.36,
            "at_2020_last_all": 29.07,
            "at_2021_last_all": 31.19,
            "at_2022_last_all": 34.73,
            "at_2023_last_all": 31.15,
            "at_2024_last_all": 31.15
        },
        "latest_eps": 12.15,
        "latest_price": 893.85,
        "latest_roe": 92.81,
        "latest_gross_margin": 75.97,
        "latest_equity": 42978000,
        "latest_revenue": 22103000,
        "latest_gross_profit": 16791000,
        "latest_net_income": 12285000,
        "latest_debt_ratio": 34.61,
        "latest_current_ratio": 417.13,
        "latest_account_receivable_turnover_ratio": 2.41,
        "latest_inventory_turnover_ratio": 1.06,
        "latest_reinvestment_rate": 9.33,
        "latest_research_to_sale_ratio": 11.15
    },
    "eps_dividends": {
        "2001": {
            "cash": 0,
            "stock": 0,
            "eps": 0.02
        },
        "2002": {
            "cash": 0,
            "stock": 0,
            "eps": 0.1
        },
        "2003": {
            "cash": 0,
            "stock": 0,
            "eps": 0.04
        },
        "2004": {
            "cash": 0,
            "stock": 0,
            "eps": 0.04
        },
        "2005": {
            "cash": 0,
            "stock": 0,
            "eps": 0.04
        },
        "2006": {
            "cash": 0,
            "stock": 0,
            "eps": 0.13
        },
        "2007": {
            "cash": 0,
            "stock": 0,
            "eps": 0.2
        },
        "2008": {
            "cash": 0,
            "stock": 0,
            "eps": 0.34
        },
        "2009": {
            "cash": 0,
            "stock": 0,
            "eps": -0.01
        },
        "2010": {
            "cash": 0,
            "stock": 0,
            "eps": -0.01
        },
        "2011": {
            "cash": 0,
            "stock": 0,
            "eps": 0.09
        },
        "2012": {
            "cash": 0,
            "stock": 0,
            "eps": 0.24
        },
        "2013": {
            "cash": 0,
            "stock": 0,
            "eps": 0.23
        },
        "2014": {
            "cash": 0,
            "stock": 0,
            "eps": 0.18
        },
        "2015": {
            "cash": 0,
            "stock": 0,
            "eps": 0.29
        },
        "2016": {
            "cash": 0,
            "stock": 0,
            "eps": 0.31
        },
        "2017": {
            "cash": 0,
            "stock": 0,
            "eps": 0.64
        },
        "2018": {
            "cash": 0,
            "stock": 0,
            "eps": 1.15
        },
        "2019": {
            "cash": 0,
            "stock": 0,
            "eps": 1.52
        },
        "2020": {
            "cash": 0,
            "stock": 0,
            "eps": 1.16
        },
        "2021": {
            "cash": 0,
            "stock": 0,
            "eps": 1.94
        },
        "2022": {
            "cash": 0,
            "stock": 0,
            "eps": 3.85
        },
        "2023": {
            "cash": 0,
            "stock": 0,
            "eps": 2.43
        },
        "2024": {
            "cash": 0,
            "stock": 0,
            "eps": 12.16
        }
    },
    "dividends": [],
    "prices": {
        "200101": "1.94",
        "200102": "2.08",
        "200103": "2.42",
        "200104": "3.00",
        "200105": "3.64",
        "200106": "3.86",
        "200107": "3.28",
        "200108": "3.58",
        "200109": "2.72",
        "200110": "3.24",
        "200111": "4.28",
        "200112": "5.32",
        "200201": "5.47",
        "200202": "4.80",
        "200203": "4.36",
        "200204": "3.20",
        "200205": "2.94",
        "200206": "2.22",
        "200207": "1.47",
        "200208": "0.86",
        "200209": "0.79",
        "200210": "0.79",
        "200211": "1.20",
        "200212": "1.12",
        "200301": "0.95",
        "200302": "0.95",
        "200303": "1.11",
        "200304": "1.14",
        "200305": "1.66",
        "200306": "2.03",
        "200307": "1.86",
        "200308": "1.49",
        "200309": "1.55",
        "200310": "1.42",
        "200311": "1.68",
        "200312": "1.78",
        "200401": "2.00",
        "200402": "1.92",
        "200403": "1.88",
        "200404": "2.01",
        "200405": "1.80",
        "200406": "1.74",
        "200407": "1.34",
        "200408": "1.01",
        "200409": "1.16",
        "200410": "1.20",
        "200411": "1.50",
        "200412": "1.88",
        "200501": "1.83",
        "200502": "2.19",
        "200503": "2.14",
        "200504": "1.87",
        "200505": "2.07",
        "200506": "2.29",
        "200507": "2.26",
        "200508": "2.42",
        "200509": "2.71",
        "200510": "2.72",
        "200511": "2.95",
        "200512": "3.06",
        "200601": "3.58",
        "200602": "3.78",
        "200603": "4.21",
        "200604": "4.91",
        "200605": "4.49",
        "200606": "3.55",
        "200607": "3.26",
        "200608": "4.27",
        "200609": "4.88",
        "200610": "5.34",
        "200611": "5.88",
        "200612": "6.15",
        "200701": "5.52",
        "200702": "5.47",
        "200703": "4.93",
        "200704": "5.16",
        "200705": "5.67",
        "200706": "6.48",
        "200707": "7.50",
        "200708": "7.65",
        "200709": "8.65",
        "200710": "9.19",
        "200711": "8.18",
        "200712": "8.59",
        "200801": "6.67",
        "200802": "5.91",
        "200803": "4.86",
        "200804": "4.88",
        "200805": "5.72",
        "200806": "5.35",
        "200807": "3.05",
        "200808": "3.10",
        "200809": "2.72",
        "200810": "1.95",
        "200811": "1.87",
        "200812": "1.99",
        "200901": "2.01",
        "200902": "2.10",
        "200903": "2.35",
        "200904": "2.81",
        "200905": "2.51",
        "200906": "2.78",
        "200907": "2.92",
        "200908": "3.39",
        "200909": "3.81",
        "200910": "3.36",
        "200911": "3.25",
        "200912": "4.08",
        "201001": "4.36",
        "201002": "4.16",
        "201003": "4.33",
        "201004": "4.23",
        "201005": "3.40",
        "201006": "2.90",
        "201007": "2.59",
        "201008": "2.37",
        "201009": "2.70",
        "201010": "2.84",
        "201011": "3.25",
        "201012": "3.69",
        "201101": "5.43",
        "201102": "5.96",
        "201103": "4.72",
        "201104": "4.58",
        "201105": "4.71",
        "201106": "4.20",
        "201107": "3.67",
        "201108": "3.27",
        "201109": "3.51",
        "201110": "3.64",
        "201111": "3.65",
        "201112": "3.58",
        "201201": "3.60",
        "201202": "3.96",
        "201203": "3.70",
        "201204": "3.48",
        "201205": "3.14",
        "201206": "3.14",
        "201207": "3.27",
        "201208": "3.58",
        "201209": "3.37",
        "201210": "3.18",
        "201211": "3.03",
        "201212": "3.08",
        "201301": "3.09",
        "201302": "3.11",
        "201303": "3.16",
        "201304": "3.20",
        "201305": "3.58",
        "201306": "3.58",
        "201307": "3.59",
        "201308": "3.70",
        "201309": "3.88",
        "201310": "3.86",
        "201311": "3.87",
        "201312": "3.89",
        "201401": "3.95",
        "201402": "4.33",
        "201403": "4.56",
        "201404": "4.65",
        "201405": "4.61",
        "201406": "4.75",
        "201407": "4.64",
        "201408": "4.70",
        "201409": "4.80",
        "201410": "4.51",
        "201411": "5.03",
        "201412": "5.11",
        "201501": "4.96",
        "201502": "5.36",
        "201503": "5.60",
        "201504": "5.53",
        "201505": "5.37",
        "201506": "5.37",
        "201507": "4.96",
        "201508": "5.56",
        "201509": "5.73",
        "201510": "6.77",
        "201511": "7.60",
        "201512": "8.24",
        "201601": "7.31",
        "201602": "7.15",
        "201603": "8.33",
        "201604": "9.06",
        "201605": "10.11",
        "201606": "11.69",
        "201607": "13.19",
        "201608": "15.11",
        "201609": "15.89",
        "201610": "17.04",
        "201611": "20.75",
        "201612": "24.91",
        "201701": "26.39",
        "201702": "27.62",
        "201703": "25.96",
        "201704": "25.29",
        "201705": "31.31",
        "201706": "37.81",
        "201707": "39.86",
        "201708": "41.34",
        "201709": "43.56",
        "201710": "48.15",
        "201711": "52.59",
        "201712": "48.28",
        "201801": "56.88",
        "201802": "59.18",
        "201803": "60.21",
        "201804": "56.49",
        "201805": "61.60",
        "201806": "64.12",
        "201807": "62.17",
        "201808": "65.21",
        "201809": "67.98",
        "201810": "60.01",
        "201811": "45.30",
        "201812": "35.92",
        "201901": "36.25",
        "201902": "38.30",
        "201903": "41.83",
        "201904": "46.79",
        "201905": "39.99",
        "201906": "37.42",
        "201907": "42.00",
        "201908": "40.09",
        "201909": "44.32",
        "201910": "47.67",
        "201911": "52.66",
        "201912": "56.16",
        "202001": "61.20",
        "202002": "67.73",
        "202003": "60.89",
        "202004": "69.25",
        "202005": "81.84",
        "202006": "91.16",
        "202007": "102.27",
        "202008": "119.75",
        "202009": "127.73",
        "202010": "135.60",
        "202011": "133.79",
        "202012": "132.25",
        "202101": "132.88",
        "202102": "142.77",
        "202103": "128.76",
        "202104": "150.10",
        "202105": "146.88",
        "202106": "182.19",
        "202107": "196.46",
        "202108": "207.12",
        "202109": "219.37",
        "202110": "221.10",
        "202111": "303.89",
        "202112": "299.31",
        "202201": "257.70",
        "202202": "246.29",
        "202203": "248.52",
        "202204": "219.61",
        "202205": "177.91",
        "202206": "170.16",
        "202207": "163.30",
        "202208": "177.62",
        "202209": "131.74",
        "202210": "124.70",
        "202211": "153.14",
        "202212": "162.12",
        "202301": "172.73",
        "202302": "220.43",
        "202303": "251.07",
        "202304": "271.49",
        "202305": "310.57",
        "202306": "409.22",
        "202307": "447.63",
        "202308": "452.54",
        "202309": "443.24",
        "202310": "436.35",
        "202311": "475.31",
        "202312": "480.70",
        "202401": "562.59",
        "202402": "725.50",
        "202403": "880.45"
    },
    "quarters": {
        "20014": {
            "year_quarter": 20014,
            "year": 2001,
            "quarter": 4,
            "eps": 0.02,
            "eps_growth_year": 97.78,
            "eps_4q": 0.05,
            "eps_4q_growth_year": 138.89,
            "roe": 8.08,
            "roe_4q": 8.08,
            "gross_profit": 82369,
            "gross_margin": 37.75,
            "gross_margin_4q_avg": 37.75,
            "net_income": 31060,
            "net_income_4q": null,
            "revenue": 218218,
            "revenue_4q": null,
            "common_shares": 137,
            "book_valuer_per_share": 0.23,
            "book_valuer_per_share_4q_avg": 0.23,
            "equity": 407107,
            "current_ratio": 300.85,
            "debt_ratio": 59.97,
            "inventory_turnover_ratio": 1.48,
            "account_receivable_turnover_ratio": 2.08,
            "reinvestment_rate": null,
            "research_to_sale_ratio": 12.12,
            "price_fair": 0,
            "eps_avg_yearly": 0,
            "eps_latest_yearly": 0,
            "eps_growth_yearly": 0
        },
        "20021": {
            "year_quarter": 20021,
            "year": 2002,
            "quarter": 1,
            "eps": 0.02,
            "eps_growth_year": 73.06,
            "eps_4q": 0.06,
            "eps_4q_growth_year": 112.2,
            "roe": 6.12,
            "roe_4q": 14.2,
            "gross_profit": 94220,
            "gross_margin": 39.11,
            "gross_margin_4q_avg": 38.43,
            "net_income": 26650,
            "net_income_4q": null,
            "revenue": 240932,
            "revenue_4q": null,
            "common_shares": 70,
            "book_valuer_per_share": 0.22,
            "book_valuer_per_share_4q_avg": 0.23,
            "equity": 463296,
            "current_ratio": 745.17,
            "debt_ratio": 57.17,
            "inventory_turnover_ratio": 1.66,
            "account_receivable_turnover_ratio": 2.51,
            "reinvestment_rate": null,
            "research_to_sale_ratio": 13.53,
            "price_fair": 0,
            "eps_avg_yearly": 0,
            "eps_latest_yearly": 0,
            "eps_growth_yearly": 0
        },
        "20022": {
            "year_quarter": 20022,
            "year": 2002,
            "quarter": 2,
            "eps": 0.02,
            "eps_growth_year": 54.45,
            "eps_4q": 0.07,
            "eps_4q_growth_year": 83.48,
            "roe": 6.65,
            "roe_4q": 20.85,
            "gross_profit": 102239,
            "gross_margin": 39.34,
            "gross_margin_4q_avg": 38.73,
            "net_income": 32926,
            "net_income_4q": null,
            "revenue": 259875,
            "revenue_4q": null,
            "common_shares": 72,
            "book_valuer_per_share": 0.26,
            "book_valuer_per_share_4q_avg": 0.24,
            "equity": 527571,
            "current_ratio": 603.01,
            "debt_ratio": 55.64,
            "inventory_turnover_ratio": 1.79,
            "account_receivable_turnover_ratio": 2.61,
            "reinvestment_rate": null,
            "research_to_sale_ratio": 13.04,
            "price_fair": 0,
            "eps_avg_yearly": 0,
            "eps_latest_yearly": 0,
            "eps_growth_yearly": 0
        },
        "20023": {
            "year_quarter": 20023,
            "year": 2002,
            "quarter": 3,
            "eps": 0.02,
            "eps_growth_year": 58.73,
            "eps_4q": 0.07,
            "eps_4q_growth_year": 67.9,
            "roe": 7.26,
            "roe_4q": 28.11,
            "gross_profit": 133468,
            "gross_margin": 36.57,
            "gross_margin_4q_avg": 38.19,
            "net_income": 41315,
            "net_income_4q": null,
            "revenue": 364976,
            "revenue_4q": null,
            "common_shares": 72,
            "book_valuer_per_share": 0.3,
            "book_valuer_per_share_4q_avg": 0.25,
            "equity": 610636,
            "current_ratio": 305.34,
            "debt_ratio": 51.05,
            "inventory_turnover_ratio": 2.2,
            "account_receivable_turnover_ratio": 3.17,
            "reinvestment_rate": null,
            "research_to_sale_ratio": 12.14,
            "price_fair": 0,
            "eps_avg_yearly": 0,
            "eps_latest_yearly": 0,
            "eps_growth_yearly": 0
        },
        "20024": {
            "year_quarter": 20024,
            "year": 2002,
            "quarter": 4,
            "eps": 0.04,
            "eps_growth_year": 133,
            "eps_4q": 0.1,
            "eps_4q_growth_year": 83.24,
            "roe": 11.06,
            "roe_4q": 31.09,
            "gross_profit": 189311,
            "gross_margin": 37.58,
            "gross_margin_4q_avg": 38.15,
            "net_income": 76033,
            "net_income_4q": null,
            "revenue": 503688,
            "revenue_4q": null,
            "common_shares": 150,
            "book_valuer_per_share": 0.38,
            "book_valuer_per_share_4q_avg": 0.29,
            "equity": 763819,
            "current_ratio": 284.69,
            "debt_ratio": 49.19,
            "inventory_turnover_ratio": 1.88,
            "account_receivable_turnover_ratio": 3.8,
            "reinvestment_rate": null,
            "research_to_sale_ratio": 8.73,
            "price_fair": 5.6,
            "eps_avg_yearly": 0.16,
            "eps_latest_yearly": 0.16,
            "eps_growth_yearly": 400
        },
        "20031": {
            "year_quarter": 20031,
            "year": 2003,
            "quarter": 1,
            "eps": 0.04,
            "eps_growth_year": 131.19,
            "eps_4q": 0.12,
            "eps_4q_growth_year": 98.63,
            "roe": 10.2,
            "roe_4q": 35.169999999999995,
            "gross_profit": 207165,
            "gross_margin": 35.54,
            "gross_margin_4q_avg": 37.26,
            "net_income": 83245,
            "net_income_4q": null,
            "revenue": 582905,
            "revenue_4q": null,
            "common_shares": 151,
            "book_valuer_per_share": 0.43,
            "book_valuer_per_share_4q_avg": 0.34,
            "equity": 868651,
            "current_ratio": 309.55,
            "debt_ratio": 45.7,
            "inventory_turnover_ratio": 1.61,
            "account_receivable_turnover_ratio": 3.9,
            "reinvestment_rate": null,
            "research_to_sale_ratio": 9.01,
            "price_fair": 5.6,
            "eps_avg_yearly": 0.16,
            "eps_latest_yearly": 0.16,
            "eps_growth_yearly": 200
        },
        "20032": {
            "year_quarter": 20032,
            "year": 2003,
            "quarter": 2,
            "eps": 0,
            "eps_growth_year": -85.8,
            "eps_4q": 0.1,
            "eps_4q_growth_year": 55.4,
            "roe": 0.6,
            "roe_4q": 29.119999999999997,
            "gross_profit": 99302,
            "gross_margin": 23.24,
            "gross_margin_4q_avg": 33.23,
            "net_income": 5254,
            "net_income_4q": null,
            "revenue": 427285,
            "revenue_4q": null,
            "common_shares": 153,
            "book_valuer_per_share": 0.44,
            "book_valuer_per_share_4q_avg": 0.39,
            "equity": 883532,
            "current_ratio": 312.6,
            "debt_ratio": 45.3,
            "inventory_turnover_ratio": 1.22,
            "account_receivable_turnover_ratio": 3,
            "reinvestment_rate": 32.12,
            "research_to_sale_ratio": 13.39,
            "price_fair": 5.6,
            "eps_avg_yearly": 0.16,
            "eps_latest_yearly": 0.16,
            "eps_growth_yearly": 200
        },
        "20033": {
            "year_quarter": 20033,
            "year": 2003,
            "quarter": 3,
            "eps": -0.03,
            "eps_growth_year": -214.47,
            "eps_4q": 0.05,
            "eps_4q_growth_year": -29.11,
            "roe": -5.52,
            "roe_4q": 16.34,
            "gross_profit": 102034,
            "gross_margin": 23.71,
            "gross_margin_4q_avg": 30.02,
            "net_income": -48636,
            "net_income_4q": null,
            "revenue": 430304,
            "revenue_4q": null,
            "common_shares": 157,
            "book_valuer_per_share": 0.42,
            "book_valuer_per_share_4q_avg": 0.42,
            "equity": 879277,
            "current_ratio": 303.17,
            "debt_ratio": 46.05,
            "inventory_turnover_ratio": 1.34,
            "account_receivable_turnover_ratio": 3.04,
            "reinvestment_rate": 35.07,
            "research_to_sale_ratio": 13.43,
            "price_fair": 5.6,
            "eps_avg_yearly": 0.16,
            "eps_latest_yearly": 0.16,
            "eps_growth_yearly": 200
        },
        "20034": {
            "year_quarter": 20034,
            "year": 2003,
            "quarter": 4,
            "eps": 0.03,
            "eps_growth_year": -32.03,
            "eps_4q": 0.04,
            "eps_4q_growth_year": -57.39,
            "roe": 5.62,
            "roe_4q": 10.9,
            "gross_profit": 167511,
            "gross_margin": 35.72,
            "gross_margin_4q_avg": 29.55,
            "net_income": 50936,
            "net_income_4q": null,
            "revenue": 468953,
            "revenue_4q": null,
            "common_shares": 158,
            "book_valuer_per_share": 0.45,
            "book_valuer_per_share_4q_avg": 0.44,
            "equity": 932687,
            "current_ratio": 356.2,
            "debt_ratio": 42.32,
            "inventory_turnover_ratio": 1.72,
            "account_receivable_turnover_ratio": 3.08,
            "reinvestment_rate": 27.72,
            "research_to_sale_ratio": 12.23,
            "price_fair": 5.6,
            "eps_avg_yearly": 0.16,
            "eps_latest_yearly": 0.16,
            "eps_growth_yearly": 200
        },
        "20041": {
            "year_quarter": 20041,
            "year": 2004,
            "quarter": 1,
            "eps": 0.01,
            "eps_growth_year": -75.01,
            "eps_4q": 0.01,
            "eps_4q_growth_year": -90.4,
            "roe": 2.09,
            "roe_4q": 2.7900000000000005,
            "gross_profit": 126568,
            "gross_margin": 31.25,
            "gross_margin_4q_avg": 28.48,
            "net_income": 19747,
            "net_income_4q": null,
            "revenue": 404983,
            "revenue_4q": null,
            "common_shares": 159,
            "book_valuer_per_share": 0.46,
            "book_valuer_per_share_4q_avg": 0.44,
            "equity": 960830,
            "current_ratio": 336.32,
            "debt_ratio": 43.06,
            "inventory_turnover_ratio": 1.79,
            "account_receivable_turnover_ratio": 2.61,
            "reinvestment_rate": 30.09,
            "research_to_sale_ratio": 14.65,
            "price_fair": 4.2,
            "eps_avg_yearly": 0.12,
            "eps_latest_yearly": 0.04,
            "eps_growth_yearly": 44.44
        },
        "20042": {
            "year_quarter": 20042,
            "year": 2004,
            "quarter": 2,
            "eps": 0.01,
            "eps_growth_year": 345.17,
            "eps_4q": 0.02,
            "eps_4q_growth_year": -80.18,
            "roe": 2.47,
            "roe_4q": 4.66,
            "gross_profit": 129974,
            "gross_margin": 28.27,
            "gross_margin_4q_avg": 29.74,
            "net_income": 24150,
            "net_income_4q": null,
            "revenue": 459774,
            "revenue_4q": null,
            "common_shares": 161,
            "book_valuer_per_share": 0.48,
            "book_valuer_per_share_4q_avg": 0.45,
            "equity": 995853,
            "current_ratio": 303.64,
            "debt_ratio": 44.06,
            "inventory_turnover_ratio": 1.72,
            "account_receivable_turnover_ratio": 2.66,
            "reinvestment_rate": 39.46,
            "research_to_sale_ratio": 14.27,
            "price_fair": 3.5,
            "eps_avg_yearly": 0.1,
            "eps_latest_yearly": 0.04,
            "eps_growth_yearly": 33.33
        },
        "20043": {
            "year_quarter": 20043,
            "year": 2004,
            "quarter": 3,
            "eps": 0.01,
            "eps_growth_year": null,
            "eps_4q": 0.06,
            "eps_4q_growth_year": 5.39,
            "roe": 0.63,
            "roe_4q": 10.809999999999999,
            "gross_profit": 134131,
            "gross_margin": 27.6,
            "gross_margin_4q_avg": 30.71,
            "net_income": 6356,
            "net_income_4q": null,
            "revenue": 486069,
            "revenue_4q": null,
            "common_shares": 162,
            "book_valuer_per_share": 0.44,
            "book_valuer_per_share_4q_avg": 0.46,
            "equity": 1009682,
            "current_ratio": 242.96,
            "debt_ratio": 30.79,
            "inventory_turnover_ratio": 1.47,
            "account_receivable_turnover_ratio": 2.79,
            "reinvestment_rate": 39.39,
            "research_to_sale_ratio": 15.03,
            "price_fair": 3.08,
            "eps_avg_yearly": 0.09,
            "eps_latest_yearly": 0.04,
            "eps_growth_yearly": 26.67
        },
        "20044": {
            "year_quarter": 20044,
            "year": 2004,
            "quarter": 4,
            "eps": 0.01,
            "eps_growth_year": -54.97,
            "eps_4q": 0.04,
            "eps_4q_growth_year": 2.09,
            "roe": 2.35,
            "roe_4q": 7.54,
            "gross_profit": 138205,
            "gross_margin": 29.27,
            "gross_margin_4q_avg": 29.1,
            "net_income": 24166,
            "net_income_4q": null,
            "revenue": 472119,
            "revenue_4q": null,
            "common_shares": 164,
            "book_valuer_per_share": 0.46,
            "book_valuer_per_share_4q_avg": 0.46,
            "equity": 1051185,
            "current_ratio": 315.08,
            "debt_ratio": 24.88,
            "inventory_turnover_ratio": 1.35,
            "account_receivable_turnover_ratio": 2.66,
            "reinvestment_rate": 36.1,
            "research_to_sale_ratio": 15.25,
            "price_fair": 2.58,
            "eps_avg_yearly": 0.08,
            "eps_latest_yearly": 0.04,
            "eps_growth_yearly": 22.22
        },
        "20051": {
            "year_quarter": 20051,
            "year": 2005,
            "quarter": 1,
            "eps": 0.01,
            "eps_growth_year": 1.73,
            "eps_4q": 0.04,
            "eps_4q_growth_year": 269.05,
            "roe": 2,
            "roe_4q": 7.449999999999999,
            "gross_profit": 148836,
            "gross_margin": 31.54,
            "gross_margin_4q_avg": 29.17,
            "net_income": 21349,
            "net_income_4q": null,
            "revenue": 471905,
            "revenue_4q": null,
            "common_shares": 166,
            "book_valuer_per_share": 0.47,
            "book_valuer_per_share_4q_avg": 0.46,
            "equity": 1086103,
            "current_ratio": 311.52,
            "debt_ratio": 25.52,
            "inventory_turnover_ratio": 1.38,
            "account_receivable_turnover_ratio": 2.35,
            "reinvestment_rate": 33.73,
            "research_to_sale_ratio": 16.48,
            "price_fair": 2.16,
            "eps_avg_yearly": 0.07,
            "eps_latest_yearly": 0.04,
            "eps_growth_yearly": 19.05
        },
        "20052": {
            "year_quarter": 20052,
            "year": 2005,
            "quarter": 2,
            "eps": 0,
            "eps_growth_year": -79.18,
            "eps_4q": 0.03,
            "eps_4q_growth_year": 61.04,
            "roe": 0.47,
            "roe_4q": 5.45,
            "gross_profit": 140093,
            "gross_margin": 30.72,
            "gross_margin_4q_avg": 29.78,
            "net_income": 5119,
            "net_income_4q": null,
            "revenue": 456061,
            "revenue_4q": null,
            "common_shares": 167,
            "book_valuer_per_share": 0.48,
            "book_valuer_per_share_4q_avg": 0.46,
            "equity": 1095162,
            "current_ratio": 306.47,
            "debt_ratio": 26.05,
            "inventory_turnover_ratio": 1.26,
            "account_receivable_turnover_ratio": 2.02,
            "reinvestment_rate": 34.03,
            "research_to_sale_ratio": 18.73,
            "price_fair": 2.16,
            "eps_avg_yearly": 0.07,
            "eps_latest_yearly": 0.04,
            "eps_growth_yearly": 19.05
        },
        "20053": {
            "year_quarter": 20053,
            "year": 2005,
            "quarter": 3,
            "eps": 0.01,
            "eps_growth_year": 41.34,
            "eps_4q": 0.04,
            "eps_4q_growth_year": -34.67,
            "roe": 2.35,
            "roe_4q": 7.17,
            "gross_profit": 166742,
            "gross_margin": 32.34,
            "gross_margin_4q_avg": 30.97,
            "net_income": 25879,
            "net_income_4q": null,
            "revenue": 515591,
            "revenue_4q": null,
            "common_shares": 168,
            "book_valuer_per_share": 0.49,
            "book_valuer_per_share_4q_avg": 0.48,
            "equity": 1108411,
            "current_ratio": 291.74,
            "debt_ratio": 28.01,
            "inventory_turnover_ratio": 1.24,
            "account_receivable_turnover_ratio": 1.86,
            "reinvestment_rate": 31.7,
            "research_to_sale_ratio": 17.04,
            "price_fair": 2.16,
            "eps_avg_yearly": 0.07,
            "eps_latest_yearly": 0.04,
            "eps_growth_yearly": 19.05
        },
        "20054": {
            "year_quarter": 20054,
            "year": 2005,
            "quarter": 4,
            "eps": 0.02,
            "eps_growth_year": 97.55,
            "eps_4q": 0.05,
            "eps_4q_growth_year": 14,
            "roe": 4.12,
            "roe_4q": 8.940000000000001,
            "gross_profit": 193815,
            "gross_margin": 34.21,
            "gross_margin_4q_avg": 32.2,
            "net_income": 48009,
            "net_income_4q": null,
            "revenue": 566476,
            "revenue_4q": null,
            "common_shares": 169,
            "book_valuer_per_share": 0.54,
            "book_valuer_per_share_4q_avg": 0.5,
            "equity": 1221091,
            "current_ratio": 310.31,
            "debt_ratio": 26.6,
            "inventory_turnover_ratio": 1.22,
            "account_receivable_turnover_ratio": 1.88,
            "reinvestment_rate": 23.64,
            "research_to_sale_ratio": 14.84,
            "price_fair": 2.63,
            "eps_avg_yearly": 0.08,
            "eps_latest_yearly": 0.08,
            "eps_growth_yearly": 66.67
        },
        "20061": {
            "year_quarter": 20061,
            "year": 2006,
            "quarter": 1,
            "eps": 0.03,
            "eps_growth_year": 203.41,
            "eps_4q": 0.07,
            "eps_4q_growth_year": 62.12,
            "roe": 5.35,
            "roe_4q": 12.29,
            "gross_profit": 209861,
            "gross_margin": 35.94,
            "gross_margin_4q_avg": 33.3,
            "net_income": 65522,
            "net_income_4q": null,
            "revenue": 583846,
            "revenue_4q": null,
            "common_shares": 173,
            "book_valuer_per_share": 0.55,
            "book_valuer_per_share_4q_avg": 0.52,
            "equity": 1230587,
            "current_ratio": 351.42,
            "debt_ratio": 24.74,
            "inventory_turnover_ratio": 1.2,
            "account_receivable_turnover_ratio": 2.12,
            "reinvestment_rate": 15.45,
            "research_to_sale_ratio": 15.04,
            "price_fair": 2.8,
            "eps_avg_yearly": 0.08,
            "eps_latest_yearly": 0.12,
            "eps_growth_yearly": 81.48
        },
        "20062": {
            "year_quarter": 20062,
            "year": 2006,
            "quarter": 2,
            "eps": 0.03,
            "eps_growth_year": 1317.5,
            "eps_4q": 0.1,
            "eps_4q_growth_year": 204.48,
            "roe": 5.89,
            "roe_4q": 17.71,
            "gross_profit": 217375,
            "gross_margin": 37.82,
            "gross_margin_4q_avg": 35.08,
            "net_income": 73833,
            "net_income_4q": null,
            "revenue": 574812,
            "revenue_4q": null,
            "common_shares": 174,
            "book_valuer_per_share": 0.56,
            "book_valuer_per_share_4q_avg": 0.54,
            "equity": 1275233,
            "current_ratio": 329.48,
            "debt_ratio": 26.21,
            "inventory_turnover_ratio": 1.17,
            "account_receivable_turnover_ratio": 1.88,
            "reinvestment_rate": 13.45,
            "research_to_sale_ratio": 15.16,
            "price_fair": 2.94,
            "eps_avg_yearly": 0.08,
            "eps_latest_yearly": 0.12,
            "eps_growth_yearly": 73.33
        },
        "20063": {
            "year_quarter": 20063,
            "year": 2006,
            "quarter": 3,
            "eps": 0.03,
            "eps_growth_year": 178.45,
            "eps_4q": 0.12,
            "eps_4q_growth_year": 235.25,
            "roe": 4.91,
            "roe_4q": 20.27,
            "gross_profit": 227995,
            "gross_margin": 39.08,
            "gross_margin_4q_avg": 36.76,
            "net_income": 64447,
            "net_income_4q": null,
            "revenue": 583415,
            "revenue_4q": null,
            "common_shares": 178,
            "book_valuer_per_share": 0.58,
            "book_valuer_per_share_4q_avg": 0.56,
            "equity": 1349441,
            "current_ratio": 339.44,
            "debt_ratio": 25.26,
            "inventory_turnover_ratio": 1.21,
            "account_receivable_turnover_ratio": 1.65,
            "reinvestment_rate": 10.7,
            "research_to_sale_ratio": 15.23,
            "price_fair": 3.05,
            "eps_avg_yearly": 0.09,
            "eps_latest_yearly": 0.12,
            "eps_growth_yearly": 66.67
        },
        "20064": {
            "year_quarter": 20064,
            "year": 2006,
            "quarter": 4,
            "eps": 0.04,
            "eps_growth_year": 93.61,
            "eps_4q": 0.14,
            "eps_4q_growth_year": 201.03,
            "roe": 6.84,
            "roe_4q": 22.990000000000002,
            "gross_profit": 254802,
            "gross_margin": 40.21,
            "gross_margin_4q_avg": 38.26,
            "net_income": 97374,
            "net_income_4q": null,
            "revenue": 633614,
            "revenue_4q": null,
            "common_shares": 360,
            "book_valuer_per_share": 0.65,
            "book_valuer_per_share_4q_avg": 0.59,
            "equity": 1495992,
            "current_ratio": 353.42,
            "debt_ratio": 23.47,
            "inventory_turnover_ratio": 1.4,
            "account_receivable_turnover_ratio": 1.89,
            "reinvestment_rate": 10.33,
            "research_to_sale_ratio": 14.73,
            "price_fair": 3.05,
            "eps_avg_yearly": 0.09,
            "eps_latest_yearly": 0.16,
            "eps_growth_yearly": 42.42
        },
        "20071": {
            "year_quarter": 20071,
            "year": 2007,
            "quarter": 1,
            "eps": 0.04,
            "eps_growth_year": 29.26,
            "eps_4q": 0.15,
            "eps_4q_growth_year": 123.9,
            "roe": 5.81,
            "roe_4q": 23.45,
            "gross_profit": 288673,
            "gross_margin": 42.34,
            "gross_margin_4q_avg": 39.86,
            "net_income": 91360,
            "net_income_4q": null,
            "revenue": 681807,
            "revenue_4q": null,
            "common_shares": 371,
            "book_valuer_per_share": 0.67,
            "book_valuer_per_share_4q_avg": 0.62,
            "equity": 1648620,
            "current_ratio": 322.53,
            "debt_ratio": 25.09,
            "inventory_turnover_ratio": 1.31,
            "account_receivable_turnover_ratio": 1.92,
            "reinvestment_rate": 6.37,
            "research_to_sale_ratio": 18.07,
            "price_fair": 3.05,
            "eps_avg_yearly": 0.09,
            "eps_latest_yearly": 0.16,
            "eps_growth_yearly": 42.42
        },
        "20072": {
            "year_quarter": 20072,
            "year": 2007,
            "quarter": 2,
            "eps": 0.04,
            "eps_growth_year": 10.23,
            "eps_4q": 0.15,
            "eps_4q_growth_year": 56.1,
            "roe": 5.25,
            "roe_4q": 22.81,
            "gross_profit": 292128,
            "gross_margin": 42.49,
            "gross_margin_4q_avg": 41.03,
            "net_income": 86753,
            "net_income_4q": null,
            "revenue": 687519,
            "revenue_4q": null,
            "common_shares": 373,
            "book_valuer_per_share": 0.67,
            "book_valuer_per_share_4q_avg": 0.64,
            "equity": 1654548,
            "current_ratio": 341.81,
            "debt_ratio": 24.24,
            "inventory_turnover_ratio": 1.09,
            "account_receivable_turnover_ratio": 1.62,
            "reinvestment_rate": 7.63,
            "research_to_sale_ratio": 18.51,
            "price_fair": 3.27,
            "eps_avg_yearly": 0.09,
            "eps_latest_yearly": 0.16,
            "eps_growth_yearly": 38.89
        },
        "20073": {
            "year_quarter": 20073,
            "year": 2007,
            "quarter": 3,
            "eps": 0.05,
            "eps_growth_year": 30.59,
            "eps_4q": 0.17,
            "eps_4q_growth_year": 36.25,
            "roe": 6.09,
            "roe_4q": 23.99,
            "gross_profit": 333942,
            "gross_margin": 40.7,
            "gross_margin_4q_avg": 41.44,
            "net_income": 106511,
            "net_income_4q": null,
            "revenue": 820572,
            "revenue_4q": null,
            "common_shares": 380,
            "book_valuer_per_share": 0.76,
            "book_valuer_per_share_4q_avg": 0.69,
            "equity": 1845717,
            "current_ratio": 307.99,
            "debt_ratio": 27.08,
            "inventory_turnover_ratio": 1.29,
            "account_receivable_turnover_ratio": 1.83,
            "reinvestment_rate": 10.52,
            "research_to_sale_ratio": 17.15,
            "price_fair": 3.55,
            "eps_avg_yearly": 0.1,
            "eps_latest_yearly": 0.2,
            "eps_growth_yearly": 43.59
        },
        "20074": {
            "year_quarter": 20074,
            "year": 2007,
            "quarter": 4,
            "eps": 0.07,
            "eps_growth_year": 56.51,
            "eps_4q": 0.19,
            "eps_4q_growth_year": 33.38,
            "roe": 8.49,
            "roe_4q": 25.639999999999997,
            "gross_profit": 385706,
            "gross_margin": 43.89,
            "gross_margin_4q_avg": 42.36,
            "net_income": 163506,
            "net_income_4q": null,
            "revenue": 878873,
            "revenue_4q": null,
            "common_shares": 583,
            "book_valuer_per_share": 0.77,
            "book_valuer_per_share_4q_avg": 0.72,
            "equity": 2006919,
            "current_ratio": 318.06,
            "debt_ratio": 24.98,
            "inventory_turnover_ratio": 1.35,
            "account_receivable_turnover_ratio": 1.83,
            "reinvestment_rate": 12.11,
            "research_to_sale_ratio": 18.46,
            "price_fair": 4,
            "eps_avg_yearly": 0.11,
            "eps_latest_yearly": 0.28,
            "eps_growth_yearly": 51.9
        },
        "20081": {
            "year_quarter": 20081,
            "year": 2008,
            "quarter": 1,
            "eps": 0.06,
            "eps_growth_year": 41.33,
            "eps_4q": 0.21,
            "eps_4q_growth_year": 36.26,
            "roe": 6.45,
            "roe_4q": 26.28,
            "gross_profit": 380138,
            "gross_margin": 45.03,
            "gross_margin_4q_avg": 43.03,
            "net_income": 132259,
            "net_income_4q": null,
            "revenue": 844280,
            "revenue_4q": null,
            "common_shares": 393,
            "book_valuer_per_share": 0.81,
            "book_valuer_per_share_4q_avg": 0.75,
            "equity": 2095894,
            "current_ratio": 345.3,
            "debt_ratio": 25.17,
            "inventory_turnover_ratio": 1.35,
            "account_receivable_turnover_ratio": 1.71,
            "reinvestment_rate": 6.97,
            "research_to_sale_ratio": 18.75,
            "price_fair": 4.5,
            "eps_avg_yearly": 0.13,
            "eps_latest_yearly": 0.24,
            "eps_growth_yearly": 66.87
        },
        "20082": {
            "year_quarter": 20082,
            "year": 2008,
            "quarter": 2,
            "eps": 0.07,
            "eps_growth_year": 90.72,
            "eps_4q": 0.24,
            "eps_4q_growth_year": 55.15,
            "roe": 7.93,
            "roe_4q": 28.959999999999997,
            "gross_profit": 423992,
            "gross_margin": 45.33,
            "gross_margin_4q_avg": 43.74,
            "net_income": 172732,
            "net_income_4q": null,
            "revenue": 935253,
            "revenue_4q": null,
            "common_shares": 402,
            "book_valuer_per_share": 0.87,
            "book_valuer_per_share_4q_avg": 0.8,
            "equity": 2260278,
            "current_ratio": 352.15,
            "debt_ratio": 25.56,
            "inventory_turnover_ratio": 1.68,
            "account_receivable_turnover_ratio": 1.91,
            "reinvestment_rate": 5.79,
            "research_to_sale_ratio": 16.89,
            "price_fair": 5.1,
            "eps_avg_yearly": 0.15,
            "eps_latest_yearly": 0.28,
            "eps_growth_yearly": 71.63
        },
        "20083": {
            "year_quarter": 20083,
            "year": 2008,
            "quarter": 3,
            "eps": 0.1,
            "eps_growth_year": 111.79,
            "eps_4q": 0.29,
            "eps_4q_growth_year": 75.82,
            "roe": 9.95,
            "roe_4q": 32.82,
            "gross_profit": 515553,
            "gross_margin": 46.21,
            "gross_margin_4q_avg": 45.12,
            "net_income": 235661,
            "net_income_4q": null,
            "revenue": 1115597,
            "revenue_4q": null,
            "common_shares": 615,
            "book_valuer_per_share": 0.95,
            "book_valuer_per_share_4q_avg": 0.85,
            "equity": 2477926,
            "current_ratio": 321.8,
            "debt_ratio": 28.7,
            "inventory_turnover_ratio": 2.06,
            "account_receivable_turnover_ratio": 2.1,
            "reinvestment_rate": 9.4,
            "research_to_sale_ratio": 16.09,
            "price_fair": 6,
            "eps_avg_yearly": 0.17,
            "eps_latest_yearly": 0.4,
            "eps_growth_yearly": 83.88
        },
        "20084": {
            "year_quarter": 20084,
            "year": 2008,
            "quarter": 4,
            "eps": 0.11,
            "eps_growth_year": 54.42,
            "eps_4q": 0.33,
            "eps_4q_growth_year": 72.57,
            "roe": 10.09,
            "roe_4q": 34.42,
            "gross_profit": 549597,
            "gross_margin": 45.7,
            "gross_margin_4q_avg": 45.57,
            "net_income": 256993,
            "net_income_4q": null,
            "revenue": 1202730,
            "revenue_4q": null,
            "common_shares": 619,
            "book_valuer_per_share": 0.97,
            "book_valuer_per_share_4q_avg": 0.9,
            "equity": 2617912,
            "current_ratio": 298.69,
            "debt_ratio": 30.15,
            "inventory_turnover_ratio": 1.97,
            "account_receivable_turnover_ratio": 1.97,
            "reinvestment_rate": 10.61,
            "research_to_sale_ratio": 16.28,
            "price_fair": 7,
            "eps_avg_yearly": 0.2,
            "eps_latest_yearly": 0.44,
            "eps_growth_yearly": 86.73
        },
        "20091": {
            "year_quarter": 20091,
            "year": 2009,
            "quarter": 1,
            "eps": 0.07,
            "eps_growth_year": 35.12,
            "eps_4q": 0.35,
            "eps_4q_growth_year": 68.46,
            "roe": 6.6,
            "roe_4q": 34.56999999999999,
            "gross_profit": 514843,
            "gross_margin": 44.64,
            "gross_margin_4q_avg": 45.47,
            "net_income": 176805,
            "net_income_4q": null,
            "revenue": 1153388,
            "revenue_4q": null,
            "common_shares": 623,
            "book_valuer_per_share": 1.01,
            "book_valuer_per_share_4q_avg": 0.95,
            "equity": 2737178,
            "current_ratio": 313.61,
            "debt_ratio": 28.11,
            "inventory_turnover_ratio": 1.64,
            "account_receivable_turnover_ratio": 1.75,
            "reinvestment_rate": 18.81,
            "research_to_sale_ratio": 18.97,
            "price_fair": 7.6,
            "eps_avg_yearly": 0.22,
            "eps_latest_yearly": 0.28,
            "eps_growth_yearly": 76.35
        },
        "20092": {
            "year_quarter": 20092,
            "year": 2009,
            "quarter": 2,
            "eps": -0.05,
            "eps_growth_year": -176.1,
            "eps_4q": 0.22,
            "eps_4q_growth_year": -7.75,
            "roe": -4.48,
            "roe_4q": 22.159999999999997,
            "gross_profit": 149917,
            "gross_margin": 16.79,
            "gross_margin_4q_avg": 38.34,
            "net_income": -120929,
            "net_income_4q": null,
            "revenue": 892676,
            "revenue_4q": null,
            "common_shares": 625,
            "book_valuer_per_share": 0.97,
            "book_valuer_per_share_4q_avg": 0.98,
            "equity": 2662915,
            "current_ratio": 247.95,
            "debt_ratio": 32.76,
            "inventory_turnover_ratio": 1.74,
            "account_receivable_turnover_ratio": 1.34,
            "reinvestment_rate": 24.89,
            "research_to_sale_ratio": 23.85,
            "price_fair": 7.6,
            "eps_avg_yearly": 0.22,
            "eps_latest_yearly": 0.28,
            "eps_growth_yearly": 76.35
        },
        "20093": {
            "year_quarter": 20093,
            "year": 2009,
            "quarter": 3,
            "eps": 0.03,
            "eps_growth_year": -67.7,
            "eps_4q": 0.16,
            "eps_4q_growth_year": -46.17,
            "roe": 2.4,
            "roe_4q": 14.61,
            "gross_profit": 367843,
            "gross_margin": 40.98,
            "gross_margin_4q_avg": 37.03,
            "net_income": 61748,
            "net_income_4q": null,
            "revenue": 897655,
            "revenue_4q": null,
            "common_shares": 629,
            "book_valuer_per_share": 0.91,
            "book_valuer_per_share_4q_avg": 0.97,
            "equity": 2487075,
            "current_ratio": 246.91,
            "debt_ratio": 31.84,
            "inventory_turnover_ratio": 1.11,
            "account_receivable_turnover_ratio": 1.39,
            "reinvestment_rate": 25.15,
            "research_to_sale_ratio": 23.66,
            "price_fair": 7.6,
            "eps_avg_yearly": 0.22,
            "eps_latest_yearly": 0.28,
            "eps_growth_yearly": 76.35
        },
        "20094": {
            "year_quarter": 20094,
            "year": 2009,
            "quarter": 4,
            "eps": -0.06,
            "eps_growth_year": -154.38,
            "eps_4q": -0.01,
            "eps_4q_growth_year": -101.85,
            "roe": -6.05,
            "roe_4q": -1.5300000000000011,
            "gross_profit": 141666,
            "gross_margin": 29.44,
            "gross_margin_4q_avg": 32.96,
            "net_income": -147665,
            "net_income_4q": null,
            "revenue": 481140,
            "revenue_4q": null,
            "common_shares": 629,
            "book_valuer_per_share": 0.87,
            "book_valuer_per_share_4q_avg": 0.94,
            "equity": 2394652,
            "current_ratio": 278.45,
            "debt_ratio": 28.53,
            "inventory_turnover_ratio": 0.64,
            "account_receivable_turnover_ratio": 1.04,
            "reinvestment_rate": 30.1,
            "research_to_sale_ratio": 44.02,
            "price_fair": 7.97,
            "eps_avg_yearly": 0.23,
            "eps_latest_yearly": 0.28,
            "eps_growth_yearly": 51.45
        },
        "20101": {
            "year_quarter": 20101,
            "year": 2010,
            "quarter": 1,
            "eps": -0.05,
            "eps_growth_year": -168.05,
            "eps_4q": -0.13,
            "eps_4q_growth_year": -137.83,
            "roe": -8.54,
            "roe_4q": -16.67,
            "gross_profit": 189696,
            "gross_margin": 28.56,
            "gross_margin_4q_avg": 28.94,
            "net_income": -201338,
            "net_income_4q": null,
            "revenue": 664231,
            "revenue_4q": null,
            "common_shares": 636,
            "book_valuer_per_share": 0.83,
            "book_valuer_per_share_4q_avg": 0.9,
            "equity": 2318876,
            "current_ratio": 287.78,
            "debt_ratio": 27.05,
            "inventory_turnover_ratio": 1.1,
            "account_receivable_turnover_ratio": 2.13,
            "reinvestment_rate": 33.77,
            "research_to_sale_ratio": 31.81,
            "price_fair": 8.28,
            "eps_avg_yearly": 0.24,
            "eps_latest_yearly": 0.28,
            "eps_growth_yearly": 39.07
        },
        "20102": {
            "year_quarter": 20102,
            "year": 2010,
            "quarter": 2,
            "eps": -0.06,
            "eps_growth_year": null,
            "eps_4q": -0.14,
            "eps_4q_growth_year": -162.56,
            "roe": -4.61,
            "roe_4q": -16.8,
            "gross_profit": 156723,
            "gross_margin": 20.18,
            "gross_margin_4q_avg": 29.79,
            "net_income": -105302,
            "net_income_4q": null,
            "revenue": 776520,
            "revenue_4q": null,
            "common_shares": 638,
            "book_valuer_per_share": 0.79,
            "book_valuer_per_share_4q_avg": 0.85,
            "equity": 2247409,
            "current_ratio": 243.22,
            "debt_ratio": 31.86,
            "inventory_turnover_ratio": 2.04,
            "account_receivable_turnover_ratio": 2.29,
            "reinvestment_rate": 37.76,
            "research_to_sale_ratio": 24.84,
            "price_fair": 8.65,
            "eps_avg_yearly": 0.25,
            "eps_latest_yearly": 0.28,
            "eps_growth_yearly": 42.62
        },
        "20103": {
            "year_quarter": 20103,
            "year": 2010,
            "quarter": 3,
            "eps": 0.04,
            "eps_growth_year": 16.49,
            "eps_4q": -0.13,
            "eps_4q_growth_year": -185.26,
            "roe": 4.61,
            "roe_4q": -14.59,
            "gross_profit": 391783,
            "gross_margin": 43.38,
            "gross_margin_4q_avg": 30.39,
            "net_income": 107577,
            "net_income_4q": null,
            "revenue": 903206,
            "revenue_4q": null,
            "common_shares": 646,
            "book_valuer_per_share": 0.87,
            "book_valuer_per_share_4q_avg": 0.84,
            "equity": 2423635,
            "current_ratio": 265.27,
            "debt_ratio": 30.03,
            "inventory_turnover_ratio": 1.84,
            "account_receivable_turnover_ratio": 2.34,
            "reinvestment_rate": 33.7,
            "research_to_sale_ratio": 21.92,
            "price_fair": 9.1,
            "eps_avg_yearly": 0.26,
            "eps_latest_yearly": 0.28,
            "eps_growth_yearly": 46.88
        },
        "20104": {
            "year_quarter": 20104,
            "year": 2010,
            "quarter": 4,
            "eps": 0.06,
            "eps_growth_year": null,
            "eps_4q": -0.02,
            "eps_4q_growth_year": null,
            "roe": 5.15,
            "roe_4q": -3.389999999999998,
            "gross_profit": 438721,
            "gross_margin": 44.65,
            "gross_margin_4q_avg": 34.19,
            "net_income": 131076,
            "net_income_4q": null,
            "revenue": 982488,
            "revenue_4q": null,
            "common_shares": 653,
            "book_valuer_per_share": 0.97,
            "book_valuer_per_share_4q_avg": 0.87,
            "equity": 2665140,
            "current_ratio": 316.28,
            "debt_ratio": 25.68,
            "inventory_turnover_ratio": 1.79,
            "account_receivable_turnover_ratio": 2.54,
            "reinvestment_rate": 34.12,
            "research_to_sale_ratio": 22.01,
            "price_fair": 9.38,
            "eps_avg_yearly": 0.27,
            "eps_latest_yearly": 0.24,
            "eps_growth_yearly": 53.55
        },
        "20111": {
            "year_quarter": 20111,
            "year": 2011,
            "quarter": 1,
            "eps": 0.06,
            "eps_growth_year": null,
            "eps_4q": 0.09,
            "eps_4q_growth_year": null,
            "roe": 4.98,
            "roe_4q": 10.130000000000003,
            "gross_profit": 456377,
            "gross_margin": 45.56,
            "gross_margin_4q_avg": 38.44,
            "net_income": 137594,
            "net_income_4q": null,
            "revenue": 1001813,
            "revenue_4q": null,
            "common_shares": 663,
            "book_valuer_per_share": 1.04,
            "book_valuer_per_share_4q_avg": 0.92,
            "equity": 2860645,
            "current_ratio": 356.33,
            "debt_ratio": 24.78,
            "inventory_turnover_ratio": 1.52,
            "account_receivable_turnover_ratio": 2.21,
            "reinvestment_rate": 30.16,
            "research_to_sale_ratio": 21.77,
            "price_fair": 9.66,
            "eps_avg_yearly": 0.28,
            "eps_latest_yearly": 0.24,
            "eps_growth_yearly": 53.55
        },
        "20112": {
            "year_quarter": 20112,
            "year": 2011,
            "quarter": 2,
            "eps": -0.06,
            "eps_growth_year": null,
            "eps_4q": 0.09,
            "eps_4q_growth_year": null,
            "roe": -5.02,
            "roe_4q": 9.720000000000002,
            "gross_profit": 134292,
            "gross_margin": 16.55,
            "gross_margin_4q_avg": 37.54,
            "net_income": -140961,
            "net_income_4q": null,
            "revenue": 811208,
            "revenue_4q": null,
            "common_shares": 665,
            "book_valuer_per_share": 0.99,
            "book_valuer_per_share_4q_avg": 0.97,
            "equity": 2760514,
            "current_ratio": 324.24,
            "debt_ratio": 26.02,
            "inventory_turnover_ratio": 1.65,
            "account_receivable_turnover_ratio": 1.75,
            "reinvestment_rate": 33.29,
            "research_to_sale_ratio": 25.97,
            "price_fair": 10.11,
            "eps_avg_yearly": 0.29,
            "eps_latest_yearly": 0.24,
            "eps_growth_yearly": 59.5
        },
        "20113": {
            "year_quarter": 20113,
            "year": 2011,
            "quarter": 3,
            "eps": 0.04,
            "eps_growth_year": 0.69,
            "eps_4q": 0.09,
            "eps_4q_growth_year": null,
            "roe": 3,
            "roe_4q": 8.110000000000001,
            "gross_profit": 392062,
            "gross_margin": 46.46,
            "gross_margin_4q_avg": 38.31,
            "net_income": 84862,
            "net_income_4q": null,
            "revenue": 843912,
            "revenue_4q": null,
            "common_shares": 671,
            "book_valuer_per_share": 1.04,
            "book_valuer_per_share_4q_avg": 1.01,
            "equity": 2897880,
            "current_ratio": 343.88,
            "debt_ratio": 25.99,
            "inventory_turnover_ratio": 1.11,
            "account_receivable_turnover_ratio": 2.12,
            "reinvestment_rate": 34.39,
            "research_to_sale_ratio": 24.24,
            "price_fair": 10.5,
            "eps_avg_yearly": 0.3,
            "eps_latest_yearly": 0.24,
            "eps_growth_yearly": 54.44
        },
        "20114": {
            "year_quarter": 20114,
            "year": 2011,
            "quarter": 4,
            "eps": 0.05,
            "eps_growth_year": -12.15,
            "eps_4q": 0.08,
            "eps_4q_growth_year": null,
            "roe": 5.65,
            "roe_4q": 8.610000000000001,
            "gross_profit": 426359,
            "gross_margin": 48.1,
            "gross_margin_4q_avg": 39.17,
            "net_income": 171651,
            "net_income_4q": null,
            "revenue": 886376,
            "revenue_4q": null,
            "common_shares": 677,
            "book_valuer_per_share": 1.07,
            "book_valuer_per_share_4q_avg": 1.04,
            "equity": 3181462,
            "current_ratio": 342.32,
            "debt_ratio": 29.23,
            "inventory_turnover_ratio": 1.27,
            "account_receivable_turnover_ratio": 2.37,
            "reinvestment_rate": 31.24,
            "research_to_sale_ratio": 24.32,
            "price_fair": 10.15,
            "eps_avg_yearly": 0.29,
            "eps_latest_yearly": 0.2,
            "eps_growth_yearly": 46.94
        },
        "20121": {
            "year_quarter": 20121,
            "year": 2012,
            "quarter": 1,
            "eps": 0.06,
            "eps_growth_year": -4.55,
            "eps_4q": 0.08,
            "eps_4q_growth_year": -9.73,
            "roe": 4.08,
            "roe_4q": 7.710000000000001,
            "gross_profit": 484503,
            "gross_margin": 50.36,
            "gross_margin_4q_avg": 40.37,
            "net_income": 135219,
            "net_income_4q": null,
            "revenue": 962039,
            "revenue_4q": null,
            "common_shares": 688,
            "book_valuer_per_share": 1.17,
            "book_valuer_per_share_4q_avg": 1.07,
            "equity": 3447808,
            "current_ratio": 356.39,
            "debt_ratio": 27.21,
            "inventory_turnover_ratio": 1.31,
            "account_receivable_turnover_ratio": 2.78,
            "reinvestment_rate": 30.19,
            "research_to_sale_ratio": 24.07,
            "price_fair": 10.15,
            "eps_avg_yearly": 0.29,
            "eps_latest_yearly": 0.24,
            "eps_growth_yearly": 64.08
        },
        "20122": {
            "year_quarter": 20122,
            "year": 2012,
            "quarter": 2,
            "eps": 0.06,
            "eps_growth_year": null,
            "eps_4q": 0.21,
            "eps_4q_growth_year": 129.68,
            "roe": 4.25,
            "roe_4q": 16.98,
            "gross_profit": 525284,
            "gross_margin": 51.67,
            "gross_margin_4q_avg": 49.15,
            "net_income": 151573,
            "net_income_4q": null,
            "revenue": 1016517,
            "revenue_4q": null,
            "common_shares": 691,
            "book_valuer_per_share": 1.13,
            "book_valuer_per_share_4q_avg": 1.1,
            "equity": 3689469,
            "current_ratio": 345.47,
            "debt_ratio": 24.15,
            "inventory_turnover_ratio": 1.32,
            "account_receivable_turnover_ratio": 2.66,
            "reinvestment_rate": 24.39,
            "research_to_sale_ratio": 24.37,
            "price_fair": 9.98,
            "eps_avg_yearly": 0.29,
            "eps_latest_yearly": 0.24,
            "eps_growth_yearly": 55.75
        },
        "20123": {
            "year_quarter": 20123,
            "year": 2012,
            "quarter": 3,
            "eps": 0.07,
            "eps_growth_year": 105.74,
            "eps_4q": 0.24,
            "eps_4q_growth_year": 171.89,
            "roe": 4.65,
            "roe_4q": 18.630000000000003,
            "gross_profit": 556717,
            "gross_margin": 52.22,
            "gross_margin_4q_avg": 50.59,
            "net_income": 178273,
            "net_income_4q": null,
            "revenue": 1066180,
            "revenue_4q": null,
            "common_shares": 698,
            "book_valuer_per_share": 1.22,
            "book_valuer_per_share_4q_avg": 1.15,
            "equity": 3973450,
            "current_ratio": 394.74,
            "debt_ratio": 21.92,
            "inventory_turnover_ratio": 1.5,
            "account_receivable_turnover_ratio": 2.7,
            "reinvestment_rate": 21.88,
            "research_to_sale_ratio": 24.06,
            "price_fair": 9.45,
            "eps_avg_yearly": 0.27,
            "eps_latest_yearly": 0.28,
            "eps_growth_yearly": 42.65
        },
        "20124": {
            "year_quarter": 20124,
            "year": 2012,
            "quarter": 4,
            "eps": 0.05,
            "eps_growth_year": 4.21,
            "eps_4q": 0.25,
            "eps_4q_growth_year": 196.81,
            "roe": 2.86,
            "roe_4q": 15.84,
            "gross_profit": 490013,
            "gross_margin": 51.41,
            "gross_margin_4q_avg": 51.42,
            "net_income": 116025,
            "net_income_4q": null,
            "revenue": 953194,
            "revenue_4q": null,
            "common_shares": 700,
            "book_valuer_per_share": 1.3,
            "book_valuer_per_share_4q_avg": 1.21,
            "equity": 4145724,
            "current_ratio": 419.95,
            "debt_ratio": 25.34,
            "inventory_turnover_ratio": 1.4,
            "account_receivable_turnover_ratio": 2.69,
            "reinvestment_rate": 5.16,
            "research_to_sale_ratio": 28,
            "price_fair": 8.01,
            "eps_avg_yearly": 0.24,
            "eps_latest_yearly": 0.2,
            "eps_growth_yearly": 23.37
        },
        "20131": {
            "year_quarter": 20131,
            "year": 2013,
            "quarter": 1,
            "eps": 0.03,
            "eps_growth_year": -53.47,
            "eps_4q": 0.22,
            "eps_4q_growth_year": 169.63,
            "roe": 1.43,
            "roe_4q": 13.190000000000001,
            "gross_profit": 463364,
            "gross_margin": 50.1,
            "gross_margin_4q_avg": 51.35,
            "net_income": 60437,
            "net_income_4q": null,
            "revenue": 924877,
            "revenue_4q": null,
            "common_shares": 707,
            "book_valuer_per_share": 1.33,
            "book_valuer_per_share_4q_avg": 1.25,
            "equity": 4287428,
            "current_ratio": 425.6,
            "debt_ratio": 24.89,
            "inventory_turnover_ratio": 1.35,
            "account_receivable_turnover_ratio": 2.48,
            "reinvestment_rate": -7.41,
            "research_to_sale_ratio": 30.7,
            "price_fair": 6.94,
            "eps_avg_yearly": 0.22,
            "eps_latest_yearly": 0.12,
            "eps_growth_yearly": 21.55
        },
        "20132": {
            "year_quarter": 20132,
            "year": 2013,
            "quarter": 2,
            "eps": 0.05,
            "eps_growth_year": -23.33,
            "eps_4q": 0.2,
            "eps_4q_growth_year": -2.01,
            "roe": 2.72,
            "roe_4q": 11.66,
            "gross_profit": 540719,
            "gross_margin": 51.78,
            "gross_margin_4q_avg": 51.38,
            "net_income": 119046,
            "net_income_4q": null,
            "revenue": 1044270,
            "revenue_4q": null,
            "common_shares": 713,
            "book_valuer_per_share": 1.4,
            "book_valuer_per_share_4q_avg": 1.31,
            "equity": 4453665,
            "current_ratio": 412.33,
            "debt_ratio": 24.41,
            "inventory_turnover_ratio": 1.38,
            "account_receivable_turnover_ratio": 2.44,
            "reinvestment_rate": -4.14,
            "research_to_sale_ratio": 26.93,
            "price_fair": 7.62,
            "eps_avg_yearly": 0.22,
            "eps_latest_yearly": 0.2,
            "eps_growth_yearly": 48.78
        },
        "20133": {
            "year_quarter": 20133,
            "year": 2013,
            "quarter": 3,
            "eps": 0.08,
            "eps_growth_year": 13,
            "eps_4q": 0.21,
            "eps_4q_growth_year": -13.46,
            "roe": 4.56,
            "roe_4q": 11.569999999999999,
            "gross_profit": 636658,
            "gross_margin": 52.87,
            "gross_margin_4q_avg": 51.54,
            "net_income": 209080,
            "net_income_4q": null,
            "revenue": 1204110,
            "revenue_4q": null,
            "common_shares": 719,
            "book_valuer_per_share": 1.5,
            "book_valuer_per_share_4q_avg": 1.38,
            "equity": 4722846,
            "current_ratio": 446.34,
            "debt_ratio": 22.26,
            "inventory_turnover_ratio": 1.39,
            "account_receivable_turnover_ratio": 2.71,
            "reinvestment_rate": -5.88,
            "research_to_sale_ratio": 23.6,
            "price_fair": 7.98,
            "eps_avg_yearly": 0.23,
            "eps_latest_yearly": 0.32,
            "eps_growth_yearly": 67.9
        },
        "20134": {
            "year_quarter": 20134,
            "year": 2013,
            "quarter": 4,
            "eps": 0.07,
            "eps_growth_year": 38.4,
            "eps_4q": 0.23,
            "eps_4q_growth_year": -6.16,
            "roe": 3.64,
            "roe_4q": 12.35,
            "gross_profit": 585602,
            "gross_margin": 52.9,
            "gross_margin_4q_avg": 51.91,
            "net_income": 173973,
            "net_income_4q": null,
            "revenue": 1106902,
            "revenue_4q": null,
            "common_shares": 720,
            "book_valuer_per_share": 1.57,
            "book_valuer_per_share_4q_avg": 1.45,
            "equity": 4827703,
            "current_ratio": 489.16,
            "debt_ratio": 24.71,
            "inventory_turnover_ratio": 1.24,
            "account_receivable_turnover_ratio": 2.46,
            "reinvestment_rate": -1.87,
            "research_to_sale_ratio": 26.92,
            "price_fair": 8.15,
            "eps_avg_yearly": 0.23,
            "eps_latest_yearly": 0.28,
            "eps_growth_yearly": 57.19
        },
        "20141": {
            "year_quarter": 20141,
            "year": 2014,
            "quarter": 1,
            "eps": 0.03,
            "eps_growth_year": 28.47,
            "eps_4q": 0.24,
            "eps_4q_growth_year": 10.1,
            "roe": 1.61,
            "roe_4q": 12.53,
            "gross_profit": 518568,
            "gross_margin": 54.32,
            "gross_margin_4q_avg": 52.97,
            "net_income": 77891,
            "net_income_4q": null,
            "revenue": 954739,
            "revenue_4q": null,
            "common_shares": 725,
            "book_valuer_per_share": 1.66,
            "book_valuer_per_share_4q_avg": 1.53,
            "equity": 4824936,
            "current_ratio": 497.7,
            "debt_ratio": 23.16,
            "inventory_turnover_ratio": 1.1,
            "account_receivable_turnover_ratio": 2.38,
            "reinvestment_rate": 0.32,
            "research_to_sale_ratio": 34.27,
            "price_fair": 7.82,
            "eps_avg_yearly": 0.22,
            "eps_latest_yearly": 0.12,
            "eps_growth_yearly": 33.37
        },
        "20142": {
            "year_quarter": 20142,
            "year": 2014,
            "quarter": 2,
            "eps": 0.04,
            "eps_growth_year": -12.08,
            "eps_4q": 0.23,
            "eps_4q_growth_year": 15.34,
            "roe": 2.14,
            "roe_4q": 11.95,
            "gross_profit": 545538,
            "gross_margin": 55.82,
            "gross_margin_4q_avg": 53.98,
            "net_income": 96448,
            "net_income_4q": null,
            "revenue": 977238,
            "revenue_4q": null,
            "common_shares": 726,
            "book_valuer_per_share": 1.39,
            "book_valuer_per_share_4q_avg": 1.53,
            "equity": 4172173,
            "current_ratio": 419.18,
            "debt_ratio": 25.09,
            "inventory_turnover_ratio": 1.14,
            "account_receivable_turnover_ratio": 2.55,
            "reinvestment_rate": 0.75,
            "research_to_sale_ratio": 33.95,
            "price_fair": 7.65,
            "eps_avg_yearly": 0.22,
            "eps_latest_yearly": 0.16,
            "eps_growth_yearly": 41.06
        },
        "20143": {
            "year_quarter": 20143,
            "year": 2014,
            "quarter": 3,
            "eps": 0.05,
            "eps_growth_year": -37.57,
            "eps_4q": 0.2,
            "eps_4q_growth_year": -5.02,
            "roe": 2.8,
            "roe_4q": 10.19,
            "gross_profit": 584415,
            "gross_margin": 55.45,
            "gross_margin_4q_avg": 54.62,
            "net_income": 118734,
            "net_income_4q": null,
            "revenue": 1053967,
            "revenue_4q": null,
            "common_shares": 732,
            "book_valuer_per_share": 1.48,
            "book_valuer_per_share_4q_avg": 1.53,
            "equity": 4320647,
            "current_ratio": 410.76,
            "debt_ratio": 24.35,
            "inventory_turnover_ratio": 1.24,
            "account_receivable_turnover_ratio": 2.43,
            "reinvestment_rate": 1.29,
            "research_to_sale_ratio": 32.29,
            "price_fair": 7.6,
            "eps_avg_yearly": 0.22,
            "eps_latest_yearly": 0.2,
            "eps_growth_yearly": 45.27
        },
        "20144": {
            "year_quarter": 20144,
            "year": 2014,
            "quarter": 4,
            "eps": 0.06,
            "eps_growth_year": -10.81,
            "eps_4q": 0.19,
            "eps_4q_growth_year": -16.49,
            "roe": 3.35,
            "roe_4q": 9.9,
            "gross_profit": 619242,
            "gross_margin": 54.12,
            "gross_margin_4q_avg": 54.93,
            "net_income": 146917,
            "net_income_4q": null,
            "revenue": 1144218,
            "revenue_4q": null,
            "common_shares": 732,
            "book_valuer_per_share": 1.55,
            "book_valuer_per_share_4q_avg": 1.52,
            "equity": 4456398,
            "current_ratio": 594.9,
            "debt_ratio": 38.54,
            "inventory_turnover_ratio": 1.37,
            "account_receivable_turnover_ratio": 2.62,
            "reinvestment_rate": 1.84,
            "research_to_sale_ratio": 29.42,
            "price_fair": 7.6,
            "eps_avg_yearly": 0.22,
            "eps_latest_yearly": 0.24,
            "eps_growth_yearly": 36.7
        },
        "20151": {
            "year_quarter": 20151,
            "year": 2015,
            "quarter": 1,
            "eps": 0.06,
            "eps_growth_year": 90.58,
            "eps_4q": 0.22,
            "eps_4q_growth_year": -6.45,
            "roe": 3.17,
            "roe_4q": 11.46,
            "gross_profit": 604202,
            "gross_margin": 54.79,
            "gross_margin_4q_avg": 55.05,
            "net_income": 136516,
            "net_income_4q": null,
            "revenue": 1102787,
            "revenue_4q": null,
            "common_shares": 743,
            "book_valuer_per_share": 1.45,
            "book_valuer_per_share_4q_avg": 1.47,
            "equity": 4166985,
            "current_ratio": 587.32,
            "debt_ratio": 39.3,
            "inventory_turnover_ratio": 1.28,
            "account_receivable_turnover_ratio": 2.68,
            "reinvestment_rate": 1.56,
            "research_to_sale_ratio": 30.31,
            "price_fair": 7.6,
            "eps_avg_yearly": 0.22,
            "eps_latest_yearly": 0.24,
            "eps_growth_yearly": 36.7
        },
        "20152": {
            "year_quarter": 20152,
            "year": 2015,
            "quarter": 2,
            "eps": 0.06,
            "eps_growth_year": 36.7,
            "eps_4q": 0.24,
            "eps_4q_growth_year": 2.79,
            "roe": 3.02,
            "roe_4q": 12.34,
            "gross_profit": 619000,
            "gross_margin": 56.12,
            "gross_margin_4q_avg": 55.12,
            "net_income": 128000,
            "net_income_4q": null,
            "revenue": 1103000,
            "revenue_4q": null,
            "common_shares": 744,
            "book_valuer_per_share": 1.57,
            "book_valuer_per_share_4q_avg": 1.51,
            "equity": 4304786,
            "current_ratio": 619.02,
            "debt_ratio": 37.92,
            "inventory_turnover_ratio": 1.24,
            "account_receivable_turnover_ratio": 2.55,
            "reinvestment_rate": -1.37,
            "research_to_sale_ratio": 30.55,
            "price_fair": 7.65,
            "eps_avg_yearly": 0.22,
            "eps_latest_yearly": 0.24,
            "eps_growth_yearly": 34.25
        },
        "20153": {
            "year_quarter": 20153,
            "year": 2015,
            "quarter": 3,
            "eps": 0.08,
            "eps_growth_year": 46.58,
            "eps_4q": 0.26,
            "eps_4q_growth_year": 31.33,
            "roe": 4.07,
            "roe_4q": 13.61,
            "gross_profit": 676698,
            "gross_margin": 55.22,
            "gross_margin_4q_avg": 55.06,
            "net_income": 172967,
            "net_income_4q": null,
            "revenue": 1225382,
            "revenue_4q": null,
            "common_shares": 752,
            "book_valuer_per_share": 1.53,
            "book_valuer_per_share_4q_avg": 1.53,
            "equity": 4204593,
            "current_ratio": 571.91,
            "debt_ratio": 38.94,
            "inventory_turnover_ratio": 1.38,
            "account_receivable_turnover_ratio": 2.37,
            "reinvestment_rate": -0.1,
            "research_to_sale_ratio": 27.75,
            "price_fair": 7.88,
            "eps_avg_yearly": 0.23,
            "eps_latest_yearly": 0.32,
            "eps_growth_yearly": 40.45
        },
        "20154": {
            "year_quarter": 20154,
            "year": 2015,
            "quarter": 4,
            "eps": 0.09,
            "eps_growth_year": 36.67,
            "eps_4q": 0.29,
            "eps_4q_growth_year": 48.66,
            "roe": 4.48,
            "roe_4q": 14.74,
            "gross_profit": 699603,
            "gross_margin": 55.95,
            "gross_margin_4q_avg": 55.52,
            "net_income": 193128,
            "net_income_4q": null,
            "revenue": 1250514,
            "revenue_4q": null,
            "common_shares": 1000,
            "book_valuer_per_share": 1.64,
            "book_valuer_per_share_4q_avg": 1.55,
            "equity": 4418000,
            "current_ratio": 637.61,
            "debt_ratio": 38.65,
            "inventory_turnover_ratio": 1.24,
            "account_receivable_turnover_ratio": 2.41,
            "reinvestment_rate": 0.16,
            "research_to_sale_ratio": 27.85,
            "price_fair": 8.23,
            "eps_avg_yearly": 0.24,
            "eps_latest_yearly": 0.36,
            "eps_growth_yearly": 37.32
        },
        "20161": {
            "year_quarter": 20161,
            "year": 2016,
            "quarter": 1,
            "eps": 0.06,
            "eps_growth_year": -1.94,
            "eps_4q": 0.29,
            "eps_4q_growth_year": 28.07,
            "roe": 2.99,
            "roe_4q": 14.56,
            "gross_profit": 653000,
            "gross_margin": 56.73,
            "gross_margin_4q_avg": 56.01,
            "net_income": 134000,
            "net_income_4q": null,
            "revenue": 1151000,
            "revenue_4q": null,
            "common_shares": 1000,
            "book_valuer_per_share": 1.73,
            "book_valuer_per_share_4q_avg": 1.62,
            "equity": 4556000,
            "current_ratio": 660.48,
            "debt_ratio": 37.51,
            "inventory_turnover_ratio": 1.08,
            "account_receivable_turnover_ratio": 2.48,
            "reinvestment_rate": -0.18,
            "research_to_sale_ratio": 29.45,
            "price_fair": 7.99,
            "eps_avg_yearly": 0.24,
            "eps_latest_yearly": 0.24,
            "eps_growth_yearly": 23.99
        },
        "20162": {
            "year_quarter": 20162,
            "year": 2016,
            "quarter": 2,
            "eps": 0.04,
            "eps_growth_year": -34.45,
            "eps_4q": 0.27,
            "eps_4q_growth_year": 11,
            "roe": 0.59,
            "roe_4q": 12.13,
            "gross_profit": 634000,
            "gross_margin": 54.99,
            "gross_margin_4q_avg": 55.72,
            "net_income": 26000,
            "net_income_4q": null,
            "revenue": 1153000,
            "revenue_4q": null,
            "common_shares": 1000,
            "book_valuer_per_share": 1.57,
            "book_valuer_per_share_4q_avg": 1.62,
            "equity": 4185000,
            "current_ratio": 599.15,
            "debt_ratio": 40.03,
            "inventory_turnover_ratio": 1.18,
            "account_receivable_turnover_ratio": 2.38,
            "reinvestment_rate": -2.62,
            "research_to_sale_ratio": 27.75,
            "price_fair": 5.9,
            "eps_avg_yearly": 0.23,
            "eps_latest_yearly": 0.16,
            "eps_growth_yearly": 15.65
        },
        "20163": {
            "year_quarter": 20163,
            "year": 2016,
            "quarter": 3,
            "eps": 0.11,
            "eps_growth_year": 44.96,
            "eps_4q": 0.3,
            "eps_4q_growth_year": 13.84,
            "roe": 5.69,
            "roe_4q": 13.75,
            "gross_profit": 734000,
            "gross_margin": 56.25,
            "gross_margin_4q_avg": 55.98,
            "net_income": 246000,
            "net_income_4q": null,
            "revenue": 1305000,
            "revenue_4q": null,
            "common_shares": 1000,
            "book_valuer_per_share": 1.71,
            "book_valuer_per_share_4q_avg": 1.66,
            "equity": 4465000,
            "current_ratio": 682.34,
            "debt_ratio": 37.76,
            "inventory_turnover_ratio": 1.32,
            "account_receivable_turnover_ratio": 2.49,
            "reinvestment_rate": -3.85,
            "research_to_sale_ratio": 25.21,
            "price_fair": 8.4,
            "eps_avg_yearly": 0.24,
            "eps_latest_yearly": 0.44,
            "eps_growth_yearly": 55.24
        },
        "20164": {
            "year_quarter": 20164,
            "year": 2016,
            "quarter": 4,
            "eps": 0.1,
            "eps_growth_year": 17.12,
            "eps_4q": 0.32,
            "eps_4q_growth_year": 9.78,
            "roe": 4.66,
            "roe_4q": 13.930000000000001,
            "gross_profit": 791000,
            "gross_margin": 56.46,
            "gross_margin_4q_avg": 56.11,
            "net_income": 208000,
            "net_income_4q": null,
            "revenue": 1401000,
            "revenue_4q": null,
            "common_shares": 1000,
            "book_valuer_per_share": 1.71,
            "book_valuer_per_share_4q_avg": 1.68,
            "equity": 4469000,
            "current_ratio": 257.46,
            "debt_ratio": 39.36,
            "inventory_turnover_ratio": 1.45,
            "account_receivable_turnover_ratio": 2.69,
            "reinvestment_rate": -3.9,
            "research_to_sale_ratio": 24.55,
            "price_fair": 8.84,
            "eps_avg_yearly": 0.25,
            "eps_latest_yearly": 0.4,
            "eps_growth_yearly": 60.11
        },
        "20171": {
            "year_quarter": 20171,
            "year": 2017,
            "quarter": 1,
            "eps": 0.09,
            "eps_growth_year": 40.46,
            "eps_4q": 0.34,
            "eps_4q_growth_year": 19.04,
            "roe": 4.8,
            "roe_4q": 15.740000000000002,
            "gross_profit": 751000,
            "gross_margin": 57.55,
            "gross_margin_4q_avg": 56.31,
            "net_income": 208000,
            "net_income_4q": null,
            "revenue": 1305000,
            "revenue_4q": null,
            "common_shares": 1000,
            "book_valuer_per_share": 1.6,
            "book_valuer_per_share_4q_avg": 1.65,
            "equity": 4196000,
            "current_ratio": 243.58,
            "debt_ratio": 40.97,
            "inventory_turnover_ratio": 1.36,
            "account_receivable_turnover_ratio": 2.54,
            "reinvestment_rate": -3.97,
            "research_to_sale_ratio": 26.51,
            "price_fair": 9.36,
            "eps_avg_yearly": 0.27,
            "eps_latest_yearly": 0.36,
            "eps_growth_yearly": 67.61
        },
        "20172": {
            "year_quarter": 20172,
            "year": 2017,
            "quarter": 2,
            "eps": 0.1,
            "eps_growth_year": 166.45,
            "eps_4q": 0.4,
            "eps_4q_growth_year": 52.58,
            "roe": 6.02,
            "roe_4q": 21.17,
            "gross_profit": 826000,
            "gross_margin": 57.84,
            "gross_margin_4q_avg": 57.03,
            "net_income": 261000,
            "net_income_4q": null,
            "revenue": 1428000,
            "revenue_4q": null,
            "common_shares": 1000,
            "book_valuer_per_share": 1.74,
            "book_valuer_per_share_4q_avg": 1.69,
            "equity": 4480000,
            "current_ratio": 255.75,
            "debt_ratio": 39.95,
            "inventory_turnover_ratio": 1.32,
            "account_receivable_turnover_ratio": 2.45,
            "reinvestment_rate": -3.21,
            "research_to_sale_ratio": 24.51,
            "price_fair": 9.8,
            "eps_avg_yearly": 0.28,
            "eps_latest_yearly": 0.4,
            "eps_growth_yearly": 53.72
        },
        "20173": {
            "year_quarter": 20173,
            "year": 2017,
            "quarter": 3,
            "eps": 0.21,
            "eps_growth_year": 84.77,
            "eps_4q": 0.5,
            "eps_4q_growth_year": 66.59,
            "roe": 11.06,
            "roe_4q": 26.54,
            "gross_profit": 1183000,
            "gross_margin": 59.03,
            "gross_margin_4q_avg": 57.72,
            "net_income": 542000,
            "net_income_4q": null,
            "revenue": 2004000,
            "revenue_4q": null,
            "common_shares": 1000,
            "book_valuer_per_share": 2.13,
            "book_valuer_per_share_4q_avg": 1.8,
            "equity": 5324000,
            "current_ratio": 407.01,
            "debt_ratio": 44.61,
            "inventory_turnover_ratio": 1.37,
            "account_receivable_turnover_ratio": 2.71,
            "reinvestment_rate": -2.55,
            "research_to_sale_ratio": 18.61,
            "price_fair": 10.94,
            "eps_avg_yearly": 0.31,
            "eps_latest_yearly": 0.84,
            "eps_growth_yearly": 66.22
        },
        "20174": {
            "year_quarter": 20174,
            "year": 2017,
            "quarter": 4,
            "eps": 0.24,
            "eps_growth_year": 138.5,
            "eps_4q": 0.64,
            "eps_4q_growth_year": 103.49,
            "roe": 11.8,
            "roe_4q": 33.68,
            "gross_profit": 1303000,
            "gross_margin": 59.96,
            "gross_margin_4q_avg": 58.6,
            "net_income": 654000,
            "net_income_4q": null,
            "revenue": 2173000,
            "revenue_4q": null,
            "common_shares": 1000,
            "book_valuer_per_share": 2.15,
            "book_valuer_per_share_4q_avg": 1.91,
            "equity": 5762000,
            "current_ratio": 477.4,
            "debt_ratio": 41.45,
            "inventory_turnover_ratio": 1.18,
            "account_receivable_turnover_ratio": 2.62,
            "reinvestment_rate": -2,
            "research_to_sale_ratio": 18.13,
            "price_fair": 12.43,
            "eps_avg_yearly": 0.36,
            "eps_latest_yearly": 0.96,
            "eps_growth_yearly": 72.92
        },
        "20181": {
            "year_quarter": 20181,
            "year": 2018,
            "quarter": 1,
            "eps": 0.2,
            "eps_growth_year": 126.84,
            "eps_4q": 0.75,
            "eps_4q_growth_year": 120.97,
            "roe": 8.53,
            "roe_4q": 37.41,
            "gross_profit": 1150000,
            "gross_margin": 59.37,
            "gross_margin_4q_avg": 59.05,
            "net_income": 507000,
            "net_income_4q": null,
            "revenue": 1937000,
            "revenue_4q": null,
            "common_shares": 1000,
            "book_valuer_per_share": 2.28,
            "book_valuer_per_share_4q_avg": 2.08,
            "equity": 6132000,
            "current_ratio": 825.64,
            "debt_ratio": 34.84,
            "inventory_turnover_ratio": 0.97,
            "account_receivable_turnover_ratio": 2.15,
            "reinvestment_rate": -1.06,
            "research_to_sale_ratio": 21.22,
            "price_fair": 13.91,
            "eps_avg_yearly": 0.4,
            "eps_latest_yearly": 0.8,
            "eps_growth_yearly": 83.03
        },
        "20182": {
            "year_quarter": 20182,
            "year": 2018,
            "quarter": 2,
            "eps": 0.23,
            "eps_growth_year": 122.31,
            "eps_4q": 0.88,
            "eps_4q_growth_year": 116.95,
            "roe": 9.63,
            "roe_4q": 41.02,
            "gross_profit": 1302000,
            "gross_margin": 58.39,
            "gross_margin_4q_avg": 59.19,
            "net_income": 583000,
            "net_income_4q": null,
            "revenue": 2230000,
            "revenue_4q": null,
            "common_shares": 1000,
            "book_valuer_per_share": 2.2,
            "book_valuer_per_share_4q_avg": 2.19,
            "equity": 5973000,
            "current_ratio": 781.98,
            "debt_ratio": 36.47,
            "inventory_turnover_ratio": 1.11,
            "account_receivable_turnover_ratio": 2.04,
            "reinvestment_rate": -0.41,
            "research_to_sale_ratio": 18.65,
            "price_fair": 15.58,
            "eps_avg_yearly": 0.45,
            "eps_latest_yearly": 0.92,
            "eps_growth_yearly": 78.45
        },
        "20183": {
            "year_quarter": 20183,
            "year": 2018,
            "quarter": 3,
            "eps": 0.33,
            "eps_growth_year": 60.77,
            "eps_4q": 1,
            "eps_4q_growth_year": 100.86,
            "roe": 13.6,
            "roe_4q": 43.56,
            "gross_profit": 1569000,
            "gross_margin": 59.52,
            "gross_margin_4q_avg": 59.31,
            "net_income": 838000,
            "net_income_4q": null,
            "revenue": 2636000,
            "revenue_4q": null,
            "common_shares": 1000,
            "book_valuer_per_share": 2.34,
            "book_valuer_per_share_4q_avg": 2.24,
            "equity": 6352000,
            "current_ratio": 825.61,
            "debt_ratio": 35.38,
            "inventory_turnover_ratio": 1.25,
            "account_receivable_turnover_ratio": 2.22,
            "reinvestment_rate": 0.35,
            "research_to_sale_ratio": 17.53,
            "price_fair": 18.03,
            "eps_avg_yearly": 0.52,
            "eps_latest_yearly": 1.32,
            "eps_growth_yearly": 83.07
        },
        "20184": {
            "year_quarter": 20184,
            "year": 2018,
            "quarter": 4,
            "eps": 0.39,
            "eps_growth_year": 61.34,
            "eps_4q": 1.15,
            "eps_4q_growth_year": 79.91,
            "roe": 14.27,
            "roe_4q": 46.03,
            "gross_profit": 1801000,
            "gross_margin": 61.87,
            "gross_margin_4q_avg": 59.79,
            "net_income": 986000,
            "net_income_4q": null,
            "revenue": 2911000,
            "revenue_4q": null,
            "common_shares": 1000,
            "book_valuer_per_share": 2.81,
            "book_valuer_per_share_4q_avg": 2.41,
            "equity": 7471000,
            "current_ratio": 802.69,
            "debt_ratio": 33.54,
            "inventory_turnover_ratio": 1.34,
            "account_receivable_turnover_ratio": 2.39,
            "reinvestment_rate": 7.32,
            "research_to_sale_ratio": 17.42,
            "price_fair": 20.91,
            "eps_avg_yearly": 0.6,
            "eps_latest_yearly": 1.56,
            "eps_growth_yearly": 82.62
        },
        "20191": {
            "year_quarter": 20191,
            "year": 2019,
            "quarter": 1,
            "eps": 0.5,
            "eps_growth_year": 151.61,
            "eps_4q": 1.45,
            "eps_4q_growth_year": 93.33,
            "roe": 16.38,
            "roe_4q": 53.88,
            "gross_profit": 2068000,
            "gross_margin": 64.48,
            "gross_margin_4q_avg": 61.07,
            "net_income": 1244000,
            "net_income_4q": null,
            "revenue": 3207000,
            "revenue_4q": null,
            "common_shares": 1000,
            "book_valuer_per_share": 2.9,
            "book_valuer_per_share_4q_avg": 2.56,
            "equity": 7717000,
            "current_ratio": 854.25,
            "debt_ratio": 32.66,
            "inventory_turnover_ratio": 1.43,
            "account_receivable_turnover_ratio": 2.58,
            "reinvestment_rate": 7.35,
            "research_to_sale_ratio": 16.9,
            "price_fair": 24.76,
            "eps_avg_yearly": 0.71,
            "eps_latest_yearly": 2,
            "eps_growth_yearly": 89.67
        },
        "20192": {
            "year_quarter": 20192,
            "year": 2019,
            "quarter": 2,
            "eps": 0.44,
            "eps_growth_year": 91.29,
            "eps_4q": 1.66,
            "eps_4q_growth_year": 89.38,
            "roe": 13.34,
            "roe_4q": 57.589999999999996,
            "gross_profit": 1975000,
            "gross_margin": 63.24,
            "gross_margin_4q_avg": 62.28,
            "net_income": 1101000,
            "net_income_4q": null,
            "revenue": 3123000,
            "revenue_4q": null,
            "common_shares": 1000,
            "book_valuer_per_share": 3.34,
            "book_valuer_per_share_4q_avg": 2.85,
            "equity": 8795000,
            "current_ratio": 740.83,
            "debt_ratio": 31.73,
            "inventory_turnover_ratio": 1.22,
            "account_receivable_turnover_ratio": 2.17,
            "reinvestment_rate": 7.53,
            "research_to_sale_ratio": 18.6,
            "price_fair": 28.09,
            "eps_avg_yearly": 0.8,
            "eps_latest_yearly": 1.76,
            "eps_growth_yearly": 86.67
        },
        "20193": {
            "year_quarter": 20193,
            "year": 2019,
            "quarter": 3,
            "eps": 0.44,
            "eps_growth_year": 32.18,
            "eps_4q": 1.77,
            "eps_4q_growth_year": 76.29,
            "roe": 11.95,
            "roe_4q": 55.94,
            "gross_profit": 1921000,
            "gross_margin": 60.39,
            "gross_margin_4q_avg": 62.5,
            "net_income": 1092000,
            "net_income_4q": null,
            "revenue": 3181000,
            "revenue_4q": null,
            "common_shares": 1000,
            "book_valuer_per_share": 3.61,
            "book_valuer_per_share_4q_avg": 3.17,
            "equity": 9475000,
            "current_ratio": 708.08,
            "debt_ratio": 30.62,
            "inventory_turnover_ratio": 1.01,
            "account_receivable_turnover_ratio": 1.64,
            "reinvestment_rate": 8.33,
            "research_to_sale_ratio": 19.02,
            "price_fair": 31.24,
            "eps_avg_yearly": 0.89,
            "eps_latest_yearly": 1.76,
            "eps_growth_yearly": 78.33
        },
        "20194": {
            "year_quarter": 20194,
            "year": 2019,
            "quarter": 4,
            "eps": 0.14,
            "eps_growth_year": -63.94,
            "eps_4q": 1.52,
            "eps_4q_growth_year": 31.8,
            "roe": 3.57,
            "roe_4q": 45.239999999999995,
            "gross_profit": 1207000,
            "gross_margin": 54.74,
            "gross_margin_4q_avg": 60.71,
            "net_income": 336000,
            "net_income_4q": null,
            "revenue": 2205000,
            "revenue_4q": null,
            "common_shares": 1000,
            "book_valuer_per_share": 3.58,
            "book_valuer_per_share_4q_avg": 3.36,
            "equity": 9342000,
            "current_ratio": 794.36,
            "debt_ratio": 29.72,
            "inventory_turnover_ratio": 0.67,
            "account_receivable_turnover_ratio": 1.21,
            "reinvestment_rate": 9.56,
            "research_to_sale_ratio": 29.34,
            "price_fair": 31.68,
            "eps_avg_yearly": 0.91,
            "eps_latest_yearly": 0.56,
            "eps_growth_yearly": 58.16
        },
        "20201": {
            "year_quarter": 20201,
            "year": 2020,
            "quarter": 1,
            "eps": 0.17,
            "eps_growth_year": -66.75,
            "eps_4q": 1.19,
            "eps_4q_growth_year": -18.24,
            "roe": 4.14,
            "roe_4q": 33,
            "gross_profit": 1296000,
            "gross_margin": 58.38,
            "gross_margin_4q_avg": 59.19,
            "net_income": 394000,
            "net_income_4q": null,
            "revenue": 2220000,
            "revenue_4q": null,
            "common_shares": 1000,
            "book_valuer_per_share": 3.71,
            "book_valuer_per_share_4q_avg": 3.56,
            "equity": 9704000,
            "current_ratio": 898.48,
            "debt_ratio": 30.79,
            "inventory_turnover_ratio": 0.62,
            "account_receivable_turnover_ratio": 1.67,
            "reinvestment_rate": 16.39,
            "research_to_sale_ratio": 30.36,
            "price_fair": 32.64,
            "eps_avg_yearly": 0.93,
            "eps_latest_yearly": 0.68,
            "eps_growth_yearly": 71.85
        },
        "20202": {
            "year_quarter": 20202,
            "year": 2020,
            "quarter": 2,
            "eps": 0.23,
            "eps_growth_year": -48.55,
            "eps_4q": 0.97,
            "eps_4q_growth_year": -41.43,
            "roe": 5.51,
            "roe_4q": 25.169999999999998,
            "gross_profit": 1541000,
            "gross_margin": 59.75,
            "gross_margin_4q_avg": 58.32,
            "net_income": 552000,
            "net_income_4q": null,
            "revenue": 2579000,
            "revenue_4q": null,
            "common_shares": 1000,
            "book_valuer_per_share": 3.97,
            "book_valuer_per_share_4q_avg": 3.72,
            "equity": 10336000,
            "current_ratio": 864.92,
            "debt_ratio": 30.04,
            "inventory_turnover_ratio": 0.79,
            "account_receivable_turnover_ratio": 1.84,
            "reinvestment_rate": 15.81,
            "research_to_sale_ratio": 27.3,
            "price_fair": 34.3,
            "eps_avg_yearly": 0.98,
            "eps_latest_yearly": 0.92,
            "eps_growth_yearly": 89.01
        },
        "20203": {
            "year_quarter": 20203,
            "year": 2020,
            "quarter": 3,
            "eps": 0.37,
            "eps_growth_year": -16.92,
            "eps_4q": 0.9,
            "eps_4q_growth_year": -49.19,
            "roe": 8.34,
            "roe_4q": 21.56,
            "gross_profit": 1916000,
            "gross_margin": 63.57,
            "gross_margin_4q_avg": 59.11,
            "net_income": 899000,
            "net_income_4q": null,
            "revenue": 3014000,
            "revenue_4q": null,
            "common_shares": 1000,
            "book_valuer_per_share": 4.31,
            "book_valuer_per_share_4q_avg": 3.89,
            "equity": 11214000,
            "current_ratio": 842.03,
            "debt_ratio": 29.07,
            "inventory_turnover_ratio": 0.98,
            "account_receivable_turnover_ratio": 2,
            "reinvestment_rate": 15.17,
            "research_to_sale_ratio": 23.62,
            "price_fair": 36.58,
            "eps_avg_yearly": 1.05,
            "eps_latest_yearly": 1.48,
            "eps_growth_yearly": 60.48
        },
        "20204": {
            "year_quarter": 20204,
            "year": 2020,
            "quarter": 4,
            "eps": 0.39,
            "eps_growth_year": 173.58,
            "eps_4q": 1.14,
            "eps_4q_growth_year": -24.68,
            "roe": 8.12,
            "roe_4q": 26.11,
            "gross_profit": 2015000,
            "gross_margin": 64.9,
            "gross_margin_4q_avg": 61.65,
            "net_income": 951000,
            "net_income_4q": null,
            "revenue": 3105000,
            "revenue_4q": null,
            "common_shares": 1000,
            "book_valuer_per_share": 4.71,
            "book_valuer_per_share_4q_avg": 4.18,
            "equity": 12204000,
            "current_ratio": 767.38,
            "debt_ratio": 29.52,
            "inventory_turnover_ratio": 1.08,
            "account_receivable_turnover_ratio": 2,
            "reinvestment_rate": 16.26,
            "research_to_sale_ratio": 23.77,
            "price_fair": 39.11,
            "eps_avg_yearly": 1.12,
            "eps_latest_yearly": 1.56,
            "eps_growth_yearly": 64.1
        },
        "20211": {
            "year_quarter": 20211,
            "year": 2021,
            "quarter": 1,
            "eps": 0.37,
            "eps_growth_year": 123.92,
            "eps_4q": 1.35,
            "eps_4q_growth_year": 13.62,
            "roe": 7.25,
            "roe_4q": 29.22,
            "gross_profit": 2004000,
            "gross_margin": 65.06,
            "gross_margin_4q_avg": 63.32,
            "net_income": 917000,
            "net_income_4q": null,
            "revenue": 3080000,
            "revenue_4q": null,
            "common_shares": 1000,
            "book_valuer_per_share": 5.04,
            "book_valuer_per_share_4q_avg": 4.51,
            "equity": 13099000,
            "current_ratio": 1029.11,
            "debt_ratio": 43.67,
            "inventory_turnover_ratio": 1.02,
            "account_receivable_turnover_ratio": 1.73,
            "reinvestment_rate": 15.39,
            "research_to_sale_ratio": 23.86,
            "price_fair": 41.56,
            "eps_avg_yearly": 1.19,
            "eps_latest_yearly": 1.48,
            "eps_growth_yearly": 65.32
        },
        "20212": {
            "year_quarter": 20212,
            "year": 2021,
            "quarter": 2,
            "eps": 0.37,
            "eps_growth_year": 63.92,
            "eps_4q": 1.49,
            "eps_4q_growth_year": 53.42,
            "roe": 4.61,
            "roe_4q": 28.319999999999997,
            "gross_profit": 2275000,
            "gross_margin": 58.85,
            "gross_margin_4q_avg": 63.1,
            "net_income": 622000,
            "net_income_4q": null,
            "revenue": 3866000,
            "revenue_4q": null,
            "common_shares": 1000,
            "book_valuer_per_share": 2.78,
            "book_valuer_per_share_4q_avg": 4.21,
            "equity": 13914000,
            "current_ratio": 609.17,
            "debt_ratio": 44.74,
            "inventory_turnover_ratio": 1.26,
            "account_receivable_turnover_ratio": 1.94,
            "reinvestment_rate": 17.7,
            "research_to_sale_ratio": 25.79,
            "price_fair": 43.93,
            "eps_avg_yearly": 1.26,
            "eps_latest_yearly": 1.48,
            "eps_growth_yearly": 62.54
        },
        "20213": {
            "year_quarter": 20213,
            "year": 2021,
            "quarter": 3,
            "eps": 0.61,
            "eps_growth_year": 65.33,
            "eps_4q": 1.73,
            "eps_4q_growth_year": 92.75,
            "roe": 9.14,
            "roe_4q": 29.119999999999997,
            "gross_profit": 2960000,
            "gross_margin": 62.63,
            "gross_margin_4q_avg": 62.86,
            "net_income": 1336000,
            "net_income_4q": null,
            "revenue": 4726000,
            "revenue_4q": null,
            "common_shares": 1000,
            "book_valuer_per_share": 3.34,
            "book_valuer_per_share_4q_avg": 3.97,
            "equity": 15334000,
            "current_ratio": 392.29,
            "debt_ratio": 42.96,
            "inventory_turnover_ratio": 1.22,
            "account_receivable_turnover_ratio": 2.04,
            "reinvestment_rate": 17.05,
            "research_to_sale_ratio": 22.15,
            "price_fair": 47.43,
            "eps_avg_yearly": 1.36,
            "eps_latest_yearly": 2.44,
            "eps_growth_yearly": 51.26
        },
        "20214": {
            "year_quarter": 20214,
            "year": 2021,
            "quarter": 4,
            "eps": 0.59,
            "eps_growth_year": 52.44,
            "eps_4q": 1.94,
            "eps_4q_growth_year": 69.17,
            "roe": 9.04,
            "roe_4q": 30.04,
            "gross_profit": 3156000,
            "gross_margin": 63.08,
            "gross_margin_4q_avg": 62.41,
            "net_income": 1457000,
            "net_income_4q": null,
            "revenue": 5003000,
            "revenue_4q": null,
            "common_shares": 1000,
            "book_valuer_per_share": 4.02,
            "book_valuer_per_share_4q_avg": 3.8,
            "equity": 16893000,
            "current_ratio": 409.04,
            "debt_ratio": 41.33,
            "inventory_turnover_ratio": 1.11,
            "account_receivable_turnover_ratio": 2.01,
            "reinvestment_rate": 16.77,
            "research_to_sale_ratio": 22.91,
            "price_fair": 50.49,
            "eps_avg_yearly": 1.44,
            "eps_latest_yearly": 2.36,
            "eps_growth_yearly": 46.87
        },
        "20221": {
            "year_quarter": 20221,
            "year": 2022,
            "quarter": 1,
            "eps": 0.76,
            "eps_growth_year": 104.66,
            "eps_4q": 2.32,
            "eps_4q_growth_year": 72.2,
            "roe": 10.72,
            "roe_4q": 33.51,
            "gross_profit": 3629000,
            "gross_margin": 64.11,
            "gross_margin_4q_avg": 62.17,
            "net_income": 1912000,
            "net_income_4q": null,
            "revenue": 5661000,
            "revenue_4q": null,
            "common_shares": 1000,
            "book_valuer_per_share": 4.8,
            "book_valuer_per_share_4q_avg": 3.74,
            "equity": 18774000,
            "current_ratio": 452.72,
            "debt_ratio": 39.04,
            "inventory_turnover_ratio": 1.06,
            "account_receivable_turnover_ratio": 2.08,
            "reinvestment_rate": 15.88,
            "research_to_sale_ratio": 20.37,
            "price_fair": 55.39,
            "eps_avg_yearly": 1.58,
            "eps_latest_yearly": 3.04,
            "eps_growth_yearly": 58.24
        },
        "20222": {
            "year_quarter": 20222,
            "year": 2022,
            "quarter": 2,
            "eps": 0.94,
            "eps_growth_year": 152.84,
            "eps_4q": 2.89,
            "eps_4q_growth_year": 93.49,
            "roe": 11.89,
            "roe_4q": 40.79,
            "gross_profit": 4215000,
            "gross_margin": 64.78,
            "gross_margin_4q_avg": 63.65,
            "net_income": 2374000,
            "net_income_4q": null,
            "revenue": 6507000,
            "revenue_4q": null,
            "common_shares": 3000,
            "book_valuer_per_share": 5.8,
            "book_valuer_per_share_4q_avg": 4.49,
            "equity": 21147000,
            "current_ratio": 580.17,
            "debt_ratio": 45.29,
            "inventory_turnover_ratio": 1.12,
            "account_receivable_turnover_ratio": 1.97,
            "reinvestment_rate": 15.08,
            "research_to_sale_ratio": 19.13,
            "price_fair": 61.6,
            "eps_avg_yearly": 1.76,
            "eps_latest_yearly": 3.76,
            "eps_growth_yearly": 60.41
        },
        "20223": {
            "year_quarter": 20223,
            "year": 2022,
            "quarter": 3,
            "eps": 0.97,
            "eps_growth_year": 60.29,
            "eps_4q": 3.26,
            "eps_4q_growth_year": 87.84,
            "roe": 10.96,
            "roe_4q": 42.61,
            "gross_profit": 4631000,
            "gross_margin": 65.2,
            "gross_margin_4q_avg": 64.29,
            "net_income": 2464000,
            "net_income_4q": null,
            "revenue": 7103000,
            "revenue_4q": null,
            "common_shares": 3000,
            "book_valuer_per_share": 6.81,
            "book_valuer_per_share_4q_avg": 5.36,
            "equity": 23798000,
            "current_ratio": 714.45,
            "debt_ratio": 41.43,
            "inventory_turnover_ratio": 1.14,
            "account_receivable_turnover_ratio": 1.88,
            "reinvestment_rate": 14.22,
            "research_to_sale_ratio": 19.75,
            "price_fair": 67.2,
            "eps_avg_yearly": 1.92,
            "eps_latest_yearly": 3.88,
            "eps_growth_yearly": 50.34
        },
        "20224": {
            "year_quarter": 20224,
            "year": 2022,
            "quarter": 4,
            "eps": 1.18,
            "eps_growth_year": 100.28,
            "eps_4q": 3.85,
            "eps_4q_growth_year": 98.69,
            "roe": 11.91,
            "roe_4q": 45.480000000000004,
            "gross_profit": 4999000,
            "gross_margin": 65.41,
            "gross_margin_4q_avg": 64.88,
            "net_income": 3003000,
            "net_income_4q": null,
            "revenue": 7643000,
            "revenue_4q": null,
            "common_shares": 3000,
            "book_valuer_per_share": 7.95,
            "book_valuer_per_share_4q_avg": 6.34,
            "equity": 26612000,
            "current_ratio": 665.03,
            "debt_ratio": 39.77,
            "inventory_turnover_ratio": 1.09,
            "account_receivable_turnover_ratio": 1.78,
            "reinvestment_rate": 13.59,
            "research_to_sale_ratio": 19.18,
            "price_fair": 74.11,
            "eps_avg_yearly": 2.12,
            "eps_latest_yearly": 4.72,
            "eps_growth_yearly": 51.2
        },
        "20231": {
            "year_quarter": 20231,
            "year": 2023,
            "quarter": 1,
            "eps": 1.17,
            "eps_growth_year": 54.44,
            "eps_4q": 4.26,
            "eps_4q_growth_year": 83.31,
            "roe": 6.11,
            "roe_4q": 40.870000000000005,
            "gross_profit": 5431000,
            "gross_margin": 65.53,
            "gross_margin_4q_avg": 65.23,
            "net_income": 1618000,
            "net_income_4q": null,
            "revenue": 8288000,
            "revenue_4q": null,
            "common_shares": 3000,
            "book_valuer_per_share": 7.88,
            "book_valuer_per_share_4q_avg": 7.11,
            "equity": 26320000,
            "current_ratio": 531.73,
            "debt_ratio": 41.79,
            "inventory_turnover_ratio": 0.99,
            "account_receivable_turnover_ratio": 1.64,
            "reinvestment_rate": 13.77,
            "research_to_sale_ratio": 19.52,
            "price_fair": 79.98,
            "eps_avg_yearly": 2.29,
            "eps_latest_yearly": 4.68,
            "eps_growth_yearly": 43.94
        },
        "20232": {
            "year_quarter": 20232,
            "year": 2023,
            "quarter": 2,
            "eps": 0.31,
            "eps_growth_year": -67.42,
            "eps_4q": 3.63,
            "eps_4q_growth_year": 25.44,
            "roe": 2.62,
            "roe_4q": 31.6,
            "gross_profit": 2915000,
            "gross_margin": 43.48,
            "gross_margin_4q_avg": 59.91,
            "net_income": 656000,
            "net_income_4q": null,
            "revenue": 6704000,
            "revenue_4q": null,
            "common_shares": 2000,
            "book_valuer_per_share": 7.01,
            "book_valuer_per_share_4q_avg": 7.41,
            "equity": 23851000,
            "current_ratio": 362.05,
            "debt_ratio": 45.14,
            "inventory_turnover_ratio": 1.07,
            "account_receivable_turnover_ratio": 1.25,
            "reinvestment_rate": 15.06,
            "research_to_sale_ratio": 27.21,
            "price_fair": 78.84,
            "eps_avg_yearly": 2.25,
            "eps_latest_yearly": 1.24,
            "eps_growth_yearly": 28.57
        },
        "20233": {
            "year_quarter": 20233,
            "year": 2023,
            "quarter": 3,
            "eps": 0.32,
            "eps_growth_year": -66.88,
            "eps_4q": 2.98,
            "eps_4q_growth_year": -8.56,
            "roe": 3.01,
            "roe_4q": 23.65,
            "gross_profit": 3177000,
            "gross_margin": 53.57,
            "gross_margin_4q_avg": 57,
            "net_income": 680000,
            "net_income_4q": null,
            "revenue": 5931000,
            "revenue_4q": null,
            "common_shares": 2000,
            "book_valuer_per_share": 6.13,
            "book_valuer_per_share_4q_avg": 7.24,
            "equity": 21349000,
            "current_ratio": 338.77,
            "debt_ratio": 47.27,
            "inventory_turnover_ratio": 0.66,
            "account_receivable_turnover_ratio": 1.16,
            "reinvestment_rate": 17.9,
            "research_to_sale_ratio": 32.79,
            "price_fair": 77.79,
            "eps_avg_yearly": 2.22,
            "eps_latest_yearly": 1.28,
            "eps_growth_yearly": 29.37
        },
        "20234": {
            "year_quarter": 20234,
            "year": 2023,
            "quarter": 4,
            "eps": 0.63,
            "eps_growth_year": -46.55,
            "eps_4q": 2.43,
            "eps_4q_growth_year": -36.88,
            "roe": 6.51,
            "roe_4q": 18.25,
            "gross_profit": 3833000,
            "gross_margin": 63.34,
            "gross_margin_4q_avg": 56.48,
            "net_income": 1414000,
            "net_income_4q": null,
            "revenue": 6051000,
            "revenue_4q": null,
            "common_shares": 2000,
            "book_valuer_per_share": 6.51,
            "book_valuer_per_share_4q_avg": 6.88,
            "equity": 22101000,
            "current_ratio": 351.56,
            "debt_ratio": 46.33,
            "inventory_turnover_ratio": 0.46,
            "account_receivable_turnover_ratio": 1.39,
            "reinvestment_rate": 14.75,
            "research_to_sale_ratio": 32.26,
            "price_fair": 82.08,
            "eps_avg_yearly": 2.35,
            "eps_latest_yearly": 2.52,
            "eps_growth_yearly": 70.64
        },
        "20241": {
            "year_quarter": 20241,
            "year": 2024,
            "quarter": 1,
            "eps": 0.89,
            "eps_growth_year": -24.19,
            "eps_4q": 2.15,
            "eps_4q_growth_year": -49.64,
            "roe": 8.76,
            "roe_4q": 20.900000000000002,
            "gross_profit": 4648000,
            "gross_margin": 64.63,
            "gross_margin_4q_avg": 56.26,
            "net_income": 2043000,
            "net_income_4q": null,
            "revenue": 7192000,
            "revenue_4q": null,
            "common_shares": 2000,
            "book_valuer_per_share": 7.5,
            "book_valuer_per_share_4q_avg": 6.79,
            "equity": 24520000,
            "current_ratio": 342.74,
            "debt_ratio": 44.85,
            "inventory_turnover_ratio": 0.52,
            "account_receivable_turnover_ratio": 1.82,
            "reinvestment_rate": 14.5,
            "research_to_sale_ratio": 26.07,
            "price_fair": 88.38,
            "eps_avg_yearly": 2.53,
            "eps_latest_yearly": 3.56,
            "eps_growth_yearly": 75.6
        },
        "20242": {
            "year_quarter": 20242,
            "year": 2024,
            "quarter": 2,
            "eps": 2.53,
            "eps_growth_year": 725.49,
            "eps_4q": 4.37,
            "eps_4q_growth_year": 20.33,
            "roe": 23.79,
            "roe_4q": 42.06999999999999,
            "gross_profit": 9462000,
            "gross_margin": 70.05,
            "gross_margin_4q_avg": 62.9,
            "net_income": 6188000,
            "net_income_4q": null,
            "revenue": 13507000,
            "revenue_4q": null,
            "common_shares": 2000,
            "book_valuer_per_share": 8.78,
            "book_valuer_per_share_4q_avg": 7.23,
            "equity": 27501000,
            "current_ratio": 278.66,
            "debt_ratio": 44.5,
            "inventory_turnover_ratio": 0.91,
            "account_receivable_turnover_ratio": 2.42,
            "reinvestment_rate": 13.28,
            "research_to_sale_ratio": 15.1,
            "price_fair": 108.5,
            "eps_avg_yearly": 3.1,
            "eps_latest_yearly": 10.12,
            "eps_growth_yearly": 112.84
        },
        "20243": {
            "year_quarter": 20243,
            "year": 2024,
            "quarter": 3,
            "eps": 3.76,
            "eps_growth_year": 1070.28,
            "eps_4q": 7.81,
            "eps_4q_growth_year": 162.08,
            "roe": 30.42,
            "roe_4q": 69.48,
            "gross_profit": 13400000,
            "gross_margin": 73.95,
            "gross_margin_4q_avg": 67.99,
            "net_income": 9243000,
            "net_income_4q": null,
            "revenue": 18120000,
            "revenue_4q": null,
            "common_shares": 2000,
            "book_valuer_per_share": 11.19,
            "book_valuer_per_share_4q_avg": 8.5,
            "equity": 33265000,
            "current_ratio": 358.84,
            "debt_ratio": 38.57,
            "inventory_turnover_ratio": 1.04,
            "account_receivable_turnover_ratio": 2.36,
            "reinvestment_rate": 10.96,
            "research_to_sale_ratio": 12.66,
            "price_fair": 138.16,
            "eps_avg_yearly": 3.95,
            "eps_latest_yearly": 15.04,
            "eps_growth_yearly": 109.78
        },
        "20244": {
            "year_quarter": 20244,
            "year": 2024,
            "quarter": 4,
            "eps": 4.98,
            "eps_growth_year": 688.52,
            "eps_4q": 12.15,
            "eps_4q_growth_year": 400.18,
            "roe": 32.23,
            "roe_4q": 95.2,
            "gross_profit": 16791000,
            "gross_margin": 75.97,
            "gross_margin_4q_avg": 71.15,
            "net_income": 12285000,
            "net_income_4q": null,
            "revenue": 22103000,
            "revenue_4q": null,
            "common_shares": 2000,
            "book_valuer_per_share": 15.19,
            "book_valuer_per_share_4q_avg": 10.67,
            "equity": 42978000,
            "current_ratio": 417.13,
            "debt_ratio": 34.61,
            "inventory_turnover_ratio": 1.06,
            "account_receivable_turnover_ratio": 2.41,
            "reinvestment_rate": 9.33,
            "research_to_sale_ratio": 11.15,
            "price_fair": 178.33,
            "eps_avg_yearly": 5.1,
            "eps_latest_yearly": 19.92,
            "eps_growth_yearly": 116.54
        }
    },
    "months": {
        "2001-01": {
            "month": "2001-01",
            "price": "1.94",
            "revenue": 0
        },
        "2001-02": {
            "month": "2001-02",
            "price": "2.08",
            "revenue": 0
        },
        "2001-03": {
            "month": "2001-03",
            "price": "2.42",
            "revenue": 0
        },
        "2001-04": {
            "month": "2001-04",
            "price": "3.00",
            "revenue": 0
        },
        "2001-05": {
            "month": "2001-05",
            "price": "3.64",
            "revenue": 0
        },
        "2001-06": {
            "month": "2001-06",
            "price": "3.86",
            "revenue": 0
        },
        "2001-07": {
            "month": "2001-07",
            "price": "3.28",
            "revenue": 0
        },
        "2001-08": {
            "month": "2001-08",
            "price": "3.58",
            "revenue": 0
        },
        "2001-09": {
            "month": "2001-09",
            "price": "2.72",
            "revenue": 0
        },
        "2001-10": {
            "month": "2001-10",
            "price": "3.24",
            "revenue": 0
        },
        "2001-11": {
            "month": "2001-11",
            "price": "4.28",
            "revenue": 0
        },
        "2001-12": {
            "month": "2001-12",
            "price": "5.32",
            "revenue": 0
        },
        "2002-01": {
            "month": "2002-01",
            "price": "5.47",
            "revenue": 0
        },
        "2002-02": {
            "month": "2002-02",
            "price": "4.80",
            "revenue": 0
        },
        "2002-03": {
            "month": "2002-03",
            "price": "4.36",
            "revenue": 0
        },
        "2002-04": {
            "month": "2002-04",
            "price": "3.20",
            "revenue": 0
        },
        "2002-05": {
            "month": "2002-05",
            "price": "2.94",
            "revenue": 0
        },
        "2002-06": {
            "month": "2002-06",
            "price": "2.22",
            "revenue": 0
        },
        "2002-07": {
            "month": "2002-07",
            "price": "1.47",
            "revenue": 0
        },
        "2002-08": {
            "month": "2002-08",
            "price": "0.86",
            "revenue": 0
        },
        "2002-09": {
            "month": "2002-09",
            "price": "0.79",
            "revenue": 0
        },
        "2002-10": {
            "month": "2002-10",
            "price": "0.79",
            "revenue": 0
        },
        "2002-11": {
            "month": "2002-11",
            "price": "1.20",
            "revenue": 0
        },
        "2002-12": {
            "month": "2002-12",
            "price": "1.12",
            "revenue": 0
        },
        "2003-01": {
            "month": "2003-01",
            "price": "0.95",
            "revenue": 0
        },
        "2003-02": {
            "month": "2003-02",
            "price": "0.95",
            "revenue": 0
        },
        "2003-03": {
            "month": "2003-03",
            "price": "1.11",
            "revenue": 0
        },
        "2003-04": {
            "month": "2003-04",
            "price": "1.14",
            "revenue": 0
        },
        "2003-05": {
            "month": "2003-05",
            "price": "1.66",
            "revenue": 0
        },
        "2003-06": {
            "month": "2003-06",
            "price": "2.03",
            "revenue": 0
        },
        "2003-07": {
            "month": "2003-07",
            "price": "1.86",
            "revenue": 0
        },
        "2003-08": {
            "month": "2003-08",
            "price": "1.49",
            "revenue": 0
        },
        "2003-09": {
            "month": "2003-09",
            "price": "1.55",
            "revenue": 0
        },
        "2003-10": {
            "month": "2003-10",
            "price": "1.42",
            "revenue": 0
        },
        "2003-11": {
            "month": "2003-11",
            "price": "1.68",
            "revenue": 0
        },
        "2003-12": {
            "month": "2003-12",
            "price": "1.78",
            "revenue": 0
        },
        "2004-01": {
            "month": "2004-01",
            "price": "2.00",
            "revenue": 0
        },
        "2004-02": {
            "month": "2004-02",
            "price": "1.92",
            "revenue": 0
        },
        "2004-03": {
            "month": "2004-03",
            "price": "1.88",
            "revenue": 0
        },
        "2004-04": {
            "month": "2004-04",
            "price": "2.01",
            "revenue": 0
        },
        "2004-05": {
            "month": "2004-05",
            "price": "1.80",
            "revenue": 0
        },
        "2004-06": {
            "month": "2004-06",
            "price": "1.74",
            "revenue": 0
        },
        "2004-07": {
            "month": "2004-07",
            "price": "1.34",
            "revenue": 0
        },
        "2004-08": {
            "month": "2004-08",
            "price": "1.01",
            "revenue": 0
        },
        "2004-09": {
            "month": "2004-09",
            "price": "1.16",
            "revenue": 0
        },
        "2004-10": {
            "month": "2004-10",
            "price": "1.20",
            "revenue": 0
        },
        "2004-11": {
            "month": "2004-11",
            "price": "1.50",
            "revenue": 0
        },
        "2004-12": {
            "month": "2004-12",
            "price": "1.88",
            "revenue": 0
        },
        "2005-01": {
            "month": "2005-01",
            "price": "1.83",
            "revenue": 0
        },
        "2005-02": {
            "month": "2005-02",
            "price": "2.19",
            "revenue": 0
        },
        "2005-03": {
            "month": "2005-03",
            "price": "2.14",
            "revenue": 0
        },
        "2005-04": {
            "month": "2005-04",
            "price": "1.87",
            "revenue": 0
        },
        "2005-05": {
            "month": "2005-05",
            "price": "2.07",
            "revenue": 0
        },
        "2005-06": {
            "month": "2005-06",
            "price": "2.29",
            "revenue": 0
        },
        "2005-07": {
            "month": "2005-07",
            "price": "2.26",
            "revenue": 0
        },
        "2005-08": {
            "month": "2005-08",
            "price": "2.42",
            "revenue": 0
        },
        "2005-09": {
            "month": "2005-09",
            "price": "2.71",
            "revenue": 0
        },
        "2005-10": {
            "month": "2005-10",
            "price": "2.72",
            "revenue": 0
        },
        "2005-11": {
            "month": "2005-11",
            "price": "2.95",
            "revenue": 0
        },
        "2005-12": {
            "month": "2005-12",
            "price": "3.06",
            "revenue": 0
        },
        "2006-01": {
            "month": "2006-01",
            "price": "3.58",
            "revenue": 0
        },
        "2006-02": {
            "month": "2006-02",
            "price": "3.78",
            "revenue": 0
        },
        "2006-03": {
            "month": "2006-03",
            "price": "4.21",
            "revenue": 0
        },
        "2006-04": {
            "month": "2006-04",
            "price": "4.91",
            "revenue": 0
        },
        "2006-05": {
            "month": "2006-05",
            "price": "4.49",
            "revenue": 0
        },
        "2006-06": {
            "month": "2006-06",
            "price": "3.55",
            "revenue": 0
        },
        "2006-07": {
            "month": "2006-07",
            "price": "3.26",
            "revenue": 0
        },
        "2006-08": {
            "month": "2006-08",
            "price": "4.27",
            "revenue": 0
        },
        "2006-09": {
            "month": "2006-09",
            "price": "4.88",
            "revenue": 0
        },
        "2006-10": {
            "month": "2006-10",
            "price": "5.34",
            "revenue": 0
        },
        "2006-11": {
            "month": "2006-11",
            "price": "5.88",
            "revenue": 0
        },
        "2006-12": {
            "month": "2006-12",
            "price": "6.15",
            "revenue": 0
        },
        "2007-01": {
            "month": "2007-01",
            "price": "5.52",
            "revenue": 0
        },
        "2007-02": {
            "month": "2007-02",
            "price": "5.47",
            "revenue": 0
        },
        "2007-03": {
            "month": "2007-03",
            "price": "4.93",
            "revenue": 0
        },
        "2007-04": {
            "month": "2007-04",
            "price": "5.16",
            "revenue": 0
        },
        "2007-05": {
            "month": "2007-05",
            "price": "5.67",
            "revenue": 0
        },
        "2007-06": {
            "month": "2007-06",
            "price": "6.48",
            "revenue": 0
        },
        "2007-07": {
            "month": "2007-07",
            "price": "7.50",
            "revenue": 0
        },
        "2007-08": {
            "month": "2007-08",
            "price": "7.65",
            "revenue": 0
        },
        "2007-09": {
            "month": "2007-09",
            "price": "8.65",
            "revenue": 0
        },
        "2007-10": {
            "month": "2007-10",
            "price": "9.19",
            "revenue": 0
        },
        "2007-11": {
            "month": "2007-11",
            "price": "8.18",
            "revenue": 0
        },
        "2007-12": {
            "month": "2007-12",
            "price": "8.59",
            "revenue": 0
        },
        "2008-01": {
            "month": "2008-01",
            "price": "6.67",
            "revenue": 0
        },
        "2008-02": {
            "month": "2008-02",
            "price": "5.91",
            "revenue": 0
        },
        "2008-03": {
            "month": "2008-03",
            "price": "4.86",
            "revenue": 0
        },
        "2008-04": {
            "month": "2008-04",
            "price": "4.88",
            "revenue": 0
        },
        "2008-05": {
            "month": "2008-05",
            "price": "5.72",
            "revenue": 0
        },
        "2008-06": {
            "month": "2008-06",
            "price": "5.35",
            "revenue": 0
        },
        "2008-07": {
            "month": "2008-07",
            "price": "3.05",
            "revenue": 0
        },
        "2008-08": {
            "month": "2008-08",
            "price": "3.10",
            "revenue": 0
        },
        "2008-09": {
            "month": "2008-09",
            "price": "2.72",
            "revenue": 0
        },
        "2008-10": {
            "month": "2008-10",
            "price": "1.95",
            "revenue": 0
        },
        "2008-11": {
            "month": "2008-11",
            "price": "1.87",
            "revenue": 0
        },
        "2008-12": {
            "month": "2008-12",
            "price": "1.99",
            "revenue": 0
        },
        "2009-01": {
            "month": "2009-01",
            "price": "2.01",
            "revenue": 0
        },
        "2009-02": {
            "month": "2009-02",
            "price": "2.10",
            "revenue": 0
        },
        "2009-03": {
            "month": "2009-03",
            "price": "2.35",
            "revenue": 0
        },
        "2009-04": {
            "month": "2009-04",
            "price": "2.81",
            "revenue": 0
        },
        "2009-05": {
            "month": "2009-05",
            "price": "2.51",
            "revenue": 0
        },
        "2009-06": {
            "month": "2009-06",
            "price": "2.78",
            "revenue": 0
        },
        "2009-07": {
            "month": "2009-07",
            "price": "2.92",
            "revenue": 0
        },
        "2009-08": {
            "month": "2009-08",
            "price": "3.39",
            "revenue": 0
        },
        "2009-09": {
            "month": "2009-09",
            "price": "3.81",
            "revenue": 0
        },
        "2009-10": {
            "month": "2009-10",
            "price": "3.36",
            "revenue": 0
        },
        "2009-11": {
            "month": "2009-11",
            "price": "3.25",
            "revenue": 0
        },
        "2009-12": {
            "month": "2009-12",
            "price": "4.08",
            "revenue": 0
        },
        "2010-01": {
            "month": "2010-01",
            "price": "4.36",
            "revenue": 0
        },
        "2010-02": {
            "month": "2010-02",
            "price": "4.16",
            "revenue": 0
        },
        "2010-03": {
            "month": "2010-03",
            "price": "4.33",
            "revenue": 0
        },
        "2010-04": {
            "month": "2010-04",
            "price": "4.23",
            "revenue": 0
        },
        "2010-05": {
            "month": "2010-05",
            "price": "3.40",
            "revenue": 0
        },
        "2010-06": {
            "month": "2010-06",
            "price": "2.90",
            "revenue": 0
        },
        "2010-07": {
            "month": "2010-07",
            "price": "2.59",
            "revenue": 0
        },
        "2010-08": {
            "month": "2010-08",
            "price": "2.37",
            "revenue": 0
        },
        "2010-09": {
            "month": "2010-09",
            "price": "2.70",
            "revenue": 0
        },
        "2010-10": {
            "month": "2010-10",
            "price": "2.84",
            "revenue": 0
        },
        "2010-11": {
            "month": "2010-11",
            "price": "3.25",
            "revenue": 0
        },
        "2010-12": {
            "month": "2010-12",
            "price": "3.69",
            "revenue": 0
        },
        "2011-01": {
            "month": "2011-01",
            "price": "5.43",
            "revenue": 0
        },
        "2011-02": {
            "month": "2011-02",
            "price": "5.96",
            "revenue": 0
        },
        "2011-03": {
            "month": "2011-03",
            "price": "4.72",
            "revenue": 0
        },
        "2011-04": {
            "month": "2011-04",
            "price": "4.58",
            "revenue": 0
        },
        "2011-05": {
            "month": "2011-05",
            "price": "4.71",
            "revenue": 0
        },
        "2011-06": {
            "month": "2011-06",
            "price": "4.20",
            "revenue": 0
        },
        "2011-07": {
            "month": "2011-07",
            "price": "3.67",
            "revenue": 0
        },
        "2011-08": {
            "month": "2011-08",
            "price": "3.27",
            "revenue": 0
        },
        "2011-09": {
            "month": "2011-09",
            "price": "3.51",
            "revenue": 0
        },
        "2011-10": {
            "month": "2011-10",
            "price": "3.64",
            "revenue": 0
        },
        "2011-11": {
            "month": "2011-11",
            "price": "3.65",
            "revenue": 0
        },
        "2011-12": {
            "month": "2011-12",
            "price": "3.58",
            "revenue": 0
        },
        "2012-01": {
            "month": "2012-01",
            "price": "3.60",
            "revenue": 0
        },
        "2012-02": {
            "month": "2012-02",
            "price": "3.96",
            "revenue": 0
        },
        "2012-03": {
            "month": "2012-03",
            "price": "3.70",
            "revenue": 0
        },
        "2012-04": {
            "month": "2012-04",
            "price": "3.48",
            "revenue": 0
        },
        "2012-05": {
            "month": "2012-05",
            "price": "3.14",
            "revenue": 0
        },
        "2012-06": {
            "month": "2012-06",
            "price": "3.14",
            "revenue": 0
        },
        "2012-07": {
            "month": "2012-07",
            "price": "3.27",
            "revenue": 0
        },
        "2012-08": {
            "month": "2012-08",
            "price": "3.58",
            "revenue": 0
        },
        "2012-09": {
            "month": "2012-09",
            "price": "3.37",
            "revenue": 0
        },
        "2012-10": {
            "month": "2012-10",
            "price": "3.18",
            "revenue": 0
        },
        "2012-11": {
            "month": "2012-11",
            "price": "3.03",
            "revenue": 0
        },
        "2012-12": {
            "month": "2012-12",
            "price": "3.08",
            "revenue": 0
        },
        "2013-01": {
            "month": "2013-01",
            "price": "3.09",
            "revenue": 0
        },
        "2013-02": {
            "month": "2013-02",
            "price": "3.11",
            "revenue": 0
        },
        "2013-03": {
            "month": "2013-03",
            "price": "3.16",
            "revenue": 0
        },
        "2013-04": {
            "month": "2013-04",
            "price": "3.20",
            "revenue": 0
        },
        "2013-05": {
            "month": "2013-05",
            "price": "3.58",
            "revenue": 0
        },
        "2013-06": {
            "month": "2013-06",
            "price": "3.58",
            "revenue": 0
        },
        "2013-07": {
            "month": "2013-07",
            "price": "3.59",
            "revenue": 0
        },
        "2013-08": {
            "month": "2013-08",
            "price": "3.70",
            "revenue": 0
        },
        "2013-09": {
            "month": "2013-09",
            "price": "3.88",
            "revenue": 0
        },
        "2013-10": {
            "month": "2013-10",
            "price": "3.86",
            "revenue": 0
        },
        "2013-11": {
            "month": "2013-11",
            "price": "3.87",
            "revenue": 0
        },
        "2013-12": {
            "month": "2013-12",
            "price": "3.89",
            "revenue": 0
        },
        "2014-01": {
            "month": "2014-01",
            "price": "3.95",
            "revenue": 0
        },
        "2014-02": {
            "month": "2014-02",
            "price": "4.33",
            "revenue": 0
        },
        "2014-03": {
            "month": "2014-03",
            "price": "4.56",
            "revenue": 0
        },
        "2014-04": {
            "month": "2014-04",
            "price": "4.65",
            "revenue": 0
        },
        "2014-05": {
            "month": "2014-05",
            "price": "4.61",
            "revenue": 0
        },
        "2014-06": {
            "month": "2014-06",
            "price": "4.75",
            "revenue": 0
        },
        "2014-07": {
            "month": "2014-07",
            "price": "4.64",
            "revenue": 0
        },
        "2014-08": {
            "month": "2014-08",
            "price": "4.70",
            "revenue": 0
        },
        "2014-09": {
            "month": "2014-09",
            "price": "4.80",
            "revenue": 0
        },
        "2014-10": {
            "month": "2014-10",
            "price": "4.51",
            "revenue": 0
        },
        "2014-11": {
            "month": "2014-11",
            "price": "5.03",
            "revenue": 0
        },
        "2014-12": {
            "month": "2014-12",
            "price": "5.11",
            "revenue": 0
        },
        "2015-01": {
            "month": "2015-01",
            "price": "4.96",
            "revenue": 0
        },
        "2015-02": {
            "month": "2015-02",
            "price": "5.36",
            "revenue": 0
        },
        "2015-03": {
            "month": "2015-03",
            "price": "5.60",
            "revenue": 0
        },
        "2015-04": {
            "month": "2015-04",
            "price": "5.53",
            "revenue": 0
        },
        "2015-05": {
            "month": "2015-05",
            "price": "5.37",
            "revenue": 0
        },
        "2015-06": {
            "month": "2015-06",
            "price": "5.37",
            "revenue": 0
        },
        "2015-07": {
            "month": "2015-07",
            "price": "4.96",
            "revenue": 0
        },
        "2015-08": {
            "month": "2015-08",
            "price": "5.56",
            "revenue": 0
        },
        "2015-09": {
            "month": "2015-09",
            "price": "5.73",
            "revenue": 0
        },
        "2015-10": {
            "month": "2015-10",
            "price": "6.77",
            "revenue": 0
        },
        "2015-11": {
            "month": "2015-11",
            "price": "7.60",
            "revenue": 0
        },
        "2015-12": {
            "month": "2015-12",
            "price": "8.24",
            "revenue": 0
        },
        "2016-01": {
            "month": "2016-01",
            "price": "7.31",
            "revenue": 0
        },
        "2016-02": {
            "month": "2016-02",
            "price": "7.15",
            "revenue": 0
        },
        "2016-03": {
            "month": "2016-03",
            "price": "8.33",
            "revenue": 0
        },
        "2016-04": {
            "month": "2016-04",
            "price": "9.06",
            "revenue": 0
        },
        "2016-05": {
            "month": "2016-05",
            "price": "10.11",
            "revenue": 0
        },
        "2016-06": {
            "month": "2016-06",
            "price": "11.69",
            "revenue": 0
        },
        "2016-07": {
            "month": "2016-07",
            "price": "13.19",
            "revenue": 0
        },
        "2016-08": {
            "month": "2016-08",
            "price": "15.11",
            "revenue": 0
        },
        "2016-09": {
            "month": "2016-09",
            "price": "15.89",
            "revenue": 0
        },
        "2016-10": {
            "month": "2016-10",
            "price": "17.04",
            "revenue": 0
        },
        "2016-11": {
            "month": "2016-11",
            "price": "20.75",
            "revenue": 0
        },
        "2016-12": {
            "month": "2016-12",
            "price": "24.91",
            "revenue": 0
        },
        "2017-01": {
            "month": "2017-01",
            "price": "26.39",
            "revenue": 0
        },
        "2017-02": {
            "month": "2017-02",
            "price": "27.62",
            "revenue": 0
        },
        "2017-03": {
            "month": "2017-03",
            "price": "25.96",
            "revenue": 0
        },
        "2017-04": {
            "month": "2017-04",
            "price": "25.29",
            "revenue": 0
        },
        "2017-05": {
            "month": "2017-05",
            "price": "31.31",
            "revenue": 0
        },
        "2017-06": {
            "month": "2017-06",
            "price": "37.81",
            "revenue": 0
        },
        "2017-07": {
            "month": "2017-07",
            "price": "39.86",
            "revenue": 0
        },
        "2017-08": {
            "month": "2017-08",
            "price": "41.34",
            "revenue": 0
        },
        "2017-09": {
            "month": "2017-09",
            "price": "43.56",
            "revenue": 0
        },
        "2017-10": {
            "month": "2017-10",
            "price": "48.15",
            "revenue": 0
        },
        "2017-11": {
            "month": "2017-11",
            "price": "52.59",
            "revenue": 0
        },
        "2017-12": {
            "month": "2017-12",
            "price": "48.28",
            "revenue": 0
        },
        "2018-01": {
            "month": "2018-01",
            "price": "56.88",
            "revenue": 0
        },
        "2018-02": {
            "month": "2018-02",
            "price": "59.18",
            "revenue": 0
        },
        "2018-03": {
            "month": "2018-03",
            "price": "60.21",
            "revenue": 0
        },
        "2018-04": {
            "month": "2018-04",
            "price": "56.49",
            "revenue": 0
        },
        "2018-05": {
            "month": "2018-05",
            "price": "61.60",
            "revenue": 0
        },
        "2018-06": {
            "month": "2018-06",
            "price": "64.12",
            "revenue": 0
        },
        "2018-07": {
            "month": "2018-07",
            "price": "62.17",
            "revenue": 0
        },
        "2018-08": {
            "month": "2018-08",
            "price": "65.21",
            "revenue": 0
        },
        "2018-09": {
            "month": "2018-09",
            "price": "67.98",
            "revenue": 0
        },
        "2018-10": {
            "month": "2018-10",
            "price": "60.01",
            "revenue": 0
        },
        "2018-11": {
            "month": "2018-11",
            "price": "45.30",
            "revenue": 0
        },
        "2018-12": {
            "month": "2018-12",
            "price": "35.92",
            "revenue": 0
        },
        "2019-01": {
            "month": "2019-01",
            "price": "36.25",
            "revenue": 0
        },
        "2019-02": {
            "month": "2019-02",
            "price": "38.30",
            "revenue": 0
        },
        "2019-03": {
            "month": "2019-03",
            "price": "41.83",
            "revenue": 0
        },
        "2019-04": {
            "month": "2019-04",
            "price": "46.79",
            "revenue": 0
        },
        "2019-05": {
            "month": "2019-05",
            "price": "39.99",
            "revenue": 0
        },
        "2019-06": {
            "month": "2019-06",
            "price": "37.42",
            "revenue": 0
        },
        "2019-07": {
            "month": "2019-07",
            "price": "42.00",
            "revenue": 0
        },
        "2019-08": {
            "month": "2019-08",
            "price": "40.09",
            "revenue": 0
        },
        "2019-09": {
            "month": "2019-09",
            "price": "44.32",
            "revenue": 0
        },
        "2019-10": {
            "month": "2019-10",
            "price": "47.67",
            "revenue": 0
        },
        "2019-11": {
            "month": "2019-11",
            "price": "52.66",
            "revenue": 0
        },
        "2019-12": {
            "month": "2019-12",
            "price": "56.16",
            "revenue": 0
        },
        "2020-01": {
            "month": "2020-01",
            "price": "61.20",
            "revenue": 0
        },
        "2020-02": {
            "month": "2020-02",
            "price": "67.73",
            "revenue": 0
        },
        "2020-03": {
            "month": "2020-03",
            "price": "60.89",
            "revenue": 0
        },
        "2020-04": {
            "month": "2020-04",
            "price": "69.25",
            "revenue": 0
        },
        "2020-05": {
            "month": "2020-05",
            "price": "81.84",
            "revenue": 0
        },
        "2020-06": {
            "month": "2020-06",
            "price": "91.16",
            "revenue": 0
        },
        "2020-07": {
            "month": "2020-07",
            "price": "102.27",
            "revenue": 0
        },
        "2020-08": {
            "month": "2020-08",
            "price": "119.75",
            "revenue": 0
        },
        "2020-09": {
            "month": "2020-09",
            "price": "127.73",
            "revenue": 0
        },
        "2020-10": {
            "month": "2020-10",
            "price": "135.60",
            "revenue": 0
        },
        "2020-11": {
            "month": "2020-11",
            "price": "133.79",
            "revenue": 0
        },
        "2020-12": {
            "month": "2020-12",
            "price": "132.25",
            "revenue": 0
        },
        "2021-01": {
            "month": "2021-01",
            "price": "132.88",
            "revenue": 0
        },
        "2021-02": {
            "month": "2021-02",
            "price": "142.77",
            "revenue": 0
        },
        "2021-03": {
            "month": "2021-03",
            "price": "128.76",
            "revenue": 0
        },
        "2021-04": {
            "month": "2021-04",
            "price": "150.10",
            "revenue": 0
        },
        "2021-05": {
            "month": "2021-05",
            "price": "146.88",
            "revenue": 0
        },
        "2021-06": {
            "month": "2021-06",
            "price": "182.19",
            "revenue": 0
        },
        "2021-07": {
            "month": "2021-07",
            "price": "196.46",
            "revenue": 0
        },
        "2021-08": {
            "month": "2021-08",
            "price": "207.12",
            "revenue": 0
        },
        "2021-09": {
            "month": "2021-09",
            "price": "219.37",
            "revenue": 0
        },
        "2021-10": {
            "month": "2021-10",
            "price": "221.10",
            "revenue": 0
        },
        "2021-11": {
            "month": "2021-11",
            "price": "303.89",
            "revenue": 0
        },
        "2021-12": {
            "month": "2021-12",
            "price": "299.31",
            "revenue": 0
        },
        "2022-01": {
            "month": "2022-01",
            "price": "257.70",
            "revenue": 0
        },
        "2022-02": {
            "month": "2022-02",
            "price": "246.29",
            "revenue": 0
        },
        "2022-03": {
            "month": "2022-03",
            "price": "248.52",
            "revenue": 0
        },
        "2022-04": {
            "month": "2022-04",
            "price": "219.61",
            "revenue": 0
        },
        "2022-05": {
            "month": "2022-05",
            "price": "177.91",
            "revenue": 0
        },
        "2022-06": {
            "month": "2022-06",
            "price": "170.16",
            "revenue": 0
        },
        "2022-07": {
            "month": "2022-07",
            "price": "163.30",
            "revenue": 0
        },
        "2022-08": {
            "month": "2022-08",
            "price": "177.62",
            "revenue": 0
        },
        "2022-09": {
            "month": "2022-09",
            "price": "131.74",
            "revenue": 0
        },
        "2022-10": {
            "month": "2022-10",
            "price": "124.70",
            "revenue": 0
        },
        "2022-11": {
            "month": "2022-11",
            "price": "153.14",
            "revenue": 0
        },
        "2022-12": {
            "month": "2022-12",
            "price": "162.12",
            "revenue": 0
        },
        "2023-01": {
            "month": "2023-01",
            "price": "172.73",
            "revenue": 0
        },
        "2023-02": {
            "month": "2023-02",
            "price": "220.43",
            "revenue": 0
        },
        "2023-03": {
            "month": "2023-03",
            "price": "251.07",
            "revenue": 0
        },
        "2023-04": {
            "month": "2023-04",
            "price": "271.49",
            "revenue": 0
        },
        "2023-05": {
            "month": "2023-05",
            "price": "310.57",
            "revenue": 0
        },
        "2023-06": {
            "month": "2023-06",
            "price": "409.22",
            "revenue": 0
        },
        "2023-07": {
            "month": "2023-07",
            "price": "447.63",
            "revenue": 0
        },
        "2023-08": {
            "month": "2023-08",
            "price": "452.54",
            "revenue": 0
        },
        "2023-09": {
            "month": "2023-09",
            "price": "443.24",
            "revenue": 0
        },
        "2023-10": {
            "month": "2023-10",
            "price": "436.35",
            "revenue": 0
        },
        "2023-11": {
            "month": "2023-11",
            "price": "475.31",
            "revenue": 0
        },
        "2023-12": {
            "month": "2023-12",
            "price": "480.70",
            "revenue": 0
        },
        "2024-01": {
            "month": "2024-01",
            "price": "562.59",
            "revenue": 0
        },
        "2024-02": {
            "month": "2024-02",
            "price": "725.50",
            "revenue": 0
        },
        "2024-03": {
            "month": "2024-03",
            "price": "880.45",
            "revenue": 0
        }
    }
}
