{
    "summary": {
        "stock_name": "Occidental Petroleum Corp",
        "stock_id": "OXY",
        "category": "Oils/Energy",
        "main_business": "西方石油公司是一家特拉華州公司。公司的主要業務包括三個部分：石油和天然氣、化工、市場營銷。油氣部門勘探、開發和生產石油和凝析油、天然氣液體（NGL）和天然氣。化學部門（OxyChem）主要生產和銷售基本化學品和乙烯基。營銷部門採購、營銷、收集、加工、運輸和儲存石油、凝析油、天然氣、二氧化碳（CO2）和電力。公司還圍繞其資產進行交易，包括運輸和儲存能力，並投資於從事類似活動的實體，如Western Midstream Partners，L.P.（WEST）。",
        "website_url": "https://www.oxy.com/",
        "ceo": "Vicki A. Hollub",
        "pe_ratio": 15,
        "report_year_from": 1995,
        "report_year_to": 2023,
        "age": 29,
        "eps_negative_percentage": 9,
        "eps_growth_avg": {
            "last_all": -0.32,
            "last_2y": 11.98,
            "last_4y": -38.33,
            "last_8y": -35.63,
            "last_12y": -21.04,
            "last_16y": -10.04,
            "last_20y": -0.14,
            "at_2006_last_3y": 37.01,
            "at_2007_last_3y": 32.22,
            "at_2008_last_3y": 32.79,
            "at_2009_last_3y": 2.17,
            "at_2010_last_3y": 20.19,
            "at_2011_last_3y": 26.72,
            "at_2012_last_3y": 17.94,
            "at_2013_last_3y": 22.55,
            "at_2014_last_3y": 4.5,
            "at_2015_last_3y": -29.5,
            "at_2016_last_3y": -61.39,
            "at_2017_last_3y": -68.68,
            "at_2018_last_3y": -32.03,
            "at_2019_last_3y": -25.76,
            "at_2020_last_3y": -25.76,
            "at_2021_last_3y": -25.76,
            "at_2022_last_3y": -25.76,
            "at_2023_last_3y": -25.35,
            "at_2024_last_3y": -25.35,
            "at_2006_last_all": 28.85,
            "at_2007_last_all": 26.33,
            "at_2008_last_all": 31.52,
            "at_2009_last_all": 20.34,
            "at_2010_last_all": 25,
            "at_2011_last_all": 26.49,
            "at_2012_last_all": 26.58,
            "at_2013_last_all": 21.08,
            "at_2014_last_all": 18.69,
            "at_2015_last_all": 10.49,
            "at_2016_last_all": 3.13,
            "at_2017_last_all": 3.13,
            "at_2018_last_all": 9.18,
            "at_2019_last_all": 4.09,
            "at_2020_last_all": -1.69,
            "at_2021_last_all": -1.69,
            "at_2022_last_all": 3.66,
            "at_2023_last_all": -0.32,
            "at_2024_last_all": -0.32
        },
        "latest_eps": 4.09,
        "latest_price": 60.53,
        "latest_roe": 15.89,
        "latest_gross_margin": 61.53,
        "latest_equity": 29312000,
        "latest_revenue": 7158000,
        "latest_gross_profit": 4404000,
        "latest_net_income": 1375000,
        "latest_debt_ratio": 59.19,
        "latest_current_ratio": 92.45,
        "latest_account_receivable_turnover_ratio": 2.19,
        "latest_inventory_turnover_ratio": 1.38,
        "latest_reinvestment_rate": -538.16,
        "latest_research_to_sale_ratio": 1.75
    },
    "eps_dividends": {
        "1993": {
            "cash": 0.52,
            "stock": 0,
            "eps": 0
        },
        "1994": {
            "cash": 0.52,
            "stock": 0,
            "eps": 0
        },
        "1995": {
            "cash": 0.52,
            "stock": 0,
            "eps": 0
        },
        "1996": {
            "cash": 0.52,
            "stock": 0,
            "eps": 0
        },
        "1997": {
            "cash": 0.39,
            "stock": 0,
            "eps": 0
        },
        "1998": {
            "cash": 0.39,
            "stock": 0,
            "eps": 0
        },
        "1999": {
            "cash": 0.39,
            "stock": 0,
            "eps": 0
        },
        "2000": {
            "cash": 0.52,
            "stock": 0,
            "eps": 0
        },
        "2001": {
            "cash": 0.39,
            "stock": 0,
            "eps": 1.58
        },
        "2002": {
            "cash": 0.26,
            "stock": 0,
            "eps": 1.52
        },
        "2003": {
            "cash": 0.52,
            "stock": 0,
            "eps": 2.02
        },
        "2004": {
            "cash": 0.41000000000000003,
            "stock": 0,
            "eps": 3.24
        },
        "2005": {
            "cash": 0.6200000000000001,
            "stock": 0,
            "eps": 5.33
        },
        "2006": {
            "cash": 0.58,
            "stock": 0,
            "eps": 4.81
        },
        "2007": {
            "cash": 0.91,
            "stock": 0,
            "eps": 5.47
        },
        "2008": {
            "cash": 0.8200000000000001,
            "stock": 0,
            "eps": 8.9
        },
        "2009": {
            "cash": 1.3,
            "stock": 0,
            "eps": 3.74
        },
        "2010": {
            "cash": 1.04,
            "stock": 0,
            "eps": 6.07
        },
        "2011": {
            "cash": 1.3,
            "stock": 0,
            "eps": 8.49
        },
        "2012": {
            "cash": 2.62,
            "stock": 0,
            "eps": 10.83
        },
        "2013": {
            "cash": 1.92,
            "stock": 0,
            "eps": 6.55
        },
        "2014": {
            "cash": 2.08,
            "stock": 0,
            "eps": 5.9
        },
        "2015": {
            "cash": 2.94,
            "stock": 0,
            "eps": 0.23
        },
        "2016": {
            "cash": 3.01,
            "stock": 0,
            "eps": -0.64
        },
        "2017": {
            "cash": 3.0500000000000003,
            "stock": 0,
            "eps": 2.75
        },
        "2018": {
            "cash": 3.09,
            "stock": 0,
            "eps": 6.07
        },
        "2019": {
            "cash": 3.13,
            "stock": 0,
            "eps": 1.38
        },
        "2020": {
            "cash": 1.59,
            "stock": 0,
            "eps": -7.54
        },
        "2021": {
            "cash": 0.04,
            "stock": 0,
            "eps": 2.46
        },
        "2022": {
            "cash": 0.4,
            "stock": 0,
            "eps": 12.48
        },
        "2023": {
            "cash": 0.6699999999999999,
            "stock": 0,
            "eps": 2.99
        },
        "2024": {
            "cash": 0.36,
            "stock": 0,
            "eps": 0
        }
    },
    "dividends": {
        "1993-01-15": {
            "cash": 0.13,
            "stock": 0
        },
        "1993-04-15": {
            "cash": 0.13,
            "stock": 0
        },
        "1993-07-15": {
            "cash": 0.13,
            "stock": 0
        },
        "1993-10-15": {
            "cash": 0.13,
            "stock": 0
        },
        "1994-01-15": {
            "cash": 0.13,
            "stock": 0
        },
        "1994-04-15": {
            "cash": 0.13,
            "stock": 0
        },
        "1994-07-15": {
            "cash": 0.13,
            "stock": 0
        },
        "1994-10-15": {
            "cash": 0.13,
            "stock": 0
        },
        "1995-01-15": {
            "cash": 0.13,
            "stock": 0
        },
        "1995-04-15": {
            "cash": 0.13,
            "stock": 0
        },
        "1995-07-15": {
            "cash": 0.13,
            "stock": 0
        },
        "1995-10-15": {
            "cash": 0.13,
            "stock": 0
        },
        "1996-01-15": {
            "cash": 0.13,
            "stock": 0
        },
        "1996-04-15": {
            "cash": 0.13,
            "stock": 0
        },
        "1996-07-15": {
            "cash": 0.13,
            "stock": 0
        },
        "1996-10-15": {
            "cash": 0.13,
            "stock": 0
        },
        "1997-01-15": {
            "cash": 0.13,
            "stock": 0
        },
        "1997-07-15": {
            "cash": 0.13,
            "stock": 0
        },
        "1997-10-15": {
            "cash": 0.13,
            "stock": 0
        },
        "1998-01-15": {
            "cash": 0.13,
            "stock": 0
        },
        "1998-07-15": {
            "cash": 0.13,
            "stock": 0
        },
        "1998-10-15": {
            "cash": 0.13,
            "stock": 0
        },
        "1999-01-15": {
            "cash": 0.13,
            "stock": 0
        },
        "1999-04-15": {
            "cash": 0.13,
            "stock": 0
        },
        "1999-10-15": {
            "cash": 0.13,
            "stock": 0
        },
        "2000-01-15": {
            "cash": 0.13,
            "stock": 0
        },
        "2000-04-15": {
            "cash": 0.13,
            "stock": 0
        },
        "2000-07-15": {
            "cash": 0.13,
            "stock": 0
        },
        "2000-10-15": {
            "cash": 0.13,
            "stock": 0
        },
        "2001-01-15": {
            "cash": 0.13,
            "stock": 0
        },
        "2001-04-15": {
            "cash": 0.13,
            "stock": 0
        },
        "2001-07-15": {
            "cash": 0.13,
            "stock": 0
        },
        "2002-01-15": {
            "cash": 0.13,
            "stock": 0
        },
        "2002-10-15": {
            "cash": 0.13,
            "stock": 0
        },
        "2003-01-15": {
            "cash": 0.13,
            "stock": 0
        },
        "2003-04-15": {
            "cash": 0.13,
            "stock": 0
        },
        "2003-07-15": {
            "cash": 0.13,
            "stock": 0
        },
        "2003-10-15": {
            "cash": 0.13,
            "stock": 0
        },
        "2004-01-15": {
            "cash": 0.13,
            "stock": 0
        },
        "2004-04-15": {
            "cash": 0.14,
            "stock": 0
        },
        "2004-10-15": {
            "cash": 0.14,
            "stock": 0
        },
        "2005-01-15": {
            "cash": 0.14,
            "stock": 0
        },
        "2005-04-15": {
            "cash": 0.16,
            "stock": 0
        },
        "2005-07-15": {
            "cash": 0.16,
            "stock": 0
        },
        "2005-10-15": {
            "cash": 0.16,
            "stock": 0
        },
        "2006-01-15": {
            "cash": 0.18,
            "stock": 0
        },
        "2006-07-15": {
            "cash": 0.18,
            "stock": 0
        },
        "2006-10-15": {
            "cash": 0.22,
            "stock": 0
        },
        "2007-01-15": {
            "cash": 0.22,
            "stock": 0
        },
        "2007-04-15": {
            "cash": 0.22,
            "stock": 0
        },
        "2007-07-15": {
            "cash": 0.22,
            "stock": 0
        },
        "2007-10-15": {
            "cash": 0.25,
            "stock": 0
        },
        "2008-01-15": {
            "cash": 0.25,
            "stock": 0
        },
        "2008-04-15": {
            "cash": 0.25,
            "stock": 0
        },
        "2008-07-15": {
            "cash": 0.32,
            "stock": 0
        },
        "2009-01-15": {
            "cash": 0.32,
            "stock": 0
        },
        "2009-04-15": {
            "cash": 0.32,
            "stock": 0
        },
        "2009-07-15": {
            "cash": 0.33,
            "stock": 0
        },
        "2009-10-15": {
            "cash": 0.33,
            "stock": 0
        },
        "2010-01-15": {
            "cash": 0.33,
            "stock": 0
        },
        "2010-04-15": {
            "cash": 0.33,
            "stock": 0
        },
        "2010-10-15": {
            "cash": 0.38,
            "stock": 0
        },
        "2011-01-15": {
            "cash": 0.38,
            "stock": 0
        },
        "2011-07-15": {
            "cash": 0.46,
            "stock": 0
        },
        "2011-10-15": {
            "cash": 0.46,
            "stock": 0
        },
        "2012-01-15": {
            "cash": 0.46,
            "stock": 0
        },
        "2012-04-15": {
            "cash": 0.54,
            "stock": 0
        },
        "2012-07-15": {
            "cash": 0.54,
            "stock": 0
        },
        "2012-10-15": {
            "cash": 0.54,
            "stock": 0
        },
        "2012-12-27": {
            "cash": 0.54,
            "stock": 0
        },
        "2013-04-15": {
            "cash": 0.64,
            "stock": 0
        },
        "2013-07-15": {
            "cash": 0.64,
            "stock": 0
        },
        "2013-10-15": {
            "cash": 0.64,
            "stock": 0
        },
        "2014-01-15": {
            "cash": 0.64,
            "stock": 0
        },
        "2014-07-15": {
            "cash": 0.72,
            "stock": 0
        },
        "2014-10-15": {
            "cash": 0.72,
            "stock": 0
        },
        "2015-01-15": {
            "cash": 0.72,
            "stock": 0
        },
        "2015-04-15": {
            "cash": 0.72,
            "stock": 0
        },
        "2015-07-15": {
            "cash": 0.75,
            "stock": 0
        },
        "2015-10-15": {
            "cash": 0.75,
            "stock": 0
        },
        "2016-01-15": {
            "cash": 0.75,
            "stock": 0
        },
        "2016-04-15": {
            "cash": 0.75,
            "stock": 0
        },
        "2016-07-15": {
            "cash": 0.75,
            "stock": 0
        },
        "2016-10-14": {
            "cash": 0.76,
            "stock": 0
        },
        "2017-01-13": {
            "cash": 0.76,
            "stock": 0
        },
        "2017-04-14": {
            "cash": 0.76,
            "stock": 0
        },
        "2017-07-14": {
            "cash": 0.76,
            "stock": 0
        },
        "2017-10-16": {
            "cash": 0.77,
            "stock": 0
        },
        "2018-01-16": {
            "cash": 0.77,
            "stock": 0
        },
        "2018-04-16": {
            "cash": 0.77,
            "stock": 0
        },
        "2018-07-16": {
            "cash": 0.77,
            "stock": 0
        },
        "2018-10-15": {
            "cash": 0.78,
            "stock": 0
        },
        "2019-01-15": {
            "cash": 0.78,
            "stock": 0
        },
        "2019-04-15": {
            "cash": 0.78,
            "stock": 0
        },
        "2019-07-15": {
            "cash": 0.78,
            "stock": 0
        },
        "2019-10-15": {
            "cash": 0.79,
            "stock": 0
        },
        "2020-01-15": {
            "cash": 0.79,
            "stock": 0
        },
        "2020-04-15": {
            "cash": 0.79,
            "stock": 0
        },
        "2020-10-15": {
            "cash": 0.01,
            "stock": 0
        },
        "2021-01-15": {
            "cash": 0.01,
            "stock": 0
        },
        "2021-04-15": {
            "cash": 0.01,
            "stock": 0
        },
        "2021-07-15": {
            "cash": 0.01,
            "stock": 0
        },
        "2021-10-15": {
            "cash": 0.01,
            "stock": 0
        },
        "2022-01-14": {
            "cash": 0.01,
            "stock": 0
        },
        "2022-04-15": {
            "cash": 0.13,
            "stock": 0
        },
        "2022-07-15": {
            "cash": 0.13,
            "stock": 0
        },
        "2022-10-17": {
            "cash": 0.13,
            "stock": 0
        },
        "2023-01-17": {
            "cash": 0.13,
            "stock": 0
        },
        "2023-04-17": {
            "cash": 0.18,
            "stock": 0
        },
        "2023-07-14": {
            "cash": 0.18,
            "stock": 0
        },
        "2023-10-17": {
            "cash": 0.18,
            "stock": 0
        },
        "2024-01-17": {
            "cash": 0.18,
            "stock": 0
        },
        "2024-04-15": {
            "cash": 0.18,
            "stock": 0
        }
    },
    "prices": {
        "200101": "11.51",
        "200102": "11.91",
        "200103": "12.28",
        "200104": "13.57",
        "200105": "14.88",
        "200106": "14.42",
        "200107": "13.35",
        "200108": "13.83",
        "200109": "12.74",
        "200110": "12.69",
        "200111": "12.48",
        "200112": "12.84",
        "200201": "12.79",
        "200202": "12.89",
        "200203": "14.24",
        "200204": "14.50",
        "200205": "14.81",
        "200206": "14.84",
        "200207": "13.33",
        "200208": "14.00",
        "200209": "14.34",
        "200210": "14.56",
        "200211": "13.89",
        "200212": "14.16",
        "200301": "14.24",
        "200302": "14.56",
        "200303": "14.97",
        "200304": "15.21",
        "200305": "15.76",
        "200306": "16.86",
        "200307": "16.39",
        "200308": "16.76",
        "200309": "17.54",
        "200310": "18.06",
        "200311": "18.04",
        "200312": "20.11",
        "200401": "21.97",
        "200402": "22.11",
        "200403": "22.64",
        "200404": "23.72",
        "200405": "23.07",
        "200406": "23.32",
        "200407": "24.49",
        "200408": "24.96",
        "200409": "27.10",
        "200410": "28.43",
        "200411": "28.91",
        "200412": "28.60",
        "200501": "28.54",
        "200502": "32.35",
        "200503": "35.63",
        "200504": "35.40",
        "200505": "34.73",
        "200506": "38.63",
        "200507": "40.62",
        "200508": "40.60",
        "200509": "43.05",
        "200510": "38.04",
        "200511": "38.65",
        "200512": "41.16",
        "200601": "45.02",
        "200602": "45.06",
        "200603": "46.55",
        "200604": "49.86",
        "200605": "49.92",
        "200606": "48.56",
        "200607": "51.59",
        "200608": "52.60",
        "200609": "46.61",
        "200610": "46.48",
        "200611": "48.13",
        "200612": "49.85",
        "200701": "44.85",
        "200702": "47.11",
        "200703": "47.05",
        "200704": "50.74",
        "200705": "52.94",
        "200706": "57.72",
        "200707": "60.04",
        "200708": "55.43",
        "200709": "61.78",
        "200710": "67.65",
        "200711": "69.56",
        "200712": "73.06",
        "200801": "71.08",
        "200802": "72.03",
        "200803": "74.16",
        "200804": "80.64",
        "200805": "90.55",
        "200806": "89.10",
        "200807": "80.29",
        "200808": "78.54",
        "200809": "72.94",
        "200810": "51.50",
        "200811": "50.34",
        "200812": "53.43",
        "200901": "56.56",
        "200902": "53.59",
        "200903": "54.95",
        "200904": "57.27",
        "200905": "62.52",
        "200906": "66.50",
        "200907": "66.81",
        "200908": "71.75",
        "200909": "76.31",
        "200910": "79.71",
        "200911": "81.85",
        "200912": "79.82",
        "201001": "79.68",
        "201002": "79.41",
        "201003": "82.24",
        "201004": "86.41",
        "201005": "81.79",
        "201006": "82.53",
        "201007": "80.03",
        "201008": "75.92",
        "201009": "76.97",
        "201010": "81.69",
        "201011": "85.92",
        "201012": "94.68",
        "201101": "96.91",
        "201102": "101.00",
        "201103": "100.56",
        "201104": "101.49",
        "201105": "104.89",
        "201106": "102.20",
        "201107": "104.66",
        "201108": "85.76",
        "201109": "79.61",
        "201110": "83.47",
        "201111": "94.95",
        "201112": "93.20",
        "201201": "98.95",
        "201202": "103.53",
        "201203": "99.30",
        "201204": "90.65",
        "201205": "83.52",
        "201206": "82.26",
        "201207": "85.99",
        "201208": "88.36",
        "201209": "86.87",
        "201210": "83.14",
        "201211": "76.11",
        "201212": "76.24",
        "201301": "82.63",
        "201302": "85.67",
        "201303": "81.07",
        "201304": "82.46",
        "201305": "90.96",
        "201306": "91.44",
        "201307": "90.45",
        "201308": "87.67",
        "201309": "91.15",
        "201310": "95.97",
        "201311": "96.92",
        "201312": "93.03",
        "201401": "91.20",
        "201402": "92.86",
        "201403": "95.70",
        "201404": "95.71",
        "201405": "96.70",
        "201406": "101.88",
        "201407": "100.74",
        "201408": "101.03",
        "201409": "98.60",
        "201410": "90.52",
        "201411": "86.61",
        "201412": "79.23",
        "201501": "77.82",
        "201502": "80.81",
        "201503": "74.24",
        "201504": "78.76",
        "201505": "77.49",
        "201506": "78.43",
        "201507": "71.90",
        "201508": "70.55",
        "201509": "67.27",
        "201510": "72.49",
        "201511": "75.15",
        "201512": "68.81",
        "201601": "63.57",
        "201602": "68.03",
        "201603": "69.30",
        "201604": "72.93",
        "201605": "75.74",
        "201606": "75.48",
        "201607": "75.77",
        "201608": "75.60",
        "201609": "73.18",
        "201610": "73.67",
        "201611": "67.96",
        "201612": "71.43",
        "201701": "69.31",
        "201702": "66.96",
        "201703": "63.75",
        "201704": "63.07",
        "201705": "60.47",
        "201706": "60.35",
        "201707": "60.26",
        "201708": "60.28",
        "201709": "62.25",
        "201710": "64.65",
        "201711": "68.17",
        "201712": "71.10",
        "201801": "75.70",
        "201802": "69.29",
        "201803": "64.79",
        "201804": "72.96",
        "201805": "82.39",
        "201806": "84.16",
        "201807": "83.68",
        "201808": "79.85",
        "201809": "78.83",
        "201810": "74.72",
        "201811": "71.29",
        "201812": "63.78",
        "201901": "65.27",
        "201902": "66.49",
        "201903": "65.96",
        "201904": "64.32",
        "201905": "54.74",
        "201906": "49.51",
        "201907": "50.88",
        "201908": "45.50",
        "201909": "45.27",
        "201910": "41.68",
        "201911": "39.49",
        "201912": "38.83",
        "202001": "43.90",
        "202002": "39.90",
        "202003": "16.20",
        "202004": "13.94",
        "202005": "14.36",
        "202006": "18.75",
        "202007": "16.79",
        "202008": "14.33",
        "202009": "11.06",
        "202010": "10.03",
        "202011": "12.81",
        "202012": "18.22",
        "202101": "21.14",
        "202102": "24.84",
        "202103": "28.36",
        "202104": "24.97",
        "202105": "25.65",
        "202106": "29.67",
        "202107": "28.12",
        "202108": "25.06",
        "202109": "26.99",
        "202110": "33.02",
        "202111": "32.00",
        "202112": "29.23",
        "202201": "34.73",
        "202202": "40.14",
        "202203": "55.85",
        "202204": "57.99",
        "202205": "63.80",
        "202206": "62.32",
        "202207": "60.94",
        "202208": "66.76",
        "202209": "63.91",
        "202210": "68.68",
        "202211": "71.75",
        "202212": "63.88",
        "202301": "64.56",
        "202302": "61.96",
        "202303": "60.14",
        "202304": "63.10",
        "202305": "58.88",
        "202306": "58.34",
        "202307": "60.60",
        "202308": "63.09",
        "202309": "65.04",
        "202310": "63.24",
        "202311": "60.95",
        "202312": "58.67"
    },
    "quarters": {
        "20011": {
            "year_quarter": 20011,
            "year": 2001,
            "quarter": 1,
            "eps": 0.68,
            "eps_growth_year": 85.89,
            "eps_4q": 2.11,
            "eps_4q_growth_year": 51.1,
            "roe": 11.66,
            "roe_4q": 11.66,
            "gross_profit": 1270000,
            "gross_margin": 27.86,
            "gross_margin_4q_avg": 27.86,
            "net_income": 578000,
            "net_income_4q": null,
            "revenue": 4559000,
            "revenue_4q": null,
            "common_shares": 74000,
            "book_valuer_per_share": 6.94,
            "book_valuer_per_share_4q_avg": 6.94,
            "equity": 5142000,
            "current_ratio": 82.89,
            "debt_ratio": 74.14,
            "inventory_turnover_ratio": 7.13,
            "account_receivable_turnover_ratio": 3.34,
            "reinvestment_rate": -4.14,
            "research_to_sale_ratio": 0.46,
            "price_fair": 0,
            "eps_avg_yearly": 0,
            "eps_latest_yearly": 0,
            "eps_growth_yearly": 0
        },
        "20012": {
            "year_quarter": 20012,
            "year": 2001,
            "quarter": 2,
            "eps": 0.63,
            "eps_growth_year": 53.9,
            "eps_4q": 2.33,
            "eps_4q_growth_year": 31.58,
            "roe": 9.61,
            "roe_4q": 21.27,
            "gross_profit": 1147000,
            "gross_margin": 355.11,
            "gross_margin_4q_avg": 191.49,
            "net_income": 516000,
            "net_income_4q": null,
            "revenue": 323000,
            "revenue_4q": null,
            "common_shares": 75000,
            "book_valuer_per_share": 7.49,
            "book_valuer_per_share_4q_avg": 7.22,
            "equity": 5595000,
            "current_ratio": 85.18,
            "debt_ratio": 71.29,
            "inventory_turnover_ratio": -1.89,
            "account_receivable_turnover_ratio": 0.25,
            "reinvestment_rate": -5.54,
            "research_to_sale_ratio": 5.57,
            "price_fair": 0,
            "eps_avg_yearly": 0,
            "eps_latest_yearly": 0,
            "eps_growth_yearly": 0
        },
        "20013": {
            "year_quarter": 20013,
            "year": 2001,
            "quarter": 3,
            "eps": 0.6,
            "eps_growth_year": 32.91,
            "eps_4q": 2.48,
            "eps_4q_growth_year": 21.03,
            "roe": 8.94,
            "roe_4q": 30.209999999999997,
            "gross_profit": 920000,
            "gross_margin": 45.12,
            "gross_margin_4q_avg": 142.7,
            "net_income": 512000,
            "net_income_4q": null,
            "revenue": 2039000,
            "revenue_4q": null,
            "common_shares": 75000,
            "book_valuer_per_share": 7.85,
            "book_valuer_per_share_4q_avg": 7.43,
            "equity": 5863000,
            "current_ratio": 87.33,
            "debt_ratio": 68.75,
            "inventory_turnover_ratio": 2.54,
            "account_receivable_turnover_ratio": 1.82,
            "reinvestment_rate": 103.77,
            "research_to_sale_ratio": 4.46,
            "price_fair": 0,
            "eps_avg_yearly": 0,
            "eps_latest_yearly": 0,
            "eps_growth_yearly": 0
        },
        "20014": {
            "year_quarter": 20014,
            "year": 2001,
            "quarter": 4,
            "eps": -0.33,
            "eps_growth_year": -156.56,
            "eps_4q": 1.58,
            "eps_4q_growth_year": -12.28,
            "roe": 3.83,
            "roe_4q": 34.04,
            "gross_profit": 1372000,
            "gross_margin": 97.03,
            "gross_margin_4q_avg": 131.28,
            "net_income": 220000,
            "net_income_4q": null,
            "revenue": 1414000,
            "revenue_4q": null,
            "common_shares": 75000,
            "book_valuer_per_share": 7.53,
            "book_valuer_per_share_4q_avg": 7.45,
            "equity": 5634000,
            "current_ratio": 82.21,
            "debt_ratio": 68.44,
            "inventory_turnover_ratio": 0.1,
            "account_receivable_turnover_ratio": 1.69,
            "reinvestment_rate": 21.13,
            "research_to_sale_ratio": 3.82,
            "price_fair": 0,
            "eps_avg_yearly": 0,
            "eps_latest_yearly": 0,
            "eps_growth_yearly": 0
        },
        "20021": {
            "year_quarter": 20021,
            "year": 2002,
            "quarter": 1,
            "eps": 0.16,
            "eps_growth_year": -76.06,
            "eps_4q": 1.06,
            "eps_4q_growth_year": -49.91,
            "roe": 3.26,
            "roe_4q": 25.64,
            "gross_profit": 561000,
            "gross_margin": 36.24,
            "gross_margin_4q_avg": 133.38,
            "net_income": 183000,
            "net_income_4q": null,
            "revenue": 1548000,
            "revenue_4q": null,
            "common_shares": 75000,
            "book_valuer_per_share": 7.44,
            "book_valuer_per_share_4q_avg": 7.58,
            "equity": 5579000,
            "current_ratio": 87.53,
            "debt_ratio": 68.51,
            "inventory_turnover_ratio": 2.36,
            "account_receivable_turnover_ratio": 1.93,
            "reinvestment_rate": 31.67,
            "research_to_sale_ratio": 1.74,
            "price_fair": 0,
            "eps_avg_yearly": 0,
            "eps_latest_yearly": 0,
            "eps_growth_yearly": 0
        },
        "20022": {
            "year_quarter": 20022,
            "year": 2002,
            "quarter": 2,
            "eps": 0.32,
            "eps_growth_year": -49.09,
            "eps_4q": 0.75,
            "eps_4q_growth_year": -67.79,
            "roe": 4.35,
            "roe_4q": 20.38,
            "gross_profit": 767000,
            "gross_margin": 40.54,
            "gross_margin_4q_avg": 54.73,
            "net_income": 248000,
            "net_income_4q": null,
            "revenue": 1892000,
            "revenue_4q": null,
            "common_shares": 75000,
            "book_valuer_per_share": 7.75,
            "book_valuer_per_share_4q_avg": 7.64,
            "equity": 5832000,
            "current_ratio": 83.47,
            "debt_ratio": 64.61,
            "inventory_turnover_ratio": 2.68,
            "account_receivable_turnover_ratio": 2.07,
            "reinvestment_rate": 43.42,
            "research_to_sale_ratio": 3.12,
            "price_fair": 44.8,
            "eps_avg_yearly": 1.28,
            "eps_latest_yearly": 1.28,
            "eps_growth_yearly": 400
        },
        "20023": {
            "year_quarter": 20023,
            "year": 2002,
            "quarter": 3,
            "eps": 0.62,
            "eps_growth_year": 3.5,
            "eps_4q": 0.77,
            "eps_4q_growth_year": -68.86,
            "roe": 12.06,
            "roe_4q": 23.5,
            "gross_profit": 870000,
            "gross_margin": 43.61,
            "gross_margin_4q_avg": 54.36,
            "net_income": 715000,
            "net_income_4q": null,
            "revenue": 1995000,
            "revenue_4q": null,
            "common_shares": 75000,
            "book_valuer_per_share": 7.99,
            "book_valuer_per_share_4q_avg": 7.68,
            "equity": 6021000,
            "current_ratio": 81.48,
            "debt_ratio": 63.15,
            "inventory_turnover_ratio": 2.53,
            "account_receivable_turnover_ratio": 2.22,
            "reinvestment_rate": 35.3,
            "research_to_sale_ratio": 1.45,
            "price_fair": 65.8,
            "eps_avg_yearly": 1.88,
            "eps_latest_yearly": 2.48,
            "eps_growth_yearly": 387.5
        },
        "20024": {
            "year_quarter": 20024,
            "year": 2002,
            "quarter": 4,
            "eps": 0.42,
            "eps_growth_year": null,
            "eps_4q": 1.52,
            "eps_4q_growth_year": -3.61,
            "roe": 5.75,
            "roe_4q": 25.42,
            "gross_profit": 1908000,
            "gross_margin": 92.8,
            "gross_margin_4q_avg": 53.3,
            "net_income": 355000,
            "net_income_4q": null,
            "revenue": 2056000,
            "revenue_4q": null,
            "common_shares": 75000,
            "book_valuer_per_share": 8.36,
            "book_valuer_per_share_4q_avg": 7.89,
            "equity": 6318000,
            "current_ratio": 83.8,
            "debt_ratio": 61.82,
            "inventory_turnover_ratio": 0.31,
            "account_receivable_turnover_ratio": 2.07,
            "reinvestment_rate": 39.31,
            "research_to_sale_ratio": 2.97,
            "price_fair": 63.47,
            "eps_avg_yearly": 1.81,
            "eps_latest_yearly": 1.68,
            "eps_growth_yearly": 215.32
        },
        "20031": {
            "year_quarter": 20031,
            "year": 2003,
            "quarter": 1,
            "eps": 0.51,
            "eps_growth_year": 214.02,
            "eps_4q": 1.87,
            "eps_4q_growth_year": 76.64,
            "roe": 6.59,
            "roe_4q": 28.75,
            "gross_profit": 1107000,
            "gross_margin": 46.03,
            "gross_margin_4q_avg": 55.75,
            "net_income": 428000,
            "net_income_4q": null,
            "revenue": 2405000,
            "revenue_4q": null,
            "common_shares": 76000,
            "book_valuer_per_share": 8.8,
            "book_valuer_per_share_4q_avg": 8.23,
            "equity": 6672000,
            "current_ratio": 95.56,
            "debt_ratio": 60.61,
            "inventory_turnover_ratio": 2.74,
            "account_receivable_turnover_ratio": 2.04,
            "reinvestment_rate": 35.83,
            "research_to_sale_ratio": 1.16,
            "price_fair": 65.45,
            "eps_avg_yearly": 1.87,
            "eps_latest_yearly": 2.04,
            "eps_growth_yearly": 182.92
        },
        "20032": {
            "year_quarter": 20032,
            "year": 2003,
            "quarter": 2,
            "eps": 0.47,
            "eps_growth_year": 46.63,
            "eps_4q": 2.02,
            "eps_4q_growth_year": 168.65,
            "roe": 5.83,
            "roe_4q": 30.230000000000004,
            "gross_profit": 1041000,
            "gross_margin": 45.16,
            "gross_margin_4q_avg": 56.9,
            "net_income": 400000,
            "net_income_4q": null,
            "revenue": 2305000,
            "revenue_4q": null,
            "common_shares": 77000,
            "book_valuer_per_share": 9.21,
            "book_valuer_per_share_4q_avg": 8.59,
            "equity": 7054000,
            "current_ratio": 91.7,
            "debt_ratio": 58.94,
            "inventory_turnover_ratio": 2.66,
            "account_receivable_turnover_ratio": 2.01,
            "reinvestment_rate": 41.4,
            "research_to_sale_ratio": 1.26,
            "price_fair": 65.52,
            "eps_avg_yearly": 1.87,
            "eps_latest_yearly": 1.88,
            "eps_growth_yearly": 140.06
        },
        "20033": {
            "year_quarter": 20033,
            "year": 2003,
            "quarter": 3,
            "eps": 0.56,
            "eps_growth_year": -8.59,
            "eps_4q": 1.97,
            "eps_4q_growth_year": 154.55,
            "roe": 6.08,
            "roe_4q": 24.25,
            "gross_profit": 1067000,
            "gross_margin": 45.42,
            "gross_margin_4q_avg": 57.35,
            "net_income": 442000,
            "net_income_4q": null,
            "revenue": 2349000,
            "revenue_4q": null,
            "common_shares": 77000,
            "book_valuer_per_share": 9.73,
            "book_valuer_per_share_4q_avg": 9.03,
            "equity": 7495000,
            "current_ratio": 115.91,
            "debt_ratio": 57.67,
            "inventory_turnover_ratio": 2.5,
            "account_receivable_turnover_ratio": 2.27,
            "reinvestment_rate": 43.21,
            "research_to_sale_ratio": 1.58,
            "price_fair": 67.67,
            "eps_avg_yearly": 1.93,
            "eps_latest_yearly": 2.24,
            "eps_growth_yearly": 129.48
        },
        "20034": {
            "year_quarter": 20034,
            "year": 2003,
            "quarter": 4,
            "eps": 0.48,
            "eps_growth_year": 14.85,
            "eps_4q": 2.03,
            "eps_4q_growth_year": 33.4,
            "roe": 5.13,
            "roe_4q": 23.63,
            "gross_profit": 1067000,
            "gross_margin": 44.68,
            "gross_margin_4q_avg": 45.32,
            "net_income": 396000,
            "net_income_4q": null,
            "revenue": 2388000,
            "revenue_4q": null,
            "common_shares": 77000,
            "book_valuer_per_share": 10.24,
            "book_valuer_per_share_4q_avg": 9.5,
            "equity": 7929000,
            "current_ratio": 99.05,
            "debt_ratio": 56.36,
            "inventory_turnover_ratio": 2.59,
            "account_receivable_turnover_ratio": 2.17,
            "reinvestment_rate": 47.46,
            "research_to_sale_ratio": 1.88,
            "price_fair": 67.6,
            "eps_avg_yearly": 1.93,
            "eps_latest_yearly": 1.92,
            "eps_growth_yearly": 102.82
        },
        "20041": {
            "year_quarter": 20041,
            "year": 2004,
            "quarter": 1,
            "eps": 0.62,
            "eps_growth_year": 20.04,
            "eps_4q": 2.13,
            "eps_4q_growth_year": 13.96,
            "roe": 5.94,
            "roe_4q": 22.979999999999997,
            "gross_profit": 1200000,
            "gross_margin": 46.51,
            "gross_margin_4q_avg": 45.44,
            "net_income": 487000,
            "net_income_4q": null,
            "revenue": 2580000,
            "revenue_4q": null,
            "common_shares": 78000,
            "book_valuer_per_share": 10.82,
            "book_valuer_per_share_4q_avg": 10,
            "equity": 8464000,
            "current_ratio": 98.21,
            "debt_ratio": 54.66,
            "inventory_turnover_ratio": 3.12,
            "account_receivable_turnover_ratio": 1.98,
            "reinvestment_rate": 7.81,
            "research_to_sale_ratio": 2.09,
            "price_fair": 70,
            "eps_avg_yearly": 2,
            "eps_latest_yearly": 2.48,
            "eps_growth_yearly": 104.55
        },
        "20042": {
            "year_quarter": 20042,
            "year": 2004,
            "quarter": 2,
            "eps": 0.73,
            "eps_growth_year": 56.72,
            "eps_4q": 2.4,
            "eps_4q_growth_year": 18.7,
            "roe": 6.65,
            "roe_4q": 23.799999999999997,
            "gross_profit": 1305000,
            "gross_margin": 47.58,
            "gross_margin_4q_avg": 46.05,
            "net_income": 581000,
            "net_income_4q": null,
            "revenue": 2743000,
            "revenue_4q": null,
            "common_shares": 78000,
            "book_valuer_per_share": 11.5,
            "book_valuer_per_share_4q_avg": 10.57,
            "equity": 9006000,
            "current_ratio": 108.66,
            "debt_ratio": 53.45,
            "inventory_turnover_ratio": 3.4,
            "account_receivable_turnover_ratio": 1.59,
            "reinvestment_rate": 13.09,
            "research_to_sale_ratio": 1.46,
            "price_fair": 73.58,
            "eps_avg_yearly": 2.1,
            "eps_latest_yearly": 2.92,
            "eps_growth_yearly": 100.82
        },
        "20043": {
            "year_quarter": 20043,
            "year": 2004,
            "quarter": 3,
            "eps": 0.94,
            "eps_growth_year": 67.04,
            "eps_4q": 2.77,
            "eps_4q_growth_year": 41.11,
            "roe": 7.87,
            "roe_4q": 25.59,
            "gross_profit": 1578000,
            "gross_margin": 51.92,
            "gross_margin_4q_avg": 47.67,
            "net_income": 739000,
            "net_income_4q": null,
            "revenue": 3039000,
            "revenue_4q": null,
            "common_shares": 79000,
            "book_valuer_per_share": 12.39,
            "book_valuer_per_share_4q_avg": 11.24,
            "equity": 9778000,
            "current_ratio": 132.76,
            "debt_ratio": 52.01,
            "inventory_turnover_ratio": 3.08,
            "account_receivable_turnover_ratio": 1.46,
            "reinvestment_rate": 15.76,
            "research_to_sale_ratio": 1.22,
            "price_fair": 79.38,
            "eps_avg_yearly": 2.27,
            "eps_latest_yearly": 3.76,
            "eps_growth_yearly": 102.25
        },
        "20044": {
            "year_quarter": 20044,
            "year": 2004,
            "quarter": 4,
            "eps": 0.95,
            "eps_growth_year": 96.96,
            "eps_4q": 3.24,
            "eps_4q_growth_year": 59.93,
            "roe": 6.3,
            "roe_4q": 26.76,
            "gross_profit": 1618000,
            "gross_margin": 51.35,
            "gross_margin_4q_avg": 49.34,
            "net_income": 640000,
            "net_income_4q": null,
            "revenue": 3151000,
            "revenue_4q": null,
            "common_shares": 79000,
            "book_valuer_per_share": 13.3,
            "book_valuer_per_share_4q_avg": 12,
            "equity": 10550000,
            "current_ratio": 129.45,
            "debt_ratio": 50.68,
            "inventory_turnover_ratio": 2.94,
            "account_receivable_turnover_ratio": 1.43,
            "reinvestment_rate": 20.15,
            "research_to_sale_ratio": 2.79,
            "price_fair": 84.25,
            "eps_avg_yearly": 2.41,
            "eps_latest_yearly": 3.8,
            "eps_growth_yearly": 93.34
        },
        "20051": {
            "year_quarter": 20051,
            "year": 2005,
            "quarter": 1,
            "eps": 0.98,
            "eps_growth_year": 58.89,
            "eps_4q": 3.61,
            "eps_4q_growth_year": 69.23,
            "roe": 6.86,
            "roe_4q": 27.68,
            "gross_profit": 1712000,
            "gross_margin": 53.33,
            "gross_margin_4q_avg": 51.05,
            "net_income": 747000,
            "net_income_4q": null,
            "revenue": 3210000,
            "revenue_4q": null,
            "common_shares": 79000,
            "book_valuer_per_share": 14.11,
            "book_valuer_per_share_4q_avg": 12.83,
            "equity": 11241000,
            "current_ratio": 139.34,
            "debt_ratio": 49.54,
            "inventory_turnover_ratio": 2.78,
            "account_receivable_turnover_ratio": 1.34,
            "reinvestment_rate": 27.69,
            "research_to_sale_ratio": 1.18,
            "price_fair": 88.67,
            "eps_avg_yearly": 2.53,
            "eps_latest_yearly": 3.92,
            "eps_growth_yearly": 86.61
        },
        "20052": {
            "year_quarter": 20052,
            "year": 2005,
            "quarter": 2,
            "eps": 1.64,
            "eps_growth_year": 124.64,
            "eps_4q": 4.52,
            "eps_4q_growth_year": 88.6,
            "roe": 12.23,
            "roe_4q": 33.26,
            "gross_profit": 1973000,
            "gross_margin": 55.41,
            "gross_margin_4q_avg": 53,
            "net_income": 1464000,
            "net_income_4q": null,
            "revenue": 3561000,
            "revenue_4q": null,
            "common_shares": 80000,
            "book_valuer_per_share": 15.89,
            "book_valuer_per_share_4q_avg": 13.92,
            "equity": 12706000,
            "current_ratio": 118.16,
            "debt_ratio": 46.97,
            "inventory_turnover_ratio": 2.8,
            "account_receivable_turnover_ratio": 1.31,
            "reinvestment_rate": 53.41,
            "research_to_sale_ratio": 3,
            "price_fair": 99.51,
            "eps_avg_yearly": 2.84,
            "eps_latest_yearly": 6.56,
            "eps_growth_yearly": 100.67
        },
        "20053": {
            "year_quarter": 20053,
            "year": 2005,
            "quarter": 3,
            "eps": 1.37,
            "eps_growth_year": 45.35,
            "eps_4q": 4.94,
            "eps_4q_growth_year": 78.3,
            "roe": 12.03,
            "roe_4q": 37.419999999999995,
            "gross_profit": 2843000,
            "gross_margin": 61.35,
            "gross_margin_4q_avg": 55.36,
            "net_income": 1601000,
            "net_income_4q": null,
            "revenue": 4634000,
            "revenue_4q": null,
            "common_shares": 81000,
            "book_valuer_per_share": 17.3,
            "book_valuer_per_share_4q_avg": 15.15,
            "equity": 13909000,
            "current_ratio": 128.96,
            "debt_ratio": 44.58,
            "inventory_turnover_ratio": 2.94,
            "account_receivable_turnover_ratio": 1.48,
            "reinvestment_rate": 46.48,
            "research_to_sale_ratio": 1.1,
            "price_fair": 106.1,
            "eps_avg_yearly": 3.03,
            "eps_latest_yearly": 5.48,
            "eps_growth_yearly": 88.78
        },
        "20054": {
            "year_quarter": 20054,
            "year": 2005,
            "quarter": 4,
            "eps": 1.34,
            "eps_growth_year": 40.71,
            "eps_4q": 5.33,
            "eps_4q_growth_year": 64.45,
            "roe": 7.39,
            "roe_4q": 38.51,
            "gross_profit": 3695000,
            "gross_margin": 87.08,
            "gross_margin_4q_avg": 64.29,
            "net_income": 1069000,
            "net_income_4q": null,
            "revenue": 4243000,
            "revenue_4q": null,
            "common_shares": 161000,
            "book_valuer_per_share": 18.69,
            "book_valuer_per_share_4q_avg": 16.5,
            "equity": 15032000,
            "current_ratio": 162.38,
            "debt_ratio": 42.42,
            "inventory_turnover_ratio": 0.82,
            "account_receivable_turnover_ratio": 1.31,
            "reinvestment_rate": 43.64,
            "research_to_sale_ratio": 2.78,
            "price_fair": 111.53,
            "eps_avg_yearly": 3.19,
            "eps_latest_yearly": 5.36,
            "eps_growth_yearly": 82.28
        },
        "20061": {
            "year_quarter": 20061,
            "year": 2006,
            "quarter": 1,
            "eps": 1.26,
            "eps_growth_year": 28.9,
            "eps_4q": 5.62,
            "eps_4q_growth_year": 55.76,
            "roe": 6.4,
            "roe_4q": 38.05,
            "gross_profit": 2414000,
            "gross_margin": 55.85,
            "gross_margin_4q_avg": 64.92,
            "net_income": 1055000,
            "net_income_4q": null,
            "revenue": 4322000,
            "revenue_4q": null,
            "common_shares": 86000,
            "book_valuer_per_share": 20.95,
            "book_valuer_per_share_4q_avg": 18.21,
            "equity": 17947000,
            "current_ratio": 142.92,
            "debt_ratio": 44.26,
            "inventory_turnover_ratio": 2.66,
            "account_receivable_turnover_ratio": 1.32,
            "reinvestment_rate": 80.03,
            "research_to_sale_ratio": 1.64,
            "price_fair": 115.59,
            "eps_avg_yearly": 3.3,
            "eps_latest_yearly": 5.04,
            "eps_growth_yearly": 75.64
        },
        "20062": {
            "year_quarter": 20062,
            "year": 2006,
            "quarter": 2,
            "eps": 1.31,
            "eps_growth_year": -20.6,
            "eps_4q": 5.28,
            "eps_4q_growth_year": 16.81,
            "roe": 6.31,
            "roe_4q": 32.13,
            "gross_profit": 2458000,
            "gross_margin": 53.9,
            "gross_margin_4q_avg": 64.55,
            "net_income": 1133000,
            "net_income_4q": null,
            "revenue": 4560000,
            "revenue_4q": null,
            "common_shares": 87000,
            "book_valuer_per_share": 21.25,
            "book_valuer_per_share_4q_avg": 19.55,
            "equity": 17962000,
            "current_ratio": 135.68,
            "debt_ratio": 42.36,
            "inventory_turnover_ratio": 2.92,
            "account_receivable_turnover_ratio": 1.28,
            "reinvestment_rate": 79.64,
            "research_to_sale_ratio": 1.1,
            "price_fair": 124.25,
            "eps_avg_yearly": 3.55,
            "eps_latest_yearly": 5.24,
            "eps_growth_yearly": 51.63
        },
        "20063": {
            "year_quarter": 20063,
            "year": 2006,
            "quarter": 3,
            "eps": 1.28,
            "eps_growth_year": -6.54,
            "eps_4q": 5.19,
            "eps_4q_growth_year": 4.92,
            "roe": 5.82,
            "roe_4q": 25.92,
            "gross_profit": 2417000,
            "gross_margin": 53.91,
            "gross_margin_4q_avg": 62.69,
            "net_income": 1071000,
            "net_income_4q": null,
            "revenue": 4483000,
            "revenue_4q": null,
            "common_shares": 174000,
            "book_valuer_per_share": 22.42,
            "book_valuer_per_share_4q_avg": 20.83,
            "equity": 18858000,
            "current_ratio": 132.22,
            "debt_ratio": 40.51,
            "inventory_turnover_ratio": 2.59,
            "account_receivable_turnover_ratio": 1.28,
            "reinvestment_rate": 84.67,
            "research_to_sale_ratio": 1.65,
            "price_fair": 130.03,
            "eps_avg_yearly": 3.72,
            "eps_latest_yearly": 5.12,
            "eps_growth_yearly": 27.62
        },
        "20064": {
            "year_quarter": 20064,
            "year": 2006,
            "quarter": 4,
            "eps": 0.96,
            "eps_growth_year": -28.37,
            "eps_4q": 4.81,
            "eps_4q_growth_year": -9.87,
            "roe": 4.57,
            "roe_4q": 23.1,
            "gross_profit": 2185000,
            "gross_margin": 50.71,
            "gross_margin_4q_avg": 53.59,
            "net_income": 871000,
            "net_income_4q": null,
            "revenue": 4309000,
            "revenue_4q": null,
            "common_shares": 174000,
            "book_valuer_per_share": 22.92,
            "book_valuer_per_share_4q_avg": 21.89,
            "equity": 19252000,
            "current_ratio": 131.4,
            "debt_ratio": 40.64,
            "inventory_turnover_ratio": 2.5,
            "account_receivable_turnover_ratio": 1.29,
            "reinvestment_rate": 83.51,
            "research_to_sale_ratio": 2.34,
            "price_fair": 134.75,
            "eps_avg_yearly": 3.85,
            "eps_latest_yearly": 3.84,
            "eps_growth_yearly": 29.44
        },
        "20071": {
            "year_quarter": 20071,
            "year": 2007,
            "quarter": 1,
            "eps": 1.07,
            "eps_growth_year": -14.79,
            "eps_4q": 4.62,
            "eps_4q_growth_year": -17.73,
            "roe": 5.91,
            "roe_4q": 22.61,
            "gross_profit": 2560000,
            "gross_margin": 55.52,
            "gross_margin_4q_avg": 53.51,
            "net_income": 1166000,
            "net_income_4q": null,
            "revenue": 4611000,
            "revenue_4q": null,
            "common_shares": 174000,
            "book_valuer_per_share": 24.25,
            "book_valuer_per_share_4q_avg": 22.71,
            "equity": 20217000,
            "current_ratio": 120.3,
            "debt_ratio": 38.52,
            "inventory_turnover_ratio": 2.62,
            "account_receivable_turnover_ratio": 1.3,
            "reinvestment_rate": 77,
            "research_to_sale_ratio": 2.21,
            "price_fair": 139.65,
            "eps_avg_yearly": 3.99,
            "eps_latest_yearly": 4.28,
            "eps_growth_yearly": 26.94
        },
        "20072": {
            "year_quarter": 20072,
            "year": 2007,
            "quarter": 2,
            "eps": 1.16,
            "eps_growth_year": -11.5,
            "eps_4q": 4.47,
            "eps_4q_growth_year": -15.29,
            "roe": 5.56,
            "roe_4q": 21.86,
            "gross_profit": 2571000,
            "gross_margin": 53.83,
            "gross_margin_4q_avg": 53.49,
            "net_income": 1148000,
            "net_income_4q": null,
            "revenue": 4776000,
            "revenue_4q": null,
            "common_shares": 175000,
            "book_valuer_per_share": 25.41,
            "book_valuer_per_share_4q_avg": 23.75,
            "equity": 21111000,
            "current_ratio": 132.84,
            "debt_ratio": 37.3,
            "inventory_turnover_ratio": 2.74,
            "account_receivable_turnover_ratio": 1.24,
            "reinvestment_rate": 73.79,
            "research_to_sale_ratio": 1.95,
            "price_fair": 145.69,
            "eps_avg_yearly": 4.16,
            "eps_latest_yearly": 4.64,
            "eps_growth_yearly": 31.01
        },
        "20073": {
            "year_quarter": 20073,
            "year": 2007,
            "quarter": 3,
            "eps": 1.46,
            "eps_growth_year": 14.16,
            "eps_4q": 4.65,
            "eps_4q_growth_year": -10.35,
            "roe": 6.08,
            "roe_4q": 22.12,
            "gross_profit": 2758000,
            "gross_margin": 54.56,
            "gross_margin_4q_avg": 53.66,
            "net_income": 1307000,
            "net_income_4q": null,
            "revenue": 5055000,
            "revenue_4q": null,
            "common_shares": 175000,
            "book_valuer_per_share": 26.43,
            "book_valuer_per_share_4q_avg": 24.75,
            "equity": 21901000,
            "current_ratio": 138.08,
            "debt_ratio": 35.63,
            "inventory_turnover_ratio": 2.52,
            "account_receivable_turnover_ratio": 1.24,
            "reinvestment_rate": 70.65,
            "research_to_sale_ratio": 2.49,
            "price_fair": 153.56,
            "eps_avg_yearly": 4.39,
            "eps_latest_yearly": 5.84,
            "eps_growth_yearly": 32.69
        },
        "20074": {
            "year_quarter": 20074,
            "year": 2007,
            "quarter": 4,
            "eps": 1.78,
            "eps_growth_year": 85.02,
            "eps_4q": 5.47,
            "eps_4q_growth_year": 13.78,
            "roe": 6.48,
            "roe_4q": 24.03,
            "gross_profit": 3291000,
            "gross_margin": 59.07,
            "gross_margin_4q_avg": 55.75,
            "net_income": 1450000,
            "net_income_4q": null,
            "revenue": 5571000,
            "revenue_4q": null,
            "common_shares": 175000,
            "book_valuer_per_share": 27.64,
            "book_valuer_per_share_4q_avg": 25.93,
            "equity": 22823000,
            "current_ratio": 137.17,
            "debt_ratio": 37.5,
            "inventory_turnover_ratio": 2.45,
            "account_receivable_turnover_ratio": 1.16,
            "reinvestment_rate": 68.23,
            "research_to_sale_ratio": 0.77,
            "price_fair": 164.94,
            "eps_avg_yearly": 4.71,
            "eps_latest_yearly": 7.12,
            "eps_growth_yearly": 41.74
        },
        "20081": {
            "year_quarter": 20081,
            "year": 2008,
            "quarter": 1,
            "eps": 2.2,
            "eps_growth_year": 104.34,
            "eps_4q": 6.59,
            "eps_4q_growth_year": 42.64,
            "roe": 7.71,
            "roe_4q": 25.830000000000002,
            "gross_profit": 3664000,
            "gross_margin": 60.32,
            "gross_margin_4q_avg": 56.95,
            "net_income": 1802000,
            "net_income_4q": null,
            "revenue": 6074000,
            "revenue_4q": null,
            "common_shares": 176000,
            "book_valuer_per_share": 29.17,
            "book_valuer_per_share_4q_avg": 27.16,
            "equity": 23943000,
            "current_ratio": 124.89,
            "debt_ratio": 37.79,
            "inventory_turnover_ratio": 2.77,
            "account_receivable_turnover_ratio": 1.06,
            "reinvestment_rate": 71.59,
            "research_to_sale_ratio": 1.22,
            "price_fair": 178.76,
            "eps_avg_yearly": 5.11,
            "eps_latest_yearly": 8.8,
            "eps_growth_yearly": 40.34
        },
        "20082": {
            "year_quarter": 20082,
            "year": 2008,
            "quarter": 2,
            "eps": 2.76,
            "eps_growth_year": 138.92,
            "eps_4q": 8.2,
            "eps_4q_growth_year": 83.33,
            "roe": 9.26,
            "roe_4q": 29.53,
            "gross_profit": 4610000,
            "gross_margin": 63.85,
            "gross_margin_4q_avg": 59.45,
            "net_income": 2272000,
            "net_income_4q": null,
            "revenue": 7220000,
            "revenue_4q": null,
            "common_shares": 176000,
            "book_valuer_per_share": 30.77,
            "book_valuer_per_share_4q_avg": 28.5,
            "equity": 25143000,
            "current_ratio": 122.82,
            "debt_ratio": 39.33,
            "inventory_turnover_ratio": 2.94,
            "account_receivable_turnover_ratio": 1.08,
            "reinvestment_rate": 72.18,
            "research_to_sale_ratio": 0.8,
            "price_fair": 196.53,
            "eps_avg_yearly": 5.62,
            "eps_latest_yearly": 11.04,
            "eps_growth_yearly": 42.27
        },
        "20083": {
            "year_quarter": 20083,
            "year": 2008,
            "quarter": 3,
            "eps": 2.77,
            "eps_growth_year": 90.1,
            "eps_4q": 9.51,
            "eps_4q_growth_year": 104.46,
            "roe": 8.65,
            "roe_4q": 32.1,
            "gross_profit": 4339000,
            "gross_margin": 60.95,
            "gross_margin_4q_avg": 61.05,
            "net_income": 2253000,
            "net_income_4q": null,
            "revenue": 7119000,
            "revenue_4q": null,
            "common_shares": 176000,
            "book_valuer_per_share": 33.26,
            "book_valuer_per_share_4q_avg": 30.21,
            "equity": 26937000,
            "current_ratio": 119.3,
            "debt_ratio": 36.75,
            "inventory_turnover_ratio": 2.92,
            "account_receivable_turnover_ratio": 1,
            "reinvestment_rate": 73.47,
            "research_to_sale_ratio": 0.86,
            "price_fair": 212.54,
            "eps_avg_yearly": 6.07,
            "eps_latest_yearly": 11.08,
            "eps_growth_yearly": 35.17
        },
        "20084": {
            "year_quarter": 20084,
            "year": 2008,
            "quarter": 4,
            "eps": 1.17,
            "eps_growth_year": -34.22,
            "eps_4q": 8.9,
            "eps_4q_growth_year": 62.74,
            "roe": 1.53,
            "roe_4q": 27.15,
            "gross_profit": 1734000,
            "gross_margin": 42.64,
            "gross_margin_4q_avg": 56.94,
            "net_income": 415000,
            "net_income_4q": null,
            "revenue": 4067000,
            "revenue_4q": null,
            "common_shares": 176000,
            "book_valuer_per_share": 33.69,
            "book_valuer_per_share_4q_avg": 31.72,
            "equity": 27300000,
            "current_ratio": 116.92,
            "debt_ratio": 34.28,
            "inventory_turnover_ratio": 2.44,
            "account_receivable_turnover_ratio": 0.74,
            "reinvestment_rate": 77.92,
            "research_to_sale_ratio": 3.29,
            "price_fair": 186.67,
            "eps_avg_yearly": 6.13,
            "eps_latest_yearly": 4.68,
            "eps_growth_yearly": 20.46
        },
        "20091": {
            "year_quarter": 20091,
            "year": 2009,
            "quarter": 1,
            "eps": 0.48,
            "eps_growth_year": -77.97,
            "eps_4q": 7.19,
            "eps_4q_growth_year": 9.09,
            "roe": 1.24,
            "roe_4q": 20.68,
            "gross_profit": 1039000,
            "gross_margin": 33.48,
            "gross_margin_4q_avg": 50.23,
            "net_income": 338000,
            "net_income_4q": null,
            "revenue": 3103000,
            "revenue_4q": null,
            "common_shares": 176000,
            "book_valuer_per_share": 33.85,
            "book_valuer_per_share_4q_avg": 32.89,
            "equity": 27435000,
            "current_ratio": 110.64,
            "debt_ratio": 32.46,
            "inventory_turnover_ratio": 2.1,
            "account_receivable_turnover_ratio": 0.82,
            "reinvestment_rate": 72.55,
            "research_to_sale_ratio": 1.87,
            "price_fair": 89.63,
            "eps_avg_yearly": 6,
            "eps_latest_yearly": 1.92,
            "eps_growth_yearly": 4.93
        },
        "20092": {
            "year_quarter": 20092,
            "year": 2009,
            "quarter": 2,
            "eps": 0.85,
            "eps_growth_year": -69.21,
            "eps_4q": 5.28,
            "eps_4q_growth_year": -35.59,
            "roe": 2.35,
            "roe_4q": 13.77,
            "gross_profit": 1663000,
            "gross_margin": 44.68,
            "gross_margin_4q_avg": 45.44,
            "net_income": 650000,
            "net_income_4q": null,
            "revenue": 3722000,
            "revenue_4q": null,
            "common_shares": 176000,
            "book_valuer_per_share": 34.32,
            "book_valuer_per_share_4q_avg": 33.78,
            "equity": 27826000,
            "current_ratio": 123.05,
            "debt_ratio": 33.49,
            "inventory_turnover_ratio": 1.98,
            "account_receivable_turnover_ratio": 1.06,
            "reinvestment_rate": 79.51,
            "research_to_sale_ratio": 1.45,
            "price_fair": 100.81,
            "eps_avg_yearly": 5.81,
            "eps_latest_yearly": 3.4,
            "eps_growth_yearly": 7.37
        },
        "20093": {
            "year_quarter": 20093,
            "year": 2009,
            "quarter": 3,
            "eps": 1.14,
            "eps_growth_year": -58.92,
            "eps_4q": 3.64,
            "eps_4q_growth_year": -61.68,
            "roe": 3.12,
            "roe_4q": 8.24,
            "gross_profit": 1996000,
            "gross_margin": 48.38,
            "gross_margin_4q_avg": 42.3,
            "net_income": 877000,
            "net_income_4q": null,
            "revenue": 4126000,
            "revenue_4q": null,
            "common_shares": 177000,
            "book_valuer_per_share": 35.06,
            "book_valuer_per_share_4q_avg": 34.23,
            "equity": 28458000,
            "current_ratio": 137.09,
            "debt_ratio": 32.59,
            "inventory_turnover_ratio": 1.94,
            "account_receivable_turnover_ratio": 1.1,
            "reinvestment_rate": 83.02,
            "research_to_sale_ratio": 1.36,
            "price_fair": 172.49,
            "eps_avg_yearly": 5.75,
            "eps_latest_yearly": 4.56,
            "eps_growth_yearly": 20.01
        },
        "20094": {
            "year_quarter": 20094,
            "year": 2009,
            "quarter": 4,
            "eps": 1.27,
            "eps_growth_year": 8.82,
            "eps_4q": 3.75,
            "eps_4q_growth_year": -57.9,
            "roe": 3.08,
            "roe_4q": 9.790000000000001,
            "gross_profit": 2830000,
            "gross_margin": 61.79,
            "gross_margin_4q_avg": 47.08,
            "net_income": 886000,
            "net_income_4q": null,
            "revenue": 4580000,
            "revenue_4q": null,
            "common_shares": 177000,
            "book_valuer_per_share": 35.82,
            "book_valuer_per_share_4q_avg": 34.76,
            "equity": 29081000,
            "current_ratio": 163.41,
            "debt_ratio": 34.25,
            "inventory_turnover_ratio": 1.64,
            "account_receivable_turnover_ratio": 1,
            "reinvestment_rate": 49.84,
            "research_to_sale_ratio": 2.16,
            "price_fair": 191.44,
            "eps_avg_yearly": 5.73,
            "eps_latest_yearly": 5.08,
            "eps_growth_yearly": 23.41
        },
        "20101": {
            "year_quarter": 20101,
            "year": 2010,
            "quarter": 1,
            "eps": 1.35,
            "eps_growth_year": 178.31,
            "eps_4q": 4.61,
            "eps_4q_growth_year": -35.88,
            "roe": 3.58,
            "roe_4q": 12.13,
            "gross_profit": 2365000,
            "gross_margin": 50.99,
            "gross_margin_4q_avg": 51.46,
            "net_income": 1056000,
            "net_income_4q": null,
            "revenue": 4638000,
            "revenue_4q": null,
            "common_shares": 177000,
            "book_valuer_per_share": 36.86,
            "book_valuer_per_share_4q_avg": 35.52,
            "equity": 29935000,
            "current_ratio": 141.12,
            "debt_ratio": 34.25,
            "inventory_turnover_ratio": 2.2,
            "account_receivable_turnover_ratio": 0.85,
            "reinvestment_rate": 61.83,
            "research_to_sale_ratio": 1.21,
            "price_fair": 201.34,
            "eps_avg_yearly": 5.75,
            "eps_latest_yearly": 5.4,
            "eps_growth_yearly": 26.48
        },
        "20102": {
            "year_quarter": 20102,
            "year": 2010,
            "quarter": 2,
            "eps": 1.33,
            "eps_growth_year": 56.44,
            "eps_4q": 5.09,
            "eps_4q_growth_year": -3.58,
            "roe": 3.39,
            "roe_4q": 13.170000000000002,
            "gross_profit": 2345000,
            "gross_margin": 50.57,
            "gross_margin_4q_avg": 52.93,
            "net_income": 1030000,
            "net_income_4q": null,
            "revenue": 4637000,
            "revenue_4q": null,
            "common_shares": 177000,
            "book_valuer_per_share": 37.92,
            "book_valuer_per_share_4q_avg": 36.42,
            "equity": 30798000,
            "current_ratio": 151.58,
            "debt_ratio": 33.42,
            "inventory_turnover_ratio": 2.01,
            "account_receivable_turnover_ratio": 0.85,
            "reinvestment_rate": 59.56,
            "research_to_sale_ratio": 1.49,
            "price_fair": 201.51,
            "eps_avg_yearly": 5.76,
            "eps_latest_yearly": 5.32,
            "eps_growth_yearly": 25.11
        },
        "20103": {
            "year_quarter": 20103,
            "year": 2010,
            "quarter": 3,
            "eps": 1.48,
            "eps_growth_year": 29.88,
            "eps_4q": 5.43,
            "eps_4q_growth_year": 49,
            "roe": 3.7,
            "roe_4q": 13.75,
            "gross_profit": 2473000,
            "gross_margin": 51.56,
            "gross_margin_4q_avg": 53.73,
            "net_income": 1156000,
            "net_income_4q": null,
            "revenue": 4796000,
            "revenue_4q": null,
            "common_shares": 177000,
            "book_valuer_per_share": 39.02,
            "book_valuer_per_share_4q_avg": 37.41,
            "equity": 31708000,
            "current_ratio": 141.66,
            "debt_ratio": 33.25,
            "inventory_turnover_ratio": 1.98,
            "account_receivable_turnover_ratio": 0.92,
            "reinvestment_rate": 64.6,
            "research_to_sale_ratio": 1.73,
            "price_fair": 203.26,
            "eps_avg_yearly": 5.81,
            "eps_latest_yearly": 5.92,
            "eps_growth_yearly": 28.51
        },
        "20104": {
            "year_quarter": 20104,
            "year": 2010,
            "quarter": 4,
            "eps": 1.91,
            "eps_growth_year": 49.83,
            "eps_4q": 6.07,
            "eps_4q_growth_year": 61.84,
            "roe": 3.5,
            "roe_4q": 14.17,
            "gross_profit": 2709000,
            "gross_margin": 53.26,
            "gross_margin_4q_avg": 51.6,
            "net_income": 1122000,
            "net_income_4q": null,
            "revenue": 5086000,
            "revenue_4q": null,
            "common_shares": 177000,
            "book_valuer_per_share": 39.97,
            "book_valuer_per_share_4q_avg": 38.44,
            "equity": 32484000,
            "current_ratio": 166.89,
            "debt_ratio": 38.05,
            "inventory_turnover_ratio": 2.19,
            "account_receivable_turnover_ratio": 0.91,
            "reinvestment_rate": 66.43,
            "research_to_sale_ratio": 1.06,
            "price_fair": 211.58,
            "eps_avg_yearly": 6.05,
            "eps_latest_yearly": 7.64,
            "eps_growth_yearly": 42.02
        },
        "20111": {
            "year_quarter": 20111,
            "year": 2011,
            "quarter": 1,
            "eps": 2.05,
            "eps_growth_year": 52.44,
            "eps_4q": 6.77,
            "eps_4q_growth_year": 46.88,
            "roe": 3.96,
            "roe_4q": 14.55,
            "gross_profit": 3253000,
            "gross_margin": 56.29,
            "gross_margin_4q_avg": 52.92,
            "net_income": 1308000,
            "net_income_4q": null,
            "revenue": 5779000,
            "revenue_4q": null,
            "common_shares": 177000,
            "book_valuer_per_share": 41.41,
            "book_valuer_per_share_4q_avg": 39.58,
            "equity": 33658000,
            "current_ratio": 112.78,
            "debt_ratio": 37.75,
            "inventory_turnover_ratio": 2.37,
            "account_receivable_turnover_ratio": 0.89,
            "reinvestment_rate": 86.49,
            "research_to_sale_ratio": 1.45,
            "price_fair": 220.15,
            "eps_avg_yearly": 6.29,
            "eps_latest_yearly": 8.2,
            "eps_growth_yearly": 40.99
        },
        "20112": {
            "year_quarter": 20112,
            "year": 2011,
            "quarter": 2,
            "eps": 2.23,
            "eps_growth_year": 67.94,
            "eps_4q": 7.67,
            "eps_4q_growth_year": 50.78,
            "roe": 5.05,
            "roe_4q": 16.21,
            "gross_profit": 3488000,
            "gross_margin": 56.19,
            "gross_margin_4q_avg": 54.33,
            "net_income": 1738000,
            "net_income_4q": null,
            "revenue": 6208000,
            "revenue_4q": null,
            "common_shares": 177000,
            "book_valuer_per_share": 43.26,
            "book_valuer_per_share_4q_avg": 40.92,
            "equity": 35160000,
            "current_ratio": 122.86,
            "debt_ratio": 35.6,
            "inventory_turnover_ratio": 2.37,
            "account_receivable_turnover_ratio": 0.93,
            "reinvestment_rate": 88.16,
            "research_to_sale_ratio": 1,
            "price_fair": 229.51,
            "eps_avg_yearly": 6.56,
            "eps_latest_yearly": 8.92,
            "eps_growth_yearly": 41.08
        },
        "20113": {
            "year_quarter": 20113,
            "year": 2011,
            "quarter": 3,
            "eps": 2.18,
            "eps_growth_year": 47.16,
            "eps_4q": 8.37,
            "eps_4q_growth_year": 54.18,
            "roe": 4.61,
            "roe_4q": 17.12,
            "gross_profit": 3197000,
            "gross_margin": 52.62,
            "gross_margin_4q_avg": 54.59,
            "net_income": 1652000,
            "net_income_4q": null,
            "revenue": 6076000,
            "revenue_4q": null,
            "common_shares": 177000,
            "book_valuer_per_share": 44.94,
            "book_valuer_per_share_4q_avg": 42.4,
            "equity": 36479000,
            "current_ratio": 162.42,
            "debt_ratio": 36.27,
            "inventory_turnover_ratio": 2.35,
            "account_receivable_turnover_ratio": 1.01,
            "reinvestment_rate": 89.12,
            "research_to_sale_ratio": 0.64,
            "price_fair": 235.81,
            "eps_avg_yearly": 6.74,
            "eps_latest_yearly": 8.72,
            "eps_growth_yearly": 34.05
        },
        "20114": {
            "year_quarter": 20114,
            "year": 2011,
            "quarter": 4,
            "eps": 2.03,
            "eps_growth_year": 6.21,
            "eps_4q": 8.49,
            "eps_4q_growth_year": 39.99,
            "roe": 4.21,
            "roe_4q": 17.830000000000002,
            "gross_profit": 3205000,
            "gross_margin": 52.92,
            "gross_margin_4q_avg": 54.51,
            "net_income": 1560000,
            "net_income_4q": null,
            "revenue": 6056000,
            "revenue_4q": null,
            "common_shares": 177000,
            "book_valuer_per_share": 42.42,
            "book_valuer_per_share_4q_avg": 43.01,
            "equity": 37620000,
            "current_ratio": 145.24,
            "debt_ratio": 37.35,
            "inventory_turnover_ratio": 2.46,
            "account_receivable_turnover_ratio": 1.01,
            "reinvestment_rate": 92.8,
            "research_to_sale_ratio": 1.21,
            "price_fair": 238,
            "eps_avg_yearly": 6.8,
            "eps_latest_yearly": 8.12,
            "eps_growth_yearly": 26.85
        },
        "20121": {
            "year_quarter": 20121,
            "year": 2012,
            "quarter": 1,
            "eps": 1.92,
            "eps_growth_year": -6.53,
            "eps_4q": 8.36,
            "eps_4q_growth_year": 23.42,
            "roe": 3.82,
            "roe_4q": 17.69,
            "gross_profit": 3333000,
            "gross_margin": 53.05,
            "gross_margin_4q_avg": 53.7,
            "net_income": 1458000,
            "net_income_4q": null,
            "revenue": 6283000,
            "revenue_4q": null,
            "common_shares": 177000,
            "book_valuer_per_share": 47.77,
            "book_valuer_per_share_4q_avg": 44.6,
            "equity": 38747000,
            "current_ratio": 148.02,
            "debt_ratio": 37.12,
            "inventory_turnover_ratio": 2.54,
            "account_receivable_turnover_ratio": 0.97,
            "reinvestment_rate": 92.63,
            "research_to_sale_ratio": 1.56,
            "price_fair": 199.21,
            "eps_avg_yearly": 6.73,
            "eps_latest_yearly": 7.68,
            "eps_growth_yearly": 19.6
        },
        "20122": {
            "year_quarter": 20122,
            "year": 2012,
            "quarter": 2,
            "eps": 1.64,
            "eps_growth_year": -26.55,
            "eps_4q": 7.76,
            "eps_4q_growth_year": 1.17,
            "roe": 3.14,
            "roe_4q": 15.780000000000001,
            "gross_profit": 2732000,
            "gross_margin": 47.17,
            "gross_margin_4q_avg": 51.44,
            "net_income": 1231000,
            "net_income_4q": null,
            "revenue": 5792000,
            "revenue_4q": null,
            "common_shares": 177000,
            "book_valuer_per_share": 48.83,
            "book_valuer_per_share_4q_avg": 45.99,
            "equity": 39550000,
            "current_ratio": 153.84,
            "debt_ratio": 38.48,
            "inventory_turnover_ratio": 2.23,
            "account_receivable_turnover_ratio": 0.93,
            "reinvestment_rate": 101.92,
            "research_to_sale_ratio": 1.66,
            "price_fair": 126.37,
            "eps_avg_yearly": 6.45,
            "eps_latest_yearly": 6.56,
            "eps_growth_yearly": 9.59
        },
        "20123": {
            "year_quarter": 20123,
            "year": 2012,
            "quarter": 3,
            "eps": 1.7,
            "eps_growth_year": -22.04,
            "eps_4q": 7.28,
            "eps_4q_growth_year": -13,
            "roe": 3.22,
            "roe_4q": 14.39,
            "gross_profit": 2815000,
            "gross_margin": 46.99,
            "gross_margin_4q_avg": 50.03,
            "net_income": 1289000,
            "net_income_4q": null,
            "revenue": 5991000,
            "revenue_4q": null,
            "common_shares": 178000,
            "book_valuer_per_share": 49.96,
            "book_valuer_per_share_4q_avg": 47.25,
            "equity": 40474000,
            "current_ratio": 152.02,
            "debt_ratio": 38.33,
            "inventory_turnover_ratio": 2.27,
            "account_receivable_turnover_ratio": 0.97,
            "reinvestment_rate": 108.46,
            "research_to_sale_ratio": 1.15,
            "price_fair": 126.22,
            "eps_avg_yearly": 6.18,
            "eps_latest_yearly": 6.8,
            "eps_growth_yearly": 10.42
        },
        "20124": {
            "year_quarter": 20124,
            "year": 2012,
            "quarter": 4,
            "eps": 5.57,
            "eps_growth_year": 174.8,
            "eps_4q": 10.83,
            "eps_4q_growth_year": 27.54,
            "roe": 0.73,
            "roe_4q": 10.91,
            "gross_profit": 3018000,
            "gross_margin": 48.78,
            "gross_margin_4q_avg": 49,
            "net_income": 294000,
            "net_income_4q": null,
            "revenue": 6187000,
            "revenue_4q": null,
            "common_shares": 178000,
            "book_valuer_per_share": 45.02,
            "book_valuer_per_share_4q_avg": 47.9,
            "equity": 40016000,
            "current_ratio": 130.21,
            "debt_ratio": 37.68,
            "inventory_turnover_ratio": 2.4,
            "account_receivable_turnover_ratio": 1.08,
            "reinvestment_rate": 113.05,
            "research_to_sale_ratio": 1.33,
            "price_fair": 254.89,
            "eps_avg_yearly": 7.28,
            "eps_latest_yearly": 22.28,
            "eps_growth_yearly": 81.77
        },
        "20131": {
            "year_quarter": 20131,
            "year": 2013,
            "quarter": 1,
            "eps": 1.69,
            "eps_growth_year": -12.07,
            "eps_4q": 10.6,
            "eps_4q_growth_year": 26.82,
            "roe": 3.12,
            "roe_4q": 10.21,
            "gross_profit": 2770000,
            "gross_margin": 46.89,
            "gross_margin_4q_avg": 47.46,
            "net_income": 1263000,
            "net_income_4q": null,
            "revenue": 5907000,
            "revenue_4q": null,
            "common_shares": 178000,
            "book_valuer_per_share": 50.74,
            "book_valuer_per_share_4q_avg": 48.64,
            "equity": 40882000,
            "current_ratio": 130.41,
            "debt_ratio": 37.89,
            "inventory_turnover_ratio": 2.37,
            "account_receivable_turnover_ratio": 1.19,
            "reinvestment_rate": 110.46,
            "research_to_sale_ratio": 0.85,
            "price_fair": 265.48,
            "eps_avg_yearly": 7.59,
            "eps_latest_yearly": 6.76,
            "eps_growth_yearly": 79.1
        },
        "20132": {
            "year_quarter": 20132,
            "year": 2013,
            "quarter": 2,
            "eps": 1.64,
            "eps_growth_year": 0.24,
            "eps_4q": 10.6,
            "eps_4q_growth_year": 36.55,
            "roe": 3,
            "roe_4q": 10.07,
            "gross_profit": 2810000,
            "gross_margin": 46.91,
            "gross_margin_4q_avg": 47.39,
            "net_income": 1241000,
            "net_income_4q": null,
            "revenue": 5990000,
            "revenue_4q": null,
            "common_shares": 178000,
            "book_valuer_per_share": 51.82,
            "book_valuer_per_share_4q_avg": 49.39,
            "equity": 41753000,
            "current_ratio": 131.88,
            "debt_ratio": 38.07,
            "inventory_turnover_ratio": 2.4,
            "account_receivable_turnover_ratio": 1.17,
            "reinvestment_rate": 111.1,
            "research_to_sale_ratio": 1.3,
            "price_fair": 272.39,
            "eps_avg_yearly": 7.78,
            "eps_latest_yearly": 6.56,
            "eps_growth_yearly": 59.09
        },
        "20133": {
            "year_quarter": 20133,
            "year": 2013,
            "quarter": 3,
            "eps": 1.97,
            "eps_growth_year": 15.79,
            "eps_4q": 10.87,
            "eps_4q_growth_year": 49.23,
            "roe": 3.51,
            "roe_4q": 10.36,
            "gross_profit": 3261000,
            "gross_margin": 50.36,
            "gross_margin_4q_avg": 48.24,
            "net_income": 1482000,
            "net_income_4q": null,
            "revenue": 6475000,
            "revenue_4q": null,
            "common_shares": 178000,
            "book_valuer_per_share": 53.09,
            "book_valuer_per_share_4q_avg": 50.17,
            "equity": 42790000,
            "current_ratio": 135.01,
            "debt_ratio": 38.38,
            "inventory_turnover_ratio": 2.41,
            "account_receivable_turnover_ratio": 1.19,
            "reinvestment_rate": 120.23,
            "research_to_sale_ratio": 1.05,
            "price_fair": 279.65,
            "eps_avg_yearly": 7.99,
            "eps_latest_yearly": 7.88,
            "eps_growth_yearly": 55.59
        },
        "20134": {
            "year_quarter": 20134,
            "year": 2013,
            "quarter": 4,
            "eps": 1.25,
            "eps_growth_year": -77.58,
            "eps_4q": 6.55,
            "eps_4q_growth_year": -39.56,
            "roe": 1.28,
            "roe_4q": 10.91,
            "gross_profit": 4939000,
            "gross_margin": 259.27,
            "gross_margin_4q_avg": 100.86,
            "net_income": 551000,
            "net_income_4q": null,
            "revenue": 1905000,
            "revenue_4q": null,
            "common_shares": 178000,
            "book_valuer_per_share": 54.18,
            "book_valuer_per_share_4q_avg": 52.46,
            "equity": 43126000,
            "current_ratio": 134.25,
            "debt_ratio": 37.9,
            "inventory_turnover_ratio": -2.4,
            "account_receivable_turnover_ratio": 0.34,
            "reinvestment_rate": 110.96,
            "research_to_sale_ratio": -2.94,
            "price_fair": 279.48,
            "eps_avg_yearly": 7.99,
            "eps_latest_yearly": 5,
            "eps_growth_yearly": 43.6
        },
        "20141": {
            "year_quarter": 20141,
            "year": 2014,
            "quarter": 1,
            "eps": 1.46,
            "eps_growth_year": -13.19,
            "eps_4q": 6.32,
            "eps_4q_growth_year": -40.34,
            "roe": 2.48,
            "roe_4q": 10.27,
            "gross_profit": 2378000,
            "gross_margin": 47.58,
            "gross_margin_4q_avg": 101.03,
            "net_income": 1070000,
            "net_income_4q": null,
            "revenue": 4998000,
            "revenue_4q": null,
            "common_shares": 178000,
            "book_valuer_per_share": 54.73,
            "book_valuer_per_share_4q_avg": 53.46,
            "equity": 42998000,
            "current_ratio": 133.08,
            "debt_ratio": 37.93,
            "inventory_turnover_ratio": 2.09,
            "account_receivable_turnover_ratio": 0.92,
            "reinvestment_rate": 109.03,
            "research_to_sale_ratio": 0.48,
            "price_fair": 280.44,
            "eps_avg_yearly": 8.01,
            "eps_latest_yearly": 5.84,
            "eps_growth_yearly": 46.22
        },
        "20142": {
            "year_quarter": 20142,
            "year": 2014,
            "quarter": 2,
            "eps": 2.8,
            "eps_growth_year": 70.55,
            "eps_4q": 7.48,
            "eps_4q_growth_year": -29.42,
            "roe": 2.5,
            "roe_4q": 9.77,
            "gross_profit": 3489000,
            "gross_margin": 67.36,
            "gross_margin_4q_avg": 106.14,
            "net_income": 1078000,
            "net_income_4q": null,
            "revenue": 5180000,
            "revenue_4q": null,
            "common_shares": 178000,
            "book_valuer_per_share": 55.53,
            "book_valuer_per_share_4q_avg": 54.38,
            "equity": 43289000,
            "current_ratio": 121.61,
            "debt_ratio": 38.42,
            "inventory_turnover_ratio": 1.29,
            "account_receivable_turnover_ratio": 0.94,
            "reinvestment_rate": 107.15,
            "research_to_sale_ratio": 0.75,
            "price_fair": 293.3,
            "eps_avg_yearly": 8.38,
            "eps_latest_yearly": 11.2,
            "eps_growth_yearly": 69.54
        },
        "20143": {
            "year_quarter": 20143,
            "year": 2014,
            "quarter": 3,
            "eps": 1.22,
            "eps_growth_year": -38,
            "eps_4q": 6.74,
            "eps_4q_growth_year": -38.03,
            "roe": 2.09,
            "roe_4q": 8.35,
            "gross_profit": 3199000,
            "gross_margin": 64.82,
            "gross_margin_4q_avg": 109.76,
            "net_income": 905000,
            "net_income_4q": null,
            "revenue": 4935000,
            "revenue_4q": null,
            "common_shares": 178000,
            "book_valuer_per_share": 56.07,
            "book_valuer_per_share_4q_avg": 55.13,
            "equity": 43479000,
            "current_ratio": 110.36,
            "debt_ratio": 39.2,
            "inventory_turnover_ratio": 1.29,
            "account_receivable_turnover_ratio": 0.92,
            "reinvestment_rate": 111.26,
            "research_to_sale_ratio": 0.57,
            "price_fair": 291.03,
            "eps_avg_yearly": 8.32,
            "eps_latest_yearly": 4.88,
            "eps_growth_yearly": 52.61
        },
        "20144": {
            "year_quarter": 20144,
            "year": 2014,
            "quarter": 4,
            "eps": 0.42,
            "eps_growth_year": -66.45,
            "eps_4q": 5.91,
            "eps_4q_growth_year": -9.78,
            "roe": -10.85,
            "roe_4q": -3.78,
            "gross_profit": 4053000,
            "gross_margin": 415.27,
            "gross_margin_4q_avg": 148.76,
            "net_income": -4256000,
            "net_income_4q": null,
            "revenue": 976000,
            "revenue_4q": null,
            "common_shares": 178000,
            "book_valuer_per_share": 45.37,
            "book_valuer_per_share_4q_avg": 52.93,
            "equity": 34959000,
            "current_ratio": 168.28,
            "debt_ratio": 37.86,
            "inventory_turnover_ratio": -2.55,
            "account_receivable_turnover_ratio": 0.21,
            "reinvestment_rate": -10.06,
            "research_to_sale_ratio": -1.23,
            "price_fair": 277.99,
            "eps_avg_yearly": 7.94,
            "eps_latest_yearly": 1.68,
            "eps_growth_yearly": 28.96
        },
        "20151": {
            "year_quarter": 20151,
            "year": 2015,
            "quarter": 1,
            "eps": -0.02,
            "eps_growth_year": -101.51,
            "eps_4q": 4.42,
            "eps_4q_growth_year": -30.1,
            "roe": -0.73,
            "roe_4q": -6.99,
            "gross_profit": 534000,
            "gross_margin": 17.12,
            "gross_margin_4q_avg": 141.14,
            "net_income": -251000,
            "net_income_4q": null,
            "revenue": 3120000,
            "revenue_4q": null,
            "common_shares": 178000,
            "book_valuer_per_share": 44.48,
            "book_valuer_per_share_4q_avg": 50.36,
            "equity": 34164000,
            "current_ratio": 150.89,
            "debt_ratio": 36.01,
            "inventory_turnover_ratio": 2.37,
            "account_receivable_turnover_ratio": 0.86,
            "reinvestment_rate": -16.28,
            "research_to_sale_ratio": 0.26,
            "price_fair": 277.39,
            "eps_avg_yearly": 7.93,
            "eps_latest_yearly": 1.68,
            "eps_growth_yearly": 28.93
        },
        "20152": {
            "year_quarter": 20152,
            "year": 2015,
            "quarter": 2,
            "eps": 0.24,
            "eps_growth_year": -91.35,
            "eps_4q": 1.86,
            "eps_4q_growth_year": -75.16,
            "roe": 0.36,
            "roe_4q": -9.129999999999999,
            "gross_profit": 2015000,
            "gross_margin": 57.65,
            "gross_margin_4q_avg": 138.72,
            "net_income": 122000,
            "net_income_4q": null,
            "revenue": 3495000,
            "revenue_4q": null,
            "common_shares": 178000,
            "book_valuer_per_share": 43.62,
            "book_valuer_per_share_4q_avg": 47.39,
            "equity": 33302000,
            "current_ratio": 140.68,
            "debt_ratio": 38.75,
            "inventory_turnover_ratio": 1.31,
            "account_receivable_turnover_ratio": 0.99,
            "reinvestment_rate": -27,
            "research_to_sale_ratio": 0.29,
            "price_fair": 274.9,
            "eps_avg_yearly": 7.85,
            "eps_latest_yearly": 1.68,
            "eps_growth_yearly": 28.49
        },
        "20153": {
            "year_quarter": 20153,
            "year": 2015,
            "quarter": 3,
            "eps": 0.16,
            "eps_growth_year": -86.67,
            "eps_4q": 0.8,
            "eps_4q_growth_year": -88.09,
            "roe": -8.44,
            "roe_4q": -19.66,
            "gross_profit": 1734000,
            "gross_margin": 55.1,
            "gross_margin_4q_avg": 136.29,
            "net_income": -2666000,
            "net_income_4q": null,
            "revenue": 3147000,
            "revenue_4q": null,
            "common_shares": 178000,
            "book_valuer_per_share": 39.13,
            "book_valuer_per_share_4q_avg": 43.15,
            "equity": 29882000,
            "current_ratio": 141.8,
            "debt_ratio": 40.34,
            "inventory_turnover_ratio": 1.26,
            "account_receivable_turnover_ratio": 0.84,
            "reinvestment_rate": -145.76,
            "research_to_sale_ratio": 0.16,
            "price_fair": 215.45,
            "eps_avg_yearly": 7.28,
            "eps_latest_yearly": 0.64,
            "eps_growth_yearly": 19.61
        },
        "20154": {
            "year_quarter": 20154,
            "year": 2015,
            "quarter": 4,
            "eps": -0.15,
            "eps_growth_year": -134.69,
            "eps_4q": 0.24,
            "eps_4q_growth_year": -95.98,
            "roe": -20.5,
            "roe_4q": -29.31,
            "gross_profit": 1482000,
            "gross_margin": 52.26,
            "gross_margin_4q_avg": 45.53,
            "net_income": -5559000,
            "net_income_4q": null,
            "revenue": 2836000,
            "revenue_4q": null,
            "common_shares": 178000,
            "book_valuer_per_share": 31.89,
            "book_valuer_per_share_4q_avg": 39.78,
            "equity": 24350000,
            "current_ratio": 137.42,
            "debt_ratio": 43.91,
            "inventory_turnover_ratio": 1.28,
            "account_receivable_turnover_ratio": 0.88,
            "reinvestment_rate": 2151.91,
            "research_to_sale_ratio": 0.46,
            "price_fair": 239.68,
            "eps_avg_yearly": 7.21,
            "eps_latest_yearly": 0.64,
            "eps_growth_yearly": 23.23
        },
        "20161": {
            "year_quarter": 20161,
            "year": 2016,
            "quarter": 1,
            "eps": -0.27,
            "eps_growth_year": null,
            "eps_4q": -0.01,
            "eps_4q_growth_year": -100.17,
            "roe": -1.63,
            "roe_4q": -30.21,
            "gross_profit": 862000,
            "gross_margin": 40.22,
            "gross_margin_4q_avg": 51.31,
            "net_income": -393000,
            "net_income_4q": null,
            "revenue": 2143000,
            "revenue_4q": null,
            "common_shares": 178000,
            "book_valuer_per_share": 31.14,
            "book_valuer_per_share_4q_avg": 36.45,
            "equity": 23789000,
            "current_ratio": 120.67,
            "debt_ratio": 43.38,
            "inventory_turnover_ratio": 1.29,
            "account_receivable_turnover_ratio": 0.75,
            "reinvestment_rate": 718.1,
            "research_to_sale_ratio": 0.42,
            "price_fair": 251.07,
            "eps_avg_yearly": 7.17,
            "eps_latest_yearly": 0.64,
            "eps_growth_yearly": 26.97
        },
        "20162": {
            "year_quarter": 20162,
            "year": 2016,
            "quarter": 2,
            "eps": -0.18,
            "eps_growth_year": -173.4,
            "eps_4q": -0.43,
            "eps_4q_growth_year": -123.04,
            "roe": -0.8,
            "roe_4q": -31.369999999999997,
            "gross_profit": 1314000,
            "gross_margin": 51.37,
            "gross_margin_4q_avg": 49.74,
            "net_income": -187000,
            "net_income_4q": null,
            "revenue": 2558000,
            "revenue_4q": null,
            "common_shares": 178000,
            "book_valuer_per_share": 30.24,
            "book_valuer_per_share_4q_avg": 33.1,
            "equity": 23101000,
            "current_ratio": 170.34,
            "debt_ratio": 45.51,
            "inventory_turnover_ratio": 1.31,
            "account_receivable_turnover_ratio": 0.87,
            "reinvestment_rate": 513.29,
            "research_to_sale_ratio": 1.06,
            "price_fair": 253.02,
            "eps_avg_yearly": 7.23,
            "eps_latest_yearly": 0.64,
            "eps_growth_yearly": 34.73
        },
        "20163": {
            "year_quarter": 20163,
            "year": 2016,
            "quarter": 3,
            "eps": 0.01,
            "eps_growth_year": -95.17,
            "eps_4q": -0.58,
            "eps_4q_growth_year": -172.66,
            "roe": -1.3,
            "roe_4q": -24.23,
            "gross_profit": 1335000,
            "gross_margin": 49.94,
            "gross_margin_4q_avg": 48.45,
            "net_income": -296000,
            "net_income_4q": null,
            "revenue": 2673000,
            "revenue_4q": null,
            "common_shares": 178000,
            "book_valuer_per_share": 29.18,
            "book_valuer_per_share_4q_avg": 30.61,
            "equity": 22296000,
            "current_ratio": 153.15,
            "debt_ratio": 46.44,
            "inventory_turnover_ratio": 1.46,
            "account_receivable_turnover_ratio": 0.81,
            "reinvestment_rate": 395.83,
            "research_to_sale_ratio": 0.34,
            "price_fair": 254.52,
            "eps_avg_yearly": 7.27,
            "eps_latest_yearly": 0.64,
            "eps_growth_yearly": 36.74
        },
        "20164": {
            "year_quarter": 20164,
            "year": 2016,
            "quarter": 4,
            "eps": -0.2,
            "eps_growth_year": null,
            "eps_4q": -0.63,
            "eps_4q_growth_year": -366.8,
            "roe": -1.4,
            "roe_4q": -5.13,
            "gross_profit": 1496000,
            "gross_margin": 53.01,
            "gross_margin_4q_avg": 48.64,
            "net_income": -307000,
            "net_income_4q": null,
            "revenue": 2822000,
            "revenue_4q": null,
            "common_shares": 178000,
            "book_valuer_per_share": 28.13,
            "book_valuer_per_share_4q_avg": 29.67,
            "equity": 21497000,
            "current_ratio": 132.47,
            "debt_ratio": 50.13,
            "inventory_turnover_ratio": 1.48,
            "account_receivable_turnover_ratio": 0.75,
            "reinvestment_rate": 341.9,
            "research_to_sale_ratio": 0.6,
            "price_fair": 16.81,
            "eps_avg_yearly": 5.6,
            "eps_latest_yearly": 0.64,
            "eps_growth_yearly": -60.35
        },
        "20171": {
            "year_quarter": 20171,
            "year": 2017,
            "quarter": 1,
            "eps": 0.17,
            "eps_growth_year": null,
            "eps_4q": -0.2,
            "eps_4q_growth_year": null,
            "roe": 0.41,
            "roe_4q": -3.09,
            "gross_profit": 1540000,
            "gross_margin": 51.92,
            "gross_margin_4q_avg": 51.56,
            "net_income": 87000,
            "net_income_4q": null,
            "revenue": 2966000,
            "revenue_4q": null,
            "common_shares": 179000,
            "book_valuer_per_share": 27.57,
            "book_valuer_per_share_4q_avg": 28.78,
            "equity": 21079000,
            "current_ratio": 120.23,
            "debt_ratio": 50.36,
            "inventory_turnover_ratio": 1.52,
            "account_receivable_turnover_ratio": 0.71,
            "reinvestment_rate": 303,
            "research_to_sale_ratio": 0.37,
            "price_fair": 16.38,
            "eps_avg_yearly": 5.46,
            "eps_latest_yearly": 0.64,
            "eps_growth_yearly": -33.07
        },
        "20172": {
            "year_quarter": 20172,
            "year": 2017,
            "quarter": 2,
            "eps": 1.61,
            "eps_growth_year": null,
            "eps_4q": 1.59,
            "eps_4q_growth_year": null,
            "roe": 1.52,
            "roe_4q": -0.77,
            "gross_profit": 1598000,
            "gross_margin": 51.82,
            "gross_margin_4q_avg": 51.67,
            "net_income": 320000,
            "net_income_4q": null,
            "revenue": 3084000,
            "revenue_4q": null,
            "common_shares": 179000,
            "book_valuer_per_share": 27.51,
            "book_valuer_per_share_4q_avg": 28.1,
            "equity": 21037000,
            "current_ratio": 126.35,
            "debt_ratio": 49.89,
            "inventory_turnover_ratio": 1.54,
            "account_receivable_turnover_ratio": 0.75,
            "reinvestment_rate": 286.05,
            "research_to_sale_ratio": 0.26,
            "price_fair": 190.58,
            "eps_avg_yearly": 5.45,
            "eps_latest_yearly": 6.44,
            "eps_growth_yearly": 391.94
        },
        "20173": {
            "year_quarter": 20173,
            "year": 2017,
            "quarter": 3,
            "eps": 0.4,
            "eps_growth_year": 5036.05,
            "eps_4q": 1.98,
            "eps_4q_growth_year": null,
            "roe": 0.62,
            "roe_4q": 1.1500000000000004,
            "gross_profit": 1710000,
            "gross_margin": 55.75,
            "gross_margin_4q_avg": 53.13,
            "net_income": 130000,
            "net_income_4q": null,
            "revenue": 3067000,
            "revenue_4q": null,
            "common_shares": 179000,
            "book_valuer_per_share": 27.01,
            "book_valuer_per_share_4q_avg": 27.56,
            "equity": 20669000,
            "current_ratio": 110.74,
            "debt_ratio": 50.13,
            "inventory_turnover_ratio": 1.41,
            "account_receivable_turnover_ratio": 0.8,
            "reinvestment_rate": 245.79,
            "research_to_sale_ratio": 0.26,
            "price_fair": 163.1,
            "eps_avg_yearly": 4.66,
            "eps_latest_yearly": 1.6,
            "eps_growth_yearly": 344.3
        },
        "20174": {
            "year_quarter": 20174,
            "year": 2017,
            "quarter": 4,
            "eps": 0.57,
            "eps_growth_year": null,
            "eps_4q": 2.75,
            "eps_4q_growth_year": null,
            "roe": 1.97,
            "roe_4q": 4.52,
            "gross_profit": 2211000,
            "gross_margin": 62.53,
            "gross_margin_4q_avg": 55.51,
            "net_income": 407000,
            "net_income_4q": null,
            "revenue": 3536000,
            "revenue_4q": null,
            "common_shares": 179000,
            "book_valuer_per_share": 26.89,
            "book_valuer_per_share_4q_avg": 27.25,
            "equity": 20572000,
            "current_ratio": 111.76,
            "debt_ratio": 51.05,
            "inventory_turnover_ratio": 1.18,
            "account_receivable_turnover_ratio": 0.9,
            "reinvestment_rate": 254.2,
            "research_to_sale_ratio": 1.56,
            "price_fair": 151.2,
            "eps_avg_yearly": 4.32,
            "eps_latest_yearly": 2.28,
            "eps_growth_yearly": 383.82
        },
        "20181": {
            "year_quarter": 20181,
            "year": 2018,
            "quarter": 1,
            "eps": 0.94,
            "eps_growth_year": 456.12,
            "eps_4q": 3.53,
            "eps_4q_growth_year": null,
            "roe": 3.12,
            "roe_4q": 7.23,
            "gross_profit": 2448000,
            "gross_margin": 64.24,
            "gross_margin_4q_avg": 58.59,
            "net_income": 645000,
            "net_income_4q": null,
            "revenue": 3811000,
            "revenue_4q": null,
            "common_shares": 179000,
            "book_valuer_per_share": 27.06,
            "book_valuer_per_share_4q_avg": 27.12,
            "equity": 20722000,
            "current_ratio": 125.8,
            "debt_ratio": 51.59,
            "inventory_turnover_ratio": 1.18,
            "account_receivable_turnover_ratio": 0.82,
            "reinvestment_rate": 252.99,
            "research_to_sale_ratio": 0.39,
            "price_fair": 142.1,
            "eps_avg_yearly": 4.06,
            "eps_latest_yearly": 3.76,
            "eps_growth_yearly": 407.88
        },
        "20182": {
            "year_quarter": 20182,
            "year": 2018,
            "quarter": 2,
            "eps": 1.11,
            "eps_growth_year": -30.95,
            "eps_4q": 3.03,
            "eps_4q_growth_year": 90.75,
            "roe": 3.7,
            "roe_4q": 9.41,
            "gross_profit": 2710000,
            "gross_margin": 64.91,
            "gross_margin_4q_avg": 61.86,
            "net_income": 770000,
            "net_income_4q": null,
            "revenue": 4175000,
            "revenue_4q": null,
            "common_shares": 179000,
            "book_valuer_per_share": 27.37,
            "book_valuer_per_share_4q_avg": 27.08,
            "equity": 20931000,
            "current_ratio": 136.05,
            "debt_ratio": 52.5,
            "inventory_turnover_ratio": 1.22,
            "account_receivable_turnover_ratio": 0.78,
            "reinvestment_rate": 266.41,
            "research_to_sale_ratio": 0.5,
            "price_fair": 112.53,
            "eps_avg_yearly": 3.22,
            "eps_latest_yearly": 4.44,
            "eps_growth_yearly": 371.03
        },
        "20183": {
            "year_quarter": 20183,
            "year": 2018,
            "quarter": 3,
            "eps": 2.46,
            "eps_growth_year": 510.24,
            "eps_4q": 5.09,
            "eps_4q_growth_year": 156.43,
            "roe": 8.4,
            "roe_4q": 17.19,
            "gross_profit": 3429000,
            "gross_margin": 65.75,
            "gross_margin_4q_avg": 64.36,
            "net_income": 1782000,
            "net_income_4q": null,
            "revenue": 5215000,
            "revenue_4q": null,
            "common_shares": 179000,
            "book_valuer_per_share": 28.5,
            "book_valuer_per_share_4q_avg": 27.46,
            "equity": 21489000,
            "current_ratio": 132.73,
            "debt_ratio": 52.2,
            "inventory_turnover_ratio": 1.52,
            "account_receivable_turnover_ratio": 0.91,
            "reinvestment_rate": 88.87,
            "research_to_sale_ratio": 0.46,
            "price_fair": 134.23,
            "eps_avg_yearly": 3.84,
            "eps_latest_yearly": 9.84,
            "eps_growth_yearly": 460.06
        },
        "20184": {
            "year_quarter": 20184,
            "year": 2018,
            "quarter": 4,
            "eps": 1.56,
            "eps_growth_year": 173.06,
            "eps_4q": 6.08,
            "eps_4q_growth_year": 120.8,
            "roe": 2.7,
            "roe_4q": 17.92,
            "gross_profit": 2616000,
            "gross_margin": 57.24,
            "gross_margin_4q_avg": 63.04,
            "net_income": 578000,
            "net_income_4q": null,
            "revenue": 4570000,
            "revenue_4q": null,
            "common_shares": 179000,
            "book_valuer_per_share": 28.46,
            "book_valuer_per_share_4q_avg": 27.85,
            "equity": 21330000,
            "current_ratio": 134,
            "debt_ratio": 51.36,
            "inventory_turnover_ratio": 1.72,
            "account_receivable_turnover_ratio": 0.84,
            "reinvestment_rate": 181.76,
            "research_to_sale_ratio": 1.09,
            "price_fair": 154.18,
            "eps_avg_yearly": 4.41,
            "eps_latest_yearly": 6.24,
            "eps_growth_yearly": 474.55
        },
        "20191": {
            "year_quarter": 20191,
            "year": 2019,
            "quarter": 1,
            "eps": 0.84,
            "eps_growth_year": -11.43,
            "eps_4q": 5.97,
            "eps_4q_growth_year": 69.24,
            "roe": 2.96,
            "roe_4q": 17.76,
            "gross_profit": 2509000,
            "gross_margin": 60.57,
            "gross_margin_4q_avg": 62.12,
            "net_income": 631000,
            "net_income_4q": null,
            "revenue": 4142000,
            "revenue_4q": null,
            "common_shares": 179000,
            "book_valuer_per_share": 28.4,
            "book_valuer_per_share_4q_avg": 28.18,
            "equity": 21236000,
            "current_ratio": 122.99,
            "debt_ratio": 52.15,
            "inventory_turnover_ratio": 1.19,
            "account_receivable_turnover_ratio": 0.81,
            "reinvestment_rate": 201.5,
            "research_to_sale_ratio": 0.87,
            "price_fair": 150.11,
            "eps_avg_yearly": 4.29,
            "eps_latest_yearly": 3.36,
            "eps_growth_yearly": 401.31
        },
        "20192": {
            "year_quarter": 20192,
            "year": 2019,
            "quarter": 2,
            "eps": 0.89,
            "eps_growth_year": -19.96,
            "eps_4q": 5.75,
            "eps_4q_growth_year": 89.72,
            "roe": 2.98,
            "roe_4q": 17.04,
            "gross_profit": 2664000,
            "gross_margin": 60.27,
            "gross_margin_4q_avg": 60.96,
            "net_income": 635000,
            "net_income_4q": null,
            "revenue": 4420000,
            "revenue_4q": null,
            "common_shares": 179000,
            "book_valuer_per_share": 28.53,
            "book_valuer_per_share_4q_avg": 28.47,
            "equity": 21347000,
            "current_ratio": 119.61,
            "debt_ratio": 52.32,
            "inventory_turnover_ratio": 1.15,
            "account_receivable_turnover_ratio": 0.84,
            "reinvestment_rate": 113.23,
            "research_to_sale_ratio": 0.79,
            "price_fair": 147.56,
            "eps_avg_yearly": 4.22,
            "eps_latest_yearly": 3.56,
            "eps_growth_yearly": 363.56
        },
        "20193": {
            "year_quarter": 20193,
            "year": 2019,
            "quarter": 3,
            "eps": -0.1,
            "eps_growth_year": -104.09,
            "eps_4q": 3.19,
            "eps_4q_growth_year": -37.33,
            "roe": -2.57,
            "roe_4q": 6.07,
            "gross_profit": 3538000,
            "gross_margin": 59.81,
            "gross_margin_4q_avg": 59.47,
            "net_income": -737000,
            "net_income_4q": null,
            "revenue": 5915000,
            "revenue_4q": null,
            "common_shares": 209000,
            "book_valuer_per_share": 19.99,
            "book_valuer_per_share_4q_avg": 26.35,
            "equity": 36080000,
            "current_ratio": 133.43,
            "debt_ratio": 71.24,
            "inventory_turnover_ratio": 1.49,
            "account_receivable_turnover_ratio": 1.06,
            "reinvestment_rate": -4256.89,
            "research_to_sale_ratio": 1.07,
            "price_fair": 161.47,
            "eps_avg_yearly": 4.61,
            "eps_latest_yearly": 3.56,
            "eps_growth_yearly": 418.77
        },
        "20194": {
            "year_quarter": 20194,
            "year": 2019,
            "quarter": 4,
            "eps": -0.25,
            "eps_growth_year": -116.23,
            "eps_4q": 1.37,
            "eps_4q_growth_year": -77.46,
            "roe": -2.95,
            "roe_4q": 0.4200000000000004,
            "gross_profit": 4187000,
            "gross_margin": 62.77,
            "gross_margin_4q_avg": 60.86,
            "net_income": -1036000,
            "net_income_4q": null,
            "revenue": 6670000,
            "revenue_4q": null,
            "common_shares": 209000,
            "book_valuer_per_share": 27.37,
            "book_valuer_per_share_4q_avg": 26.07,
            "equity": 34232000,
            "current_ratio": 115.18,
            "debt_ratio": 68.06,
            "inventory_turnover_ratio": 1.56,
            "account_receivable_turnover_ratio": 1.32,
            "reinvestment_rate": 1802.9,
            "research_to_sale_ratio": 1.69,
            "price_fair": 161.47,
            "eps_avg_yearly": 4.61,
            "eps_latest_yearly": 3.56,
            "eps_growth_yearly": 418.77
        },
        "20201": {
            "year_quarter": 20201,
            "year": 2020,
            "quarter": 1,
            "eps": -1.06,
            "eps_growth_year": -226.46,
            "eps_4q": -0.52,
            "eps_4q_growth_year": -108.78,
            "roe": -6.14,
            "roe_4q": -8.68,
            "gross_profit": 4008000,
            "gross_margin": 60.3,
            "gross_margin_4q_avg": 60.79,
            "net_income": -2013000,
            "net_income_4q": null,
            "revenue": 6647000,
            "revenue_4q": null,
            "common_shares": 210000,
            "book_valuer_per_share": 23.93,
            "book_valuer_per_share_4q_avg": 24.96,
            "equity": 31295000,
            "current_ratio": 117.94,
            "debt_ratio": 69.21,
            "inventory_turnover_ratio": 1.75,
            "account_receivable_turnover_ratio": 1.99,
            "reinvestment_rate": 3469.63,
            "research_to_sale_ratio": 0.56,
            "price_fair": 161.47,
            "eps_avg_yearly": 4.61,
            "eps_latest_yearly": 3.56,
            "eps_growth_yearly": 418.77
        },
        "20202": {
            "year_quarter": 20202,
            "year": 2020,
            "quarter": 2,
            "eps": -2.88,
            "eps_growth_year": -424.11,
            "eps_4q": -4.29,
            "eps_4q_growth_year": -174.65,
            "roe": -24.58,
            "roe_4q": -36.24,
            "gross_profit": 1172000,
            "gross_margin": 39.58,
            "gross_margin_4q_avg": 55.62,
            "net_income": -6716000,
            "net_income_4q": null,
            "revenue": 2961000,
            "revenue_4q": null,
            "common_shares": 213000,
            "book_valuer_per_share": 14.79,
            "book_valuer_per_share_4q_avg": 21.52,
            "equity": 23346000,
            "current_ratio": 85.06,
            "debt_ratio": 73.9,
            "inventory_turnover_ratio": 1.23,
            "account_receivable_turnover_ratio": 1.23,
            "reinvestment_rate": -965.27,
            "research_to_sale_ratio": 1.11,
            "price_fair": 161.47,
            "eps_avg_yearly": 4.61,
            "eps_latest_yearly": 3.56,
            "eps_growth_yearly": 418.77
        },
        "20203": {
            "year_quarter": 20203,
            "year": 2020,
            "quarter": 3,
            "eps": -2.24,
            "eps_growth_year": null,
            "eps_4q": -6.43,
            "eps_4q_growth_year": -301.82,
            "roe": -16.92,
            "roe_4q": -50.59,
            "gross_profit": 2179000,
            "gross_margin": 52.77,
            "gross_margin_4q_avg": 53.86,
            "net_income": -3655000,
            "net_income_4q": null,
            "revenue": 4129000,
            "revenue_4q": null,
            "common_shares": 216000,
            "book_valuer_per_share": 10.84,
            "book_valuer_per_share_4q_avg": 19.23,
            "equity": 19860000,
            "current_ratio": 101.85,
            "debt_ratio": 76.48,
            "inventory_turnover_ratio": 1.24,
            "account_receivable_turnover_ratio": 1.86,
            "reinvestment_rate": -468.01,
            "research_to_sale_ratio": 0.7,
            "price_fair": 161.47,
            "eps_avg_yearly": 4.61,
            "eps_latest_yearly": 3.56,
            "eps_growth_yearly": 418.77
        },
        "20204": {
            "year_quarter": 20204,
            "year": 2020,
            "quarter": 4,
            "eps": -1.36,
            "eps_growth_year": null,
            "eps_4q": -7.54,
            "eps_4q_growth_year": -650.17,
            "roe": -5.98,
            "roe_4q": -53.620000000000005,
            "gross_profit": 2100000,
            "gross_margin": 50.12,
            "gross_margin_4q_avg": 50.69,
            "net_income": -1149000,
            "net_income_4q": null,
            "revenue": 4190000,
            "revenue_4q": null,
            "common_shares": 216000,
            "book_valuer_per_share": 9.46,
            "book_valuer_per_share_4q_avg": 14.76,
            "equity": 18573000,
            "current_ratio": 107.25,
            "debt_ratio": 76.8,
            "inventory_turnover_ratio": 1.17,
            "account_receivable_turnover_ratio": 2,
            "reinvestment_rate": -400.61,
            "research_to_sale_ratio": 0.79,
            "price_fair": 161.47,
            "eps_avg_yearly": 4.61,
            "eps_latest_yearly": 3.56,
            "eps_growth_yearly": 418.77
        },
        "20211": {
            "year_quarter": 20211,
            "year": 2021,
            "quarter": 1,
            "eps": 0.29,
            "eps_growth_year": null,
            "eps_4q": -6.2,
            "eps_4q_growth_year": null,
            "roe": 1.62,
            "roe_4q": -45.86,
            "gross_profit": 3111000,
            "gross_margin": 57.95,
            "gross_margin_4q_avg": 50.11,
            "net_income": 299000,
            "net_income_4q": null,
            "revenue": 5368000,
            "revenue_4q": null,
            "common_shares": 217000,
            "book_valuer_per_share": 9.15,
            "book_valuer_per_share_4q_avg": 11.06,
            "equity": 18300000,
            "current_ratio": 116.72,
            "debt_ratio": 76.94,
            "inventory_turnover_ratio": 1.11,
            "account_receivable_turnover_ratio": 2.08,
            "reinvestment_rate": -392.17,
            "research_to_sale_ratio": 0.52,
            "price_fair": 161.47,
            "eps_avg_yearly": 4.61,
            "eps_latest_yearly": 3.56,
            "eps_growth_yearly": 418.77
        },
        "20212": {
            "year_quarter": 20212,
            "year": 2021,
            "quarter": 2,
            "eps": -0.05,
            "eps_growth_year": null,
            "eps_4q": -3.37,
            "eps_4q_growth_year": null,
            "roe": 0.55,
            "roe_4q": -20.730000000000004,
            "gross_profit": 3768000,
            "gross_margin": 62.73,
            "gross_margin_4q_avg": 55.89,
            "net_income": 100000,
            "net_income_4q": null,
            "revenue": 6007000,
            "revenue_4q": null,
            "common_shares": 217000,
            "book_valuer_per_share": 9.08,
            "book_valuer_per_share_4q_avg": 9.63,
            "equity": 18244000,
            "current_ratio": 133.99,
            "debt_ratio": 77.18,
            "inventory_turnover_ratio": 1.12,
            "account_receivable_turnover_ratio": 1.9,
            "reinvestment_rate": -352.4,
            "research_to_sale_ratio": 1.43,
            "price_fair": 153.48,
            "eps_avg_yearly": 4.39,
            "eps_latest_yearly": 3.56,
            "eps_growth_yearly": 47.59
        },
        "20213": {
            "year_quarter": 20213,
            "year": 2021,
            "quarter": 3,
            "eps": 0.69,
            "eps_growth_year": null,
            "eps_4q": -0.44,
            "eps_4q_growth_year": null,
            "roe": 4.47,
            "roe_4q": 0.6599999999999993,
            "gross_profit": 4302000,
            "gross_margin": 63.17,
            "gross_margin_4q_avg": 58.49,
            "net_income": 830000,
            "net_income_4q": null,
            "revenue": 6810000,
            "revenue_4q": null,
            "common_shares": 217000,
            "book_valuer_per_share": 9.76,
            "book_valuer_per_share_4q_avg": 9.36,
            "equity": 18873000,
            "current_ratio": 108.47,
            "debt_ratio": 75.09,
            "inventory_turnover_ratio": 1.39,
            "account_receivable_turnover_ratio": 2.01,
            "reinvestment_rate": -377.48,
            "research_to_sale_ratio": 0.46,
            "price_fair": 167.4,
            "eps_avg_yearly": 4.78,
            "eps_latest_yearly": 3.56,
            "eps_growth_yearly": 97.33
        },
        "20214": {
            "year_quarter": 20214,
            "year": 2021,
            "quarter": 4,
            "eps": 1.53,
            "eps_growth_year": null,
            "eps_4q": 2.45,
            "eps_4q_growth_year": null,
            "roe": 7.96,
            "roe_4q": 14.600000000000001,
            "gross_profit": 5282000,
            "gross_margin": 66.55,
            "gross_margin_4q_avg": 62.6,
            "net_income": 1561000,
            "net_income_4q": null,
            "revenue": 7937000,
            "revenue_4q": null,
            "common_shares": 217000,
            "book_valuer_per_share": 11.31,
            "book_valuer_per_share_4q_avg": 9.83,
            "equity": 20327000,
            "current_ratio": 122.67,
            "debt_ratio": 72.91,
            "inventory_turnover_ratio": 1.47,
            "account_receivable_turnover_ratio": 2.07,
            "reinvestment_rate": -419.39,
            "research_to_sale_ratio": 1.35,
            "price_fair": 186.6,
            "eps_avg_yearly": 5.33,
            "eps_latest_yearly": 6.12,
            "eps_growth_yearly": 142.61
        },
        "20221": {
            "year_quarter": 20221,
            "year": 2022,
            "quarter": 1,
            "eps": 4.69,
            "eps_growth_year": 1545.51,
            "eps_4q": 6.86,
            "eps_4q_growth_year": null,
            "roe": 21.56,
            "roe_4q": 34.54,
            "gross_profit": 5558000,
            "gross_margin": 66.18,
            "gross_margin_4q_avg": 64.66,
            "net_income": 4876000,
            "net_income_4q": null,
            "revenue": 8398000,
            "revenue_4q": null,
            "common_shares": 217000,
            "book_valuer_per_share": 16.16,
            "book_valuer_per_share_4q_avg": 11.58,
            "equity": 24907000,
            "current_ratio": 115.61,
            "debt_ratio": 66.44,
            "inventory_turnover_ratio": 1.75,
            "account_receivable_turnover_ratio": 1.74,
            "reinvestment_rate": -998.71,
            "research_to_sale_ratio": 0.3,
            "price_fair": 261.6,
            "eps_avg_yearly": 7.47,
            "eps_latest_yearly": 18.76,
            "eps_growth_yearly": 223.54
        },
        "20222": {
            "year_quarter": 20222,
            "year": 2022,
            "quarter": 2,
            "eps": 3.5,
            "eps_growth_year": null,
            "eps_4q": 10.41,
            "eps_4q_growth_year": null,
            "roe": 14.24,
            "roe_4q": 48.23,
            "gross_profit": 7477000,
            "gross_margin": 69.8,
            "gross_margin_4q_avg": 66.43,
            "net_income": 3755000,
            "net_income_4q": null,
            "revenue": 10712000,
            "revenue_4q": null,
            "common_shares": 218000,
            "book_valuer_per_share": 19.45,
            "book_valuer_per_share_4q_avg": 14.17,
            "equity": 27830000,
            "current_ratio": 106.97,
            "debt_ratio": 62.5,
            "inventory_turnover_ratio": 2.18,
            "account_receivable_turnover_ratio": 1.82,
            "reinvestment_rate": -26227.19,
            "research_to_sale_ratio": 0.24,
            "price_fair": 309.4,
            "eps_avg_yearly": 8.84,
            "eps_latest_yearly": 14,
            "eps_growth_yearly": 198.71
        },
        "20223": {
            "year_quarter": 20223,
            "year": 2022,
            "quarter": 3,
            "eps": 2.54,
            "eps_growth_year": 268.19,
            "eps_4q": 12.26,
            "eps_4q_growth_year": null,
            "roe": 9.71,
            "roe_4q": 53.470000000000006,
            "gross_profit": 6336000,
            "gross_margin": 67.48,
            "gross_margin_4q_avg": 67.5,
            "net_income": 2746000,
            "net_income_4q": null,
            "revenue": 9390000,
            "revenue_4q": null,
            "common_shares": 220000,
            "book_valuer_per_share": 20.88,
            "book_valuer_per_share_4q_avg": 16.95,
            "equity": 28720000,
            "current_ratio": 110.26,
            "debt_ratio": 60.19,
            "inventory_turnover_ratio": 1.74,
            "account_receivable_turnover_ratio": 1.81,
            "reinvestment_rate": 3427.65,
            "research_to_sale_ratio": 0.5,
            "price_fair": 311,
            "eps_avg_yearly": 8.89,
            "eps_latest_yearly": 10.16,
            "eps_growth_yearly": 113.54
        },
        "20224": {
            "year_quarter": 20224,
            "year": 2022,
            "quarter": 4,
            "eps": 1.75,
            "eps_growth_year": 14.55,
            "eps_4q": 12.48,
            "eps_4q_growth_year": 409.44,
            "roe": 6.55,
            "roe_4q": 52.06,
            "gross_profit": 5285000,
            "gross_margin": 64.3,
            "gross_margin_4q_avg": 66.94,
            "net_income": 1927000,
            "net_income_4q": null,
            "revenue": 8219000,
            "revenue_4q": null,
            "common_shares": 220000,
            "book_valuer_per_share": 22.58,
            "book_valuer_per_share_4q_avg": 19.77,
            "equity": 30085000,
            "current_ratio": 114.55,
            "debt_ratio": 58.57,
            "inventory_turnover_ratio": 1.47,
            "account_receivable_turnover_ratio": 1.97,
            "reinvestment_rate": 1280.31,
            "research_to_sale_ratio": 1.44,
            "price_fair": 314.8,
            "eps_avg_yearly": 8.99,
            "eps_latest_yearly": 7,
            "eps_growth_yearly": 116.67
        },
        "20231": {
            "year_quarter": 20231,
            "year": 2023,
            "quarter": 1,
            "eps": 1.01,
            "eps_growth_year": -78.52,
            "eps_4q": 8.8,
            "eps_4q_growth_year": 28.34,
            "roe": 4.24,
            "roe_4q": 34.74,
            "gross_profit": 4517000,
            "gross_margin": 62.52,
            "gross_margin_4q_avg": 66.03,
            "net_income": 1263000,
            "net_income_4q": null,
            "revenue": 7225000,
            "revenue_4q": null,
            "common_shares": 221000,
            "book_valuer_per_share": 22.91,
            "book_valuer_per_share_4q_avg": 21.46,
            "equity": 29559000,
            "current_ratio": 109.44,
            "debt_ratio": 58.72,
            "inventory_turnover_ratio": 1.24,
            "account_receivable_turnover_ratio": 1.91,
            "reinvestment_rate": 975.24,
            "research_to_sale_ratio": 1.41,
            "price_fair": 318.2,
            "eps_avg_yearly": 9.09,
            "eps_latest_yearly": 4.04,
            "eps_growth_yearly": 118.88
        },
        "20232": {
            "year_quarter": 20232,
            "year": 2023,
            "quarter": 2,
            "eps": 0.77,
            "eps_growth_year": -77.94,
            "eps_4q": 6.07,
            "eps_4q_growth_year": -41.67,
            "roe": 2.93,
            "roe_4q": 23.43,
            "gross_profit": 3916000,
            "gross_margin": 58.43,
            "gross_margin_4q_avg": 63.18,
            "net_income": 860000,
            "net_income_4q": null,
            "revenue": 6702000,
            "revenue_4q": null,
            "common_shares": 221000,
            "book_valuer_per_share": 23.16,
            "book_valuer_per_share_4q_avg": 22.38,
            "equity": 29111000,
            "current_ratio": 99.97,
            "debt_ratio": 59.11,
            "inventory_turnover_ratio": 1.29,
            "account_receivable_turnover_ratio": 2.19,
            "reinvestment_rate": -1056.41,
            "research_to_sale_ratio": 1.52,
            "price_fair": 315.8,
            "eps_avg_yearly": 9.02,
            "eps_latest_yearly": 3.08,
            "eps_growth_yearly": 101.9
        },
        "20233": {
            "year_quarter": 20233,
            "year": 2023,
            "quarter": 3,
            "eps": 1.21,
            "eps_growth_year": -52.55,
            "eps_4q": 4.74,
            "eps_4q_growth_year": -61.38,
            "roe": 4.71,
            "roe_4q": 18.43,
            "gross_profit": 4404000,
            "gross_margin": 61.53,
            "gross_margin_4q_avg": 61.7,
            "net_income": 1375000,
            "net_income_4q": null,
            "revenue": 7158000,
            "revenue_4q": null,
            "common_shares": 221000,
            "book_valuer_per_share": 23.95,
            "book_valuer_per_share_4q_avg": 23.15,
            "equity": 29312000,
            "current_ratio": 92.45,
            "debt_ratio": 59.19,
            "inventory_turnover_ratio": 1.38,
            "account_receivable_turnover_ratio": 2.19,
            "reinvestment_rate": -538.16,
            "research_to_sale_ratio": 1.75,
            "price_fair": 297.5,
            "eps_avg_yearly": 8.5,
            "eps_latest_yearly": 4.84,
            "eps_growth_yearly": 117.73
        }
    },
    "months": {
        "2001-01": {
            "month": "2001-01",
            "price": "11.51",
            "revenue": 0
        },
        "2001-02": {
            "month": "2001-02",
            "price": "11.91",
            "revenue": 0
        },
        "2001-03": {
            "month": "2001-03",
            "price": "12.28",
            "revenue": 0
        },
        "2001-04": {
            "month": "2001-04",
            "price": "13.57",
            "revenue": 0
        },
        "2001-05": {
            "month": "2001-05",
            "price": "14.88",
            "revenue": 0
        },
        "2001-06": {
            "month": "2001-06",
            "price": "14.42",
            "revenue": 0
        },
        "2001-07": {
            "month": "2001-07",
            "price": "13.35",
            "revenue": 0
        },
        "2001-08": {
            "month": "2001-08",
            "price": "13.83",
            "revenue": 0
        },
        "2001-09": {
            "month": "2001-09",
            "price": "12.74",
            "revenue": 0
        },
        "2001-10": {
            "month": "2001-10",
            "price": "12.69",
            "revenue": 0
        },
        "2001-11": {
            "month": "2001-11",
            "price": "12.48",
            "revenue": 0
        },
        "2001-12": {
            "month": "2001-12",
            "price": "12.84",
            "revenue": 0
        },
        "2002-01": {
            "month": "2002-01",
            "price": "12.79",
            "revenue": 0
        },
        "2002-02": {
            "month": "2002-02",
            "price": "12.89",
            "revenue": 0
        },
        "2002-03": {
            "month": "2002-03",
            "price": "14.24",
            "revenue": 0
        },
        "2002-04": {
            "month": "2002-04",
            "price": "14.50",
            "revenue": 0
        },
        "2002-05": {
            "month": "2002-05",
            "price": "14.81",
            "revenue": 0
        },
        "2002-06": {
            "month": "2002-06",
            "price": "14.84",
            "revenue": 0
        },
        "2002-07": {
            "month": "2002-07",
            "price": "13.33",
            "revenue": 0
        },
        "2002-08": {
            "month": "2002-08",
            "price": "14.00",
            "revenue": 0
        },
        "2002-09": {
            "month": "2002-09",
            "price": "14.34",
            "revenue": 0
        },
        "2002-10": {
            "month": "2002-10",
            "price": "14.56",
            "revenue": 0
        },
        "2002-11": {
            "month": "2002-11",
            "price": "13.89",
            "revenue": 0
        },
        "2002-12": {
            "month": "2002-12",
            "price": "14.16",
            "revenue": 0
        },
        "2003-01": {
            "month": "2003-01",
            "price": "14.24",
            "revenue": 0
        },
        "2003-02": {
            "month": "2003-02",
            "price": "14.56",
            "revenue": 0
        },
        "2003-03": {
            "month": "2003-03",
            "price": "14.97",
            "revenue": 0
        },
        "2003-04": {
            "month": "2003-04",
            "price": "15.21",
            "revenue": 0
        },
        "2003-05": {
            "month": "2003-05",
            "price": "15.76",
            "revenue": 0
        },
        "2003-06": {
            "month": "2003-06",
            "price": "16.86",
            "revenue": 0
        },
        "2003-07": {
            "month": "2003-07",
            "price": "16.39",
            "revenue": 0
        },
        "2003-08": {
            "month": "2003-08",
            "price": "16.76",
            "revenue": 0
        },
        "2003-09": {
            "month": "2003-09",
            "price": "17.54",
            "revenue": 0
        },
        "2003-10": {
            "month": "2003-10",
            "price": "18.06",
            "revenue": 0
        },
        "2003-11": {
            "month": "2003-11",
            "price": "18.04",
            "revenue": 0
        },
        "2003-12": {
            "month": "2003-12",
            "price": "20.11",
            "revenue": 0
        },
        "2004-01": {
            "month": "2004-01",
            "price": "21.97",
            "revenue": 0
        },
        "2004-02": {
            "month": "2004-02",
            "price": "22.11",
            "revenue": 0
        },
        "2004-03": {
            "month": "2004-03",
            "price": "22.64",
            "revenue": 0
        },
        "2004-04": {
            "month": "2004-04",
            "price": "23.72",
            "revenue": 0
        },
        "2004-05": {
            "month": "2004-05",
            "price": "23.07",
            "revenue": 0
        },
        "2004-06": {
            "month": "2004-06",
            "price": "23.32",
            "revenue": 0
        },
        "2004-07": {
            "month": "2004-07",
            "price": "24.49",
            "revenue": 0
        },
        "2004-08": {
            "month": "2004-08",
            "price": "24.96",
            "revenue": 0
        },
        "2004-09": {
            "month": "2004-09",
            "price": "27.10",
            "revenue": 0
        },
        "2004-10": {
            "month": "2004-10",
            "price": "28.43",
            "revenue": 0
        },
        "2004-11": {
            "month": "2004-11",
            "price": "28.91",
            "revenue": 0
        },
        "2004-12": {
            "month": "2004-12",
            "price": "28.60",
            "revenue": 0
        },
        "2005-01": {
            "month": "2005-01",
            "price": "28.54",
            "revenue": 0
        },
        "2005-02": {
            "month": "2005-02",
            "price": "32.35",
            "revenue": 0
        },
        "2005-03": {
            "month": "2005-03",
            "price": "35.63",
            "revenue": 0
        },
        "2005-04": {
            "month": "2005-04",
            "price": "35.40",
            "revenue": 0
        },
        "2005-05": {
            "month": "2005-05",
            "price": "34.73",
            "revenue": 0
        },
        "2005-06": {
            "month": "2005-06",
            "price": "38.63",
            "revenue": 0
        },
        "2005-07": {
            "month": "2005-07",
            "price": "40.62",
            "revenue": 0
        },
        "2005-08": {
            "month": "2005-08",
            "price": "40.60",
            "revenue": 0
        },
        "2005-09": {
            "month": "2005-09",
            "price": "43.05",
            "revenue": 0
        },
        "2005-10": {
            "month": "2005-10",
            "price": "38.04",
            "revenue": 0
        },
        "2005-11": {
            "month": "2005-11",
            "price": "38.65",
            "revenue": 0
        },
        "2005-12": {
            "month": "2005-12",
            "price": "41.16",
            "revenue": 0
        },
        "2006-01": {
            "month": "2006-01",
            "price": "45.02",
            "revenue": 0
        },
        "2006-02": {
            "month": "2006-02",
            "price": "45.06",
            "revenue": 0
        },
        "2006-03": {
            "month": "2006-03",
            "price": "46.55",
            "revenue": 0
        },
        "2006-04": {
            "month": "2006-04",
            "price": "49.86",
            "revenue": 0
        },
        "2006-05": {
            "month": "2006-05",
            "price": "49.92",
            "revenue": 0
        },
        "2006-06": {
            "month": "2006-06",
            "price": "48.56",
            "revenue": 0
        },
        "2006-07": {
            "month": "2006-07",
            "price": "51.59",
            "revenue": 0
        },
        "2006-08": {
            "month": "2006-08",
            "price": "52.60",
            "revenue": 0
        },
        "2006-09": {
            "month": "2006-09",
            "price": "46.61",
            "revenue": 0
        },
        "2006-10": {
            "month": "2006-10",
            "price": "46.48",
            "revenue": 0
        },
        "2006-11": {
            "month": "2006-11",
            "price": "48.13",
            "revenue": 0
        },
        "2006-12": {
            "month": "2006-12",
            "price": "49.85",
            "revenue": 0
        },
        "2007-01": {
            "month": "2007-01",
            "price": "44.85",
            "revenue": 0
        },
        "2007-02": {
            "month": "2007-02",
            "price": "47.11",
            "revenue": 0
        },
        "2007-03": {
            "month": "2007-03",
            "price": "47.05",
            "revenue": 0
        },
        "2007-04": {
            "month": "2007-04",
            "price": "50.74",
            "revenue": 0
        },
        "2007-05": {
            "month": "2007-05",
            "price": "52.94",
            "revenue": 0
        },
        "2007-06": {
            "month": "2007-06",
            "price": "57.72",
            "revenue": 0
        },
        "2007-07": {
            "month": "2007-07",
            "price": "60.04",
            "revenue": 0
        },
        "2007-08": {
            "month": "2007-08",
            "price": "55.43",
            "revenue": 0
        },
        "2007-09": {
            "month": "2007-09",
            "price": "61.78",
            "revenue": 0
        },
        "2007-10": {
            "month": "2007-10",
            "price": "67.65",
            "revenue": 0
        },
        "2007-11": {
            "month": "2007-11",
            "price": "69.56",
            "revenue": 0
        },
        "2007-12": {
            "month": "2007-12",
            "price": "73.06",
            "revenue": 0
        },
        "2008-01": {
            "month": "2008-01",
            "price": "71.08",
            "revenue": 0
        },
        "2008-02": {
            "month": "2008-02",
            "price": "72.03",
            "revenue": 0
        },
        "2008-03": {
            "month": "2008-03",
            "price": "74.16",
            "revenue": 0
        },
        "2008-04": {
            "month": "2008-04",
            "price": "80.64",
            "revenue": 0
        },
        "2008-05": {
            "month": "2008-05",
            "price": "90.55",
            "revenue": 0
        },
        "2008-06": {
            "month": "2008-06",
            "price": "89.10",
            "revenue": 0
        },
        "2008-07": {
            "month": "2008-07",
            "price": "80.29",
            "revenue": 0
        },
        "2008-08": {
            "month": "2008-08",
            "price": "78.54",
            "revenue": 0
        },
        "2008-09": {
            "month": "2008-09",
            "price": "72.94",
            "revenue": 0
        },
        "2008-10": {
            "month": "2008-10",
            "price": "51.50",
            "revenue": 0
        },
        "2008-11": {
            "month": "2008-11",
            "price": "50.34",
            "revenue": 0
        },
        "2008-12": {
            "month": "2008-12",
            "price": "53.43",
            "revenue": 0
        },
        "2009-01": {
            "month": "2009-01",
            "price": "56.56",
            "revenue": 0
        },
        "2009-02": {
            "month": "2009-02",
            "price": "53.59",
            "revenue": 0
        },
        "2009-03": {
            "month": "2009-03",
            "price": "54.95",
            "revenue": 0
        },
        "2009-04": {
            "month": "2009-04",
            "price": "57.27",
            "revenue": 0
        },
        "2009-05": {
            "month": "2009-05",
            "price": "62.52",
            "revenue": 0
        },
        "2009-06": {
            "month": "2009-06",
            "price": "66.50",
            "revenue": 0
        },
        "2009-07": {
            "month": "2009-07",
            "price": "66.81",
            "revenue": 0
        },
        "2009-08": {
            "month": "2009-08",
            "price": "71.75",
            "revenue": 0
        },
        "2009-09": {
            "month": "2009-09",
            "price": "76.31",
            "revenue": 0
        },
        "2009-10": {
            "month": "2009-10",
            "price": "79.71",
            "revenue": 0
        },
        "2009-11": {
            "month": "2009-11",
            "price": "81.85",
            "revenue": 0
        },
        "2009-12": {
            "month": "2009-12",
            "price": "79.82",
            "revenue": 0
        },
        "2010-01": {
            "month": "2010-01",
            "price": "79.68",
            "revenue": 0
        },
        "2010-02": {
            "month": "2010-02",
            "price": "79.41",
            "revenue": 0
        },
        "2010-03": {
            "month": "2010-03",
            "price": "82.24",
            "revenue": 0
        },
        "2010-04": {
            "month": "2010-04",
            "price": "86.41",
            "revenue": 0
        },
        "2010-05": {
            "month": "2010-05",
            "price": "81.79",
            "revenue": 0
        },
        "2010-06": {
            "month": "2010-06",
            "price": "82.53",
            "revenue": 0
        },
        "2010-07": {
            "month": "2010-07",
            "price": "80.03",
            "revenue": 0
        },
        "2010-08": {
            "month": "2010-08",
            "price": "75.92",
            "revenue": 0
        },
        "2010-09": {
            "month": "2010-09",
            "price": "76.97",
            "revenue": 0
        },
        "2010-10": {
            "month": "2010-10",
            "price": "81.69",
            "revenue": 0
        },
        "2010-11": {
            "month": "2010-11",
            "price": "85.92",
            "revenue": 0
        },
        "2010-12": {
            "month": "2010-12",
            "price": "94.68",
            "revenue": 0
        },
        "2011-01": {
            "month": "2011-01",
            "price": "96.91",
            "revenue": 0
        },
        "2011-02": {
            "month": "2011-02",
            "price": "101.00",
            "revenue": 0
        },
        "2011-03": {
            "month": "2011-03",
            "price": "100.56",
            "revenue": 0
        },
        "2011-04": {
            "month": "2011-04",
            "price": "101.49",
            "revenue": 0
        },
        "2011-05": {
            "month": "2011-05",
            "price": "104.89",
            "revenue": 0
        },
        "2011-06": {
            "month": "2011-06",
            "price": "102.20",
            "revenue": 0
        },
        "2011-07": {
            "month": "2011-07",
            "price": "104.66",
            "revenue": 0
        },
        "2011-08": {
            "month": "2011-08",
            "price": "85.76",
            "revenue": 0
        },
        "2011-09": {
            "month": "2011-09",
            "price": "79.61",
            "revenue": 0
        },
        "2011-10": {
            "month": "2011-10",
            "price": "83.47",
            "revenue": 0
        },
        "2011-11": {
            "month": "2011-11",
            "price": "94.95",
            "revenue": 0
        },
        "2011-12": {
            "month": "2011-12",
            "price": "93.20",
            "revenue": 0
        },
        "2012-01": {
            "month": "2012-01",
            "price": "98.95",
            "revenue": 0
        },
        "2012-02": {
            "month": "2012-02",
            "price": "103.53",
            "revenue": 0
        },
        "2012-03": {
            "month": "2012-03",
            "price": "99.30",
            "revenue": 0
        },
        "2012-04": {
            "month": "2012-04",
            "price": "90.65",
            "revenue": 0
        },
        "2012-05": {
            "month": "2012-05",
            "price": "83.52",
            "revenue": 0
        },
        "2012-06": {
            "month": "2012-06",
            "price": "82.26",
            "revenue": 0
        },
        "2012-07": {
            "month": "2012-07",
            "price": "85.99",
            "revenue": 0
        },
        "2012-08": {
            "month": "2012-08",
            "price": "88.36",
            "revenue": 0
        },
        "2012-09": {
            "month": "2012-09",
            "price": "86.87",
            "revenue": 0
        },
        "2012-10": {
            "month": "2012-10",
            "price": "83.14",
            "revenue": 0
        },
        "2012-11": {
            "month": "2012-11",
            "price": "76.11",
            "revenue": 0
        },
        "2012-12": {
            "month": "2012-12",
            "price": "76.24",
            "revenue": 0
        },
        "2013-01": {
            "month": "2013-01",
            "price": "82.63",
            "revenue": 0
        },
        "2013-02": {
            "month": "2013-02",
            "price": "85.67",
            "revenue": 0
        },
        "2013-03": {
            "month": "2013-03",
            "price": "81.07",
            "revenue": 0
        },
        "2013-04": {
            "month": "2013-04",
            "price": "82.46",
            "revenue": 0
        },
        "2013-05": {
            "month": "2013-05",
            "price": "90.96",
            "revenue": 0
        },
        "2013-06": {
            "month": "2013-06",
            "price": "91.44",
            "revenue": 0
        },
        "2013-07": {
            "month": "2013-07",
            "price": "90.45",
            "revenue": 0
        },
        "2013-08": {
            "month": "2013-08",
            "price": "87.67",
            "revenue": 0
        },
        "2013-09": {
            "month": "2013-09",
            "price": "91.15",
            "revenue": 0
        },
        "2013-10": {
            "month": "2013-10",
            "price": "95.97",
            "revenue": 0
        },
        "2013-11": {
            "month": "2013-11",
            "price": "96.92",
            "revenue": 0
        },
        "2013-12": {
            "month": "2013-12",
            "price": "93.03",
            "revenue": 0
        },
        "2014-01": {
            "month": "2014-01",
            "price": "91.20",
            "revenue": 0
        },
        "2014-02": {
            "month": "2014-02",
            "price": "92.86",
            "revenue": 0
        },
        "2014-03": {
            "month": "2014-03",
            "price": "95.70",
            "revenue": 0
        },
        "2014-04": {
            "month": "2014-04",
            "price": "95.71",
            "revenue": 0
        },
        "2014-05": {
            "month": "2014-05",
            "price": "96.70",
            "revenue": 0
        },
        "2014-06": {
            "month": "2014-06",
            "price": "101.88",
            "revenue": 0
        },
        "2014-07": {
            "month": "2014-07",
            "price": "100.74",
            "revenue": 0
        },
        "2014-08": {
            "month": "2014-08",
            "price": "101.03",
            "revenue": 0
        },
        "2014-09": {
            "month": "2014-09",
            "price": "98.60",
            "revenue": 0
        },
        "2014-10": {
            "month": "2014-10",
            "price": "90.52",
            "revenue": 0
        },
        "2014-11": {
            "month": "2014-11",
            "price": "86.61",
            "revenue": 0
        },
        "2014-12": {
            "month": "2014-12",
            "price": "79.23",
            "revenue": 0
        },
        "2015-01": {
            "month": "2015-01",
            "price": "77.82",
            "revenue": 0
        },
        "2015-02": {
            "month": "2015-02",
            "price": "80.81",
            "revenue": 0
        },
        "2015-03": {
            "month": "2015-03",
            "price": "74.24",
            "revenue": 0
        },
        "2015-04": {
            "month": "2015-04",
            "price": "78.76",
            "revenue": 0
        },
        "2015-05": {
            "month": "2015-05",
            "price": "77.49",
            "revenue": 0
        },
        "2015-06": {
            "month": "2015-06",
            "price": "78.43",
            "revenue": 0
        },
        "2015-07": {
            "month": "2015-07",
            "price": "71.90",
            "revenue": 0
        },
        "2015-08": {
            "month": "2015-08",
            "price": "70.55",
            "revenue": 0
        },
        "2015-09": {
            "month": "2015-09",
            "price": "67.27",
            "revenue": 0
        },
        "2015-10": {
            "month": "2015-10",
            "price": "72.49",
            "revenue": 0
        },
        "2015-11": {
            "month": "2015-11",
            "price": "75.15",
            "revenue": 0
        },
        "2015-12": {
            "month": "2015-12",
            "price": "68.81",
            "revenue": 0
        },
        "2016-01": {
            "month": "2016-01",
            "price": "63.57",
            "revenue": 0
        },
        "2016-02": {
            "month": "2016-02",
            "price": "68.03",
            "revenue": 0
        },
        "2016-03": {
            "month": "2016-03",
            "price": "69.30",
            "revenue": 0
        },
        "2016-04": {
            "month": "2016-04",
            "price": "72.93",
            "revenue": 0
        },
        "2016-05": {
            "month": "2016-05",
            "price": "75.74",
            "revenue": 0
        },
        "2016-06": {
            "month": "2016-06",
            "price": "75.48",
            "revenue": 0
        },
        "2016-07": {
            "month": "2016-07",
            "price": "75.77",
            "revenue": 0
        },
        "2016-08": {
            "month": "2016-08",
            "price": "75.60",
            "revenue": 0
        },
        "2016-09": {
            "month": "2016-09",
            "price": "73.18",
            "revenue": 0
        },
        "2016-10": {
            "month": "2016-10",
            "price": "73.67",
            "revenue": 0
        },
        "2016-11": {
            "month": "2016-11",
            "price": "67.96",
            "revenue": 0
        },
        "2016-12": {
            "month": "2016-12",
            "price": "71.43",
            "revenue": 0
        },
        "2017-01": {
            "month": "2017-01",
            "price": "69.31",
            "revenue": 0
        },
        "2017-02": {
            "month": "2017-02",
            "price": "66.96",
            "revenue": 0
        },
        "2017-03": {
            "month": "2017-03",
            "price": "63.75",
            "revenue": 0
        },
        "2017-04": {
            "month": "2017-04",
            "price": "63.07",
            "revenue": 0
        },
        "2017-05": {
            "month": "2017-05",
            "price": "60.47",
            "revenue": 0
        },
        "2017-06": {
            "month": "2017-06",
            "price": "60.35",
            "revenue": 0
        },
        "2017-07": {
            "month": "2017-07",
            "price": "60.26",
            "revenue": 0
        },
        "2017-08": {
            "month": "2017-08",
            "price": "60.28",
            "revenue": 0
        },
        "2017-09": {
            "month": "2017-09",
            "price": "62.25",
            "revenue": 0
        },
        "2017-10": {
            "month": "2017-10",
            "price": "64.65",
            "revenue": 0
        },
        "2017-11": {
            "month": "2017-11",
            "price": "68.17",
            "revenue": 0
        },
        "2017-12": {
            "month": "2017-12",
            "price": "71.10",
            "revenue": 0
        },
        "2018-01": {
            "month": "2018-01",
            "price": "75.70",
            "revenue": 0
        },
        "2018-02": {
            "month": "2018-02",
            "price": "69.29",
            "revenue": 0
        },
        "2018-03": {
            "month": "2018-03",
            "price": "64.79",
            "revenue": 0
        },
        "2018-04": {
            "month": "2018-04",
            "price": "72.96",
            "revenue": 0
        },
        "2018-05": {
            "month": "2018-05",
            "price": "82.39",
            "revenue": 0
        },
        "2018-06": {
            "month": "2018-06",
            "price": "84.16",
            "revenue": 0
        },
        "2018-07": {
            "month": "2018-07",
            "price": "83.68",
            "revenue": 0
        },
        "2018-08": {
            "month": "2018-08",
            "price": "79.85",
            "revenue": 0
        },
        "2018-09": {
            "month": "2018-09",
            "price": "78.83",
            "revenue": 0
        },
        "2018-10": {
            "month": "2018-10",
            "price": "74.72",
            "revenue": 0
        },
        "2018-11": {
            "month": "2018-11",
            "price": "71.29",
            "revenue": 0
        },
        "2018-12": {
            "month": "2018-12",
            "price": "63.78",
            "revenue": 0
        },
        "2019-01": {
            "month": "2019-01",
            "price": "65.27",
            "revenue": 0
        },
        "2019-02": {
            "month": "2019-02",
            "price": "66.49",
            "revenue": 0
        },
        "2019-03": {
            "month": "2019-03",
            "price": "65.96",
            "revenue": 0
        },
        "2019-04": {
            "month": "2019-04",
            "price": "64.32",
            "revenue": 0
        },
        "2019-05": {
            "month": "2019-05",
            "price": "54.74",
            "revenue": 0
        },
        "2019-06": {
            "month": "2019-06",
            "price": "49.51",
            "revenue": 0
        },
        "2019-07": {
            "month": "2019-07",
            "price": "50.88",
            "revenue": 0
        },
        "2019-08": {
            "month": "2019-08",
            "price": "45.50",
            "revenue": 0
        },
        "2019-09": {
            "month": "2019-09",
            "price": "45.27",
            "revenue": 0
        },
        "2019-10": {
            "month": "2019-10",
            "price": "41.68",
            "revenue": 0
        },
        "2019-11": {
            "month": "2019-11",
            "price": "39.49",
            "revenue": 0
        },
        "2019-12": {
            "month": "2019-12",
            "price": "38.83",
            "revenue": 0
        },
        "2020-01": {
            "month": "2020-01",
            "price": "43.90",
            "revenue": 0
        },
        "2020-02": {
            "month": "2020-02",
            "price": "39.90",
            "revenue": 0
        },
        "2020-03": {
            "month": "2020-03",
            "price": "16.20",
            "revenue": 0
        },
        "2020-04": {
            "month": "2020-04",
            "price": "13.94",
            "revenue": 0
        },
        "2020-05": {
            "month": "2020-05",
            "price": "14.36",
            "revenue": 0
        },
        "2020-06": {
            "month": "2020-06",
            "price": "18.75",
            "revenue": 0
        },
        "2020-07": {
            "month": "2020-07",
            "price": "16.79",
            "revenue": 0
        },
        "2020-08": {
            "month": "2020-08",
            "price": "14.33",
            "revenue": 0
        },
        "2020-09": {
            "month": "2020-09",
            "price": "11.06",
            "revenue": 0
        },
        "2020-10": {
            "month": "2020-10",
            "price": "10.03",
            "revenue": 0
        },
        "2020-11": {
            "month": "2020-11",
            "price": "12.81",
            "revenue": 0
        },
        "2020-12": {
            "month": "2020-12",
            "price": "18.22",
            "revenue": 0
        },
        "2021-01": {
            "month": "2021-01",
            "price": "21.14",
            "revenue": 0
        },
        "2021-02": {
            "month": "2021-02",
            "price": "24.84",
            "revenue": 0
        },
        "2021-03": {
            "month": "2021-03",
            "price": "28.36",
            "revenue": 0
        },
        "2021-04": {
            "month": "2021-04",
            "price": "24.97",
            "revenue": 0
        },
        "2021-05": {
            "month": "2021-05",
            "price": "25.65",
            "revenue": 0
        },
        "2021-06": {
            "month": "2021-06",
            "price": "29.67",
            "revenue": 0
        },
        "2021-07": {
            "month": "2021-07",
            "price": "28.12",
            "revenue": 0
        },
        "2021-08": {
            "month": "2021-08",
            "price": "25.06",
            "revenue": 0
        },
        "2021-09": {
            "month": "2021-09",
            "price": "26.99",
            "revenue": 0
        },
        "2021-10": {
            "month": "2021-10",
            "price": "33.02",
            "revenue": 0
        },
        "2021-11": {
            "month": "2021-11",
            "price": "32.00",
            "revenue": 0
        },
        "2021-12": {
            "month": "2021-12",
            "price": "29.23",
            "revenue": 0
        },
        "2022-01": {
            "month": "2022-01",
            "price": "34.73",
            "revenue": 0
        },
        "2022-02": {
            "month": "2022-02",
            "price": "40.14",
            "revenue": 0
        },
        "2022-03": {
            "month": "2022-03",
            "price": "55.85",
            "revenue": 0
        },
        "2022-04": {
            "month": "2022-04",
            "price": "57.99",
            "revenue": 0
        },
        "2022-05": {
            "month": "2022-05",
            "price": "63.80",
            "revenue": 0
        },
        "2022-06": {
            "month": "2022-06",
            "price": "62.32",
            "revenue": 0
        },
        "2022-07": {
            "month": "2022-07",
            "price": "60.94",
            "revenue": 0
        },
        "2022-08": {
            "month": "2022-08",
            "price": "66.76",
            "revenue": 0
        },
        "2022-09": {
            "month": "2022-09",
            "price": "63.91",
            "revenue": 0
        },
        "2022-10": {
            "month": "2022-10",
            "price": "68.68",
            "revenue": 0
        },
        "2022-11": {
            "month": "2022-11",
            "price": "71.75",
            "revenue": 0
        },
        "2022-12": {
            "month": "2022-12",
            "price": "63.88",
            "revenue": 0
        },
        "2023-01": {
            "month": "2023-01",
            "price": "64.56",
            "revenue": 0
        },
        "2023-02": {
            "month": "2023-02",
            "price": "61.96",
            "revenue": 0
        },
        "2023-03": {
            "month": "2023-03",
            "price": "60.14",
            "revenue": 0
        },
        "2023-04": {
            "month": "2023-04",
            "price": "63.10",
            "revenue": 0
        },
        "2023-05": {
            "month": "2023-05",
            "price": "58.88",
            "revenue": 0
        },
        "2023-06": {
            "month": "2023-06",
            "price": "58.34",
            "revenue": 0
        },
        "2023-07": {
            "month": "2023-07",
            "price": "60.60",
            "revenue": 0
        },
        "2023-08": {
            "month": "2023-08",
            "price": "63.09",
            "revenue": 0
        },
        "2023-09": {
            "month": "2023-09",
            "price": "65.04",
            "revenue": 0
        },
        "2023-10": {
            "month": "2023-10",
            "price": "63.24",
            "revenue": 0
        },
        "2023-11": {
            "month": "2023-11",
            "price": "60.95",
            "revenue": 0
        },
        "2023-12": {
            "month": "2023-12",
            "price": "58.67",
            "revenue": 0
        }
    }
}
