{
    "summary": {
        "stock_name": "Procter & Gamble Co",
        "stock_id": "PG",
        "category": "Consumer Staples",
        "main_business": "寶潔公司於1905年在俄亥俄州註冊成立。公司專注於為全球消費者提供高質量、高質量的消費品包裝。公司的產品主要透過大眾零售商、電子商務、食品雜貨店、會員俱樂部店、藥店、百貨公司、經銷商、批發商、嬰兒用品店、美容專賣店（包括機場免稅店）、高頻店、藥店銷售到180多個國家和地區，電子商店和專業頻道。公司還直接向消費者銷售。",
        "website_url": "https://us.pg.com/",
        "ceo": "Jon R. Moeller",
        "pe_ratio": 25,
        "report_year_from": 1994,
        "report_year_to": 2023,
        "age": 29,
        "eps_negative_percentage": 0,
        "eps_growth_avg": {
            "last_all": 10.84,
            "last_2y": 6.28,
            "last_4y": 6.85,
            "last_8y": 4.83,
            "last_12y": 4.75,
            "last_16y": 5.62,
            "last_20y": 10.84,
            "at_2006_last_3y": 9.75,
            "at_2007_last_3y": 10.56,
            "at_2008_last_3y": 11.44,
            "at_2009_last_3y": 8.44,
            "at_2010_last_3y": 7.76,
            "at_2011_last_3y": 6.71,
            "at_2012_last_3y": -0.5,
            "at_2013_last_3y": 4.58,
            "at_2014_last_3y": 1.41,
            "at_2015_last_3y": -3.35,
            "at_2016_last_3y": 2.5,
            "at_2017_last_3y": 2.3,
            "at_2018_last_3y": 2.91,
            "at_2019_last_3y": 10.43,
            "at_2020_last_3y": 9.35,
            "at_2021_last_3y": 8.35,
            "at_2022_last_3y": 10.1,
            "at_2023_last_3y": 10.1,
            "at_2006_last_all": 27.8,
            "at_2007_last_all": 25.62,
            "at_2008_last_all": 24.49,
            "at_2009_last_all": 20.73,
            "at_2010_last_all": 18.89,
            "at_2011_last_all": 18.05,
            "at_2012_last_all": 15.41,
            "at_2013_last_all": 15.35,
            "at_2014_last_all": 13.51,
            "at_2015_last_all": 11.94,
            "at_2016_last_all": 11.96,
            "at_2017_last_all": 12.09,
            "at_2018_last_all": 11.02,
            "at_2019_last_all": 11.6,
            "at_2020_last_all": 11.41,
            "at_2021_last_all": 11.34,
            "at_2022_last_all": 10.84,
            "at_2023_last_all": 10.84
        },
        "latest_eps": 5.74,
        "latest_price": 143.18,
        "latest_roe": 31.96,
        "latest_gross_margin": 48.16,
        "latest_equity": 45140000,
        "latest_revenue": 20068000,
        "latest_gross_profit": 9664000,
        "latest_net_income": 3424000,
        "latest_debt_ratio": 62.34,
        "latest_current_ratio": 58.65,
        "latest_account_receivable_turnover_ratio": 3.57,
        "latest_inventory_turnover_ratio": 1.38,
        "latest_reinvestment_rate": 0.73,
        "latest_research_to_sale_ratio": null
    },
    "eps_dividends": {
        "1993": {
            "cash": 0.23000000000000004,
            "stock": 0,
            "eps": 0
        },
        "1994": {
            "cash": 0.33999999999999997,
            "stock": 0,
            "eps": 0
        },
        "1995": {
            "cash": 0.29000000000000004,
            "stock": 0,
            "eps": 0
        },
        "1996": {
            "cash": 0.21000000000000002,
            "stock": 0,
            "eps": 0
        },
        "1997": {
            "cash": 0.48,
            "stock": 0,
            "eps": 0
        },
        "1998": {
            "cash": 0.54,
            "stock": 0,
            "eps": 0
        },
        "1999": {
            "cash": 0.6000000000000001,
            "stock": 0,
            "eps": 0
        },
        "2000": {
            "cash": 0.6799999999999999,
            "stock": 0,
            "eps": 0
        },
        "2001": {
            "cash": 0.74,
            "stock": 0,
            "eps": 0.2
        },
        "2002": {
            "cash": 0.7999999999999999,
            "stock": 0,
            "eps": 1.83
        },
        "2003": {
            "cash": 0.88,
            "stock": 0,
            "eps": 2.04
        },
        "2004": {
            "cash": 0.73,
            "stock": 0,
            "eps": 2.33
        },
        "2005": {
            "cash": 1.09,
            "stock": 0,
            "eps": 2.48
        },
        "2006": {
            "cash": 0.9000000000000001,
            "stock": 0,
            "eps": 2.65
        },
        "2007": {
            "cash": 1.0099999999999998,
            "stock": 0,
            "eps": 3.04
        },
        "2008": {
            "cash": 1.15,
            "stock": 0,
            "eps": 3.58
        },
        "2009": {
            "cash": 1.28,
            "stock": 0,
            "eps": 3.38
        },
        "2010": {
            "cash": 1.4,
            "stock": 0,
            "eps": 3.52
        },
        "2011": {
            "cash": 2.0700000000000003,
            "stock": 0,
            "eps": 3.89
        },
        "2012": {
            "cash": 2.21,
            "stock": 0,
            "eps": 3.46
        },
        "2013": {
            "cash": 1.7600000000000002,
            "stock": 0,
            "eps": 3.97
        },
        "2014": {
            "cash": 1.88,
            "stock": 0,
            "eps": 3.63
        },
        "2015": {
            "cash": 1.96,
            "stock": 0,
            "eps": 3.32
        },
        "2016": {
            "cash": 2.67,
            "stock": 0,
            "eps": 3.73
        },
        "2017": {
            "cash": 2.05,
            "stock": 0,
            "eps": 4.25
        },
        "2018": {
            "cash": 2.8499999999999996,
            "stock": 0,
            "eps": 3.99
        },
        "2019": {
            "cash": 2.9699999999999998,
            "stock": 0,
            "eps": 4.85
        },
        "2020": {
            "cash": 3.12,
            "stock": 0,
            "eps": 5.24
        },
        "2021": {
            "cash": 3.4000000000000004,
            "stock": 0,
            "eps": 5.76
        },
        "2022": {
            "cash": 2.69,
            "stock": 0,
            "eps": 5.81
        },
        "2023": {
            "cash": 2.73,
            "stock": 0,
            "eps": 4.53
        }
    },
    "dividends": {
        "1993-05-14": {
            "cash": 0.07,
            "stock": 0
        },
        "1993-08-16": {
            "cash": 0.08,
            "stock": 0
        },
        "1993-11-15": {
            "cash": 0.08,
            "stock": 0
        },
        "1994-02-15": {
            "cash": 0.08,
            "stock": 0
        },
        "1994-05-16": {
            "cash": 0.08,
            "stock": 0
        },
        "1994-08-15": {
            "cash": 0.09,
            "stock": 0
        },
        "1994-11-15": {
            "cash": 0.09,
            "stock": 0
        },
        "1995-05-15": {
            "cash": 0.09,
            "stock": 0
        },
        "1995-08-15": {
            "cash": 0.1,
            "stock": 0
        },
        "1995-11-15": {
            "cash": 0.1,
            "stock": 0
        },
        "1996-05-15": {
            "cash": 0.1,
            "stock": 0
        },
        "1996-08-15": {
            "cash": 0.11,
            "stock": 0
        },
        "1997-02-14": {
            "cash": 0.11,
            "stock": 0
        },
        "1997-05-15": {
            "cash": 0.11,
            "stock": 0
        },
        "1997-08-15": {
            "cash": 0.13,
            "stock": 0
        },
        "1997-11-14": {
            "cash": 0.13,
            "stock": 0
        },
        "1998-02-17": {
            "cash": 0.13,
            "stock": 0
        },
        "1998-05-15": {
            "cash": 0.13,
            "stock": 0
        },
        "1998-08-14": {
            "cash": 0.14,
            "stock": 0
        },
        "1998-11-16": {
            "cash": 0.14,
            "stock": 0
        },
        "1999-02-16": {
            "cash": 0.14,
            "stock": 0
        },
        "1999-05-14": {
            "cash": 0.14,
            "stock": 0
        },
        "1999-08-16": {
            "cash": 0.16,
            "stock": 0
        },
        "1999-11-15": {
            "cash": 0.16,
            "stock": 0
        },
        "2000-02-15": {
            "cash": 0.16,
            "stock": 0
        },
        "2000-05-15": {
            "cash": 0.16,
            "stock": 0
        },
        "2000-08-15": {
            "cash": 0.18,
            "stock": 0
        },
        "2000-11-15": {
            "cash": 0.18,
            "stock": 0
        },
        "2001-02-15": {
            "cash": 0.18,
            "stock": 0
        },
        "2001-05-15": {
            "cash": 0.18,
            "stock": 0
        },
        "2001-08-15": {
            "cash": 0.19,
            "stock": 0
        },
        "2001-11-15": {
            "cash": 0.19,
            "stock": 0
        },
        "2002-02-15": {
            "cash": 0.19,
            "stock": 0
        },
        "2002-05-15": {
            "cash": 0.19,
            "stock": 0
        },
        "2002-08-15": {
            "cash": 0.21,
            "stock": 0
        },
        "2002-11-15": {
            "cash": 0.21,
            "stock": 0
        },
        "2003-02-14": {
            "cash": 0.21,
            "stock": 0
        },
        "2003-05-15": {
            "cash": 0.21,
            "stock": 0
        },
        "2003-08-15": {
            "cash": 0.23,
            "stock": 0
        },
        "2003-11-14": {
            "cash": 0.23,
            "stock": 0
        },
        "2004-02-17": {
            "cash": 0.23,
            "stock": 0
        },
        "2004-05-14": {
            "cash": 0.25,
            "stock": 0
        },
        "2004-11-15": {
            "cash": 0.25,
            "stock": 0
        },
        "2005-02-15": {
            "cash": 0.25,
            "stock": 0
        },
        "2005-05-16": {
            "cash": 0.28,
            "stock": 0
        },
        "2005-08-15": {
            "cash": 0.28,
            "stock": 0
        },
        "2005-11-15": {
            "cash": 0.28,
            "stock": 0
        },
        "2006-02-15": {
            "cash": 0.28,
            "stock": 0
        },
        "2006-05-15": {
            "cash": 0.31,
            "stock": 0
        },
        "2006-11-15": {
            "cash": 0.31,
            "stock": 0
        },
        "2007-02-15": {
            "cash": 0.31,
            "stock": 0
        },
        "2007-05-15": {
            "cash": 0.35,
            "stock": 0
        },
        "2007-11-15": {
            "cash": 0.35,
            "stock": 0
        },
        "2008-02-15": {
            "cash": 0.35,
            "stock": 0
        },
        "2008-05-15": {
            "cash": 0.4,
            "stock": 0
        },
        "2008-11-14": {
            "cash": 0.4,
            "stock": 0
        },
        "2009-02-17": {
            "cash": 0.4,
            "stock": 0
        },
        "2009-08-17": {
            "cash": 0.44,
            "stock": 0
        },
        "2009-11-16": {
            "cash": 0.44,
            "stock": 0
        },
        "2010-02-16": {
            "cash": 0.44,
            "stock": 0
        },
        "2010-05-17": {
            "cash": 0.48,
            "stock": 0
        },
        "2010-08-16": {
            "cash": 0.48,
            "stock": 0
        },
        "2011-02-15": {
            "cash": 0.48,
            "stock": 0
        },
        "2011-05-16": {
            "cash": 0.53,
            "stock": 0
        },
        "2011-08-15": {
            "cash": 0.53,
            "stock": 0
        },
        "2011-11-15": {
            "cash": 0.53,
            "stock": 0
        },
        "2012-02-15": {
            "cash": 0.53,
            "stock": 0
        },
        "2012-05-15": {
            "cash": 0.56,
            "stock": 0
        },
        "2012-08-15": {
            "cash": 0.56,
            "stock": 0
        },
        "2012-11-15": {
            "cash": 0.56,
            "stock": 0
        },
        "2013-02-15": {
            "cash": 0.56,
            "stock": 0
        },
        "2013-05-15": {
            "cash": 0.6,
            "stock": 0
        },
        "2013-11-15": {
            "cash": 0.6,
            "stock": 0
        },
        "2014-02-18": {
            "cash": 0.6,
            "stock": 0
        },
        "2014-05-15": {
            "cash": 0.64,
            "stock": 0
        },
        "2014-11-17": {
            "cash": 0.64,
            "stock": 0
        },
        "2015-02-17": {
            "cash": 0.64,
            "stock": 0
        },
        "2015-08-14": {
            "cash": 0.66,
            "stock": 0
        },
        "2015-11-16": {
            "cash": 0.66,
            "stock": 0
        },
        "2016-02-16": {
            "cash": 0.66,
            "stock": 0
        },
        "2016-05-16": {
            "cash": 0.67,
            "stock": 0
        },
        "2016-08-15": {
            "cash": 0.67,
            "stock": 0
        },
        "2016-11-15": {
            "cash": 0.67,
            "stock": 0
        },
        "2017-02-15": {
            "cash": 0.67,
            "stock": 0
        },
        "2017-05-15": {
            "cash": 0.69,
            "stock": 0
        },
        "2017-08-15": {
            "cash": 0.69,
            "stock": 0
        },
        "2018-02-15": {
            "cash": 0.69,
            "stock": 0
        },
        "2018-05-15": {
            "cash": 0.72,
            "stock": 0
        },
        "2018-08-15": {
            "cash": 0.72,
            "stock": 0
        },
        "2018-11-15": {
            "cash": 0.72,
            "stock": 0
        },
        "2019-02-15": {
            "cash": 0.72,
            "stock": 0
        },
        "2019-05-15": {
            "cash": 0.75,
            "stock": 0
        },
        "2019-08-15": {
            "cash": 0.75,
            "stock": 0
        },
        "2019-11-15": {
            "cash": 0.75,
            "stock": 0
        },
        "2020-02-18": {
            "cash": 0.75,
            "stock": 0
        },
        "2020-05-15": {
            "cash": 0.79,
            "stock": 0
        },
        "2020-08-17": {
            "cash": 0.79,
            "stock": 0
        },
        "2020-11-16": {
            "cash": 0.79,
            "stock": 0
        },
        "2021-02-16": {
            "cash": 0.79,
            "stock": 0
        },
        "2021-05-17": {
            "cash": 0.87,
            "stock": 0
        },
        "2021-08-16": {
            "cash": 0.87,
            "stock": 0
        },
        "2021-11-15": {
            "cash": 0.87,
            "stock": 0
        },
        "2022-02-15": {
            "cash": 0.87,
            "stock": 0
        },
        "2022-05-16": {
            "cash": 0.91,
            "stock": 0
        },
        "2022-11-15": {
            "cash": 0.91,
            "stock": 0
        },
        "2023-02-16": {
            "cash": 0.91,
            "stock": 0
        },
        "2023-05-16": {
            "cash": 0.91,
            "stock": 0
        },
        "2023-08-15": {
            "cash": 0.91,
            "stock": 0
        }
    },
    "prices": {
        "200101": "35.92",
        "200102": "37.09",
        "200103": "32.85",
        "200104": "29.62",
        "200105": "32.57",
        "200106": "31.85",
        "200107": "34.09",
        "200108": "36.68",
        "200109": "36.51",
        "200110": "36.08",
        "200111": "38.79",
        "200112": "39.46",
        "200201": "39.36",
        "200202": "41.96",
        "200203": "43.65",
        "200204": "45.03",
        "200205": "45.74",
        "200206": "45.68",
        "200207": "42.36",
        "200208": "45.01",
        "200209": "45.20",
        "200210": "44.85",
        "200211": "43.30",
        "200212": "43.30",
        "200301": "42.91",
        "200302": "41.92",
        "200303": "42.37",
        "200304": "44.89",
        "200305": "44.95",
        "200306": "45.53",
        "200307": "44.46",
        "200308": "43.99",
        "200309": "45.85",
        "200310": "47.90",
        "200311": "48.21",
        "200312": "48.88",
        "200401": "49.70",
        "200402": "51.29",
        "200403": "51.82",
        "200404": "52.85",
        "200405": "53.33",
        "200406": "55.00",
        "200407": "54.06",
        "200408": "54.56",
        "200409": "55.44",
        "200410": "53.25",
        "200411": "53.54",
        "200412": "55.57",
        "200501": "55.54",
        "200502": "52.90",
        "200503": "53.02",
        "200504": "54.24",
        "200505": "55.48",
        "200506": "54.40",
        "200507": "54.32",
        "200508": "54.55",
        "200509": "56.47",
        "200510": "56.02",
        "200511": "56.52",
        "200512": "58.08",
        "200601": "58.69",
        "200602": "60.28",
        "200603": "59.49",
        "200604": "57.05",
        "200605": "55.56",
        "200606": "54.94",
        "200607": "56.44",
        "200608": "60.18",
        "200609": "61.60",
        "200610": "62.83",
        "200611": "63.42",
        "200612": "63.89",
        "200701": "64.80",
        "200702": "64.53",
        "200703": "62.67",
        "200704": "63.40",
        "200705": "62.68",
        "200706": "62.19",
        "200707": "62.36",
        "200708": "64.63",
        "200709": "68.02",
        "200710": "70.94",
        "200711": "71.76",
        "200712": "73.80",
        "200801": "68.78",
        "200802": "66.29",
        "200803": "67.79",
        "200804": "68.80",
        "200805": "65.90",
        "200806": "64.70",
        "200807": "64.04",
        "200808": "69.47",
        "200809": "70.50",
        "200810": "63.48",
        "200811": "63.56",
        "200812": "60.64",
        "200901": "58.65",
        "200902": "51.20",
        "200903": "46.78",
        "200904": "49.50",
        "200905": "51.67",
        "200906": "51.88",
        "200907": "54.20",
        "200908": "53.04",
        "200909": "55.77",
        "200910": "57.46",
        "200911": "61.55",
        "200912": "61.95",
        "201001": "60.86",
        "201002": "62.55",
        "201003": "63.61",
        "201004": "63.07",
        "201005": "61.95",
        "201006": "61.13",
        "201007": "61.62",
        "201008": "60.06",
        "201009": "60.72",
        "201010": "62.37",
        "201011": "63.71",
        "201012": "63.72",
        "201101": "65.08",
        "201102": "63.83",
        "201103": "61.39",
        "201104": "63.14",
        "201105": "66.45",
        "201106": "64.38",
        "201107": "64.03",
        "201108": "61.44",
        "201109": "62.74",
        "201110": "64.52",
        "201111": "62.86",
        "201112": "65.40",
        "201201": "65.56",
        "201202": "64.76",
        "201203": "67.20",
        "201204": "66.54",
        "201205": "63.49",
        "201206": "61.42",
        "201207": "63.57",
        "201208": "66.44",
        "201209": "68.86",
        "201210": "68.87",
        "201211": "68.24",
        "201212": "69.38",
        "201301": "70.65",
        "201302": "76.32",
        "201303": "77.00",
        "201304": "78.95",
        "201305": "78.90",
        "201306": "77.51",
        "201307": "80.10",
        "201308": "80.16",
        "201309": "78.37",
        "201310": "78.68",
        "201311": "83.55",
        "201312": "82.54",
        "201401": "79.60",
        "201402": "77.72",
        "201403": "78.97",
        "201404": "81.15",
        "201405": "81.06",
        "201406": "79.68",
        "201407": "80.09",
        "201408": "81.88",
        "201409": "83.92",
        "201410": "84.31",
        "201411": "88.75",
        "201412": "91.16",
        "201501": "89.38",
        "201502": "85.56",
        "201503": "83.24",
        "201504": "82.24",
        "201505": "80.12",
        "201506": "79.08",
        "201507": "80.69",
        "201508": "73.91",
        "201509": "70.07",
        "201510": "74.78",
        "201511": "75.78",
        "201512": "78.64",
        "201601": "77.41",
        "201602": "81.45",
        "201603": "82.51",
        "201604": "82.03",
        "201605": "81.24",
        "201606": "82.93",
        "201607": "85.47",
        "201608": "86.88",
        "201609": "88.13",
        "201610": "87.46",
        "201611": "84.12",
        "201612": "84.11",
        "201701": "85.51",
        "201702": "89.44",
        "201703": "90.79",
        "201704": "89.41",
        "201705": "86.54",
        "201706": "88.67",
        "201707": "88.26",
        "201708": "91.93",
        "201709": "92.82",
        "201710": "90.36",
        "201711": "88.18",
        "201712": "91.31",
        "201801": "89.75",
        "201802": "81.48",
        "201803": "78.70",
        "201804": "76.32",
        "201805": "73.12",
        "201806": "76.43",
        "201807": "79.29",
        "201808": "82.70",
        "201809": "83.44",
        "201810": "84.17",
        "201811": "92.28",
        "201812": "92.54",
        "201901": "92.41",
        "201902": "98.71",
        "201903": "101.03",
        "201904": "104.74",
        "201905": "105.77",
        "201906": "109.42",
        "201907": "114.58",
        "201908": "117.89",
        "201909": "122.40",
        "201910": "121.62",
        "201911": "120.73",
        "201912": "124.71",
        "202001": "124.71",
        "202002": "123.73",
        "202003": "112.34",
        "202004": "117.65",
        "202005": "114.30",
        "202006": "117.72",
        "202007": "124.68",
        "202008": "135.80",
        "202009": "137.78",
        "202010": "141.37",
        "202011": "140.44",
        "202012": "137.54",
        "202101": "134.52",
        "202102": "128.01",
        "202103": "129.16",
        "202104": "135.20",
        "202105": "136.51",
        "202106": "134.31",
        "202107": "138.50",
        "202108": "143.14",
        "202109": "143.53",
        "202110": "141.61",
        "202111": "146.47",
        "202112": "156.93",
        "202201": "160.74",
        "202202": "158.55",
        "202203": "150.98",
        "202204": "159.29",
        "202205": "150.97",
        "202206": "141.07",
        "202207": "144.41",
        "202208": "145.40",
        "202209": "136.15",
        "202210": "128.43",
        "202211": "140.82",
        "202212": "151.30",
        "202301": "146.76",
        "202302": "139.74",
        "202303": "142.28",
        "202304": "152.59",
        "202305": "153.03"
    },
    "quarters": {
        "20013": {
            "year_quarter": 20013,
            "year": 2001,
            "quarter": 3,
            "eps": 0.32,
            "eps_growth_year": 20.7,
            "eps_4q": 1.33,
            "eps_4q_growth_year": 11.24,
            "roe": 6.87,
            "roe_4q": 6.87,
            "gross_profit": 4336000,
            "gross_margin": 45.59,
            "gross_margin_4q_avg": 45.59,
            "net_income": 893000,
            "revenue": 9511000,
            "common_shares": 1296000,
            "book_valuer_per_share": 1.05,
            "book_valuer_per_share_4q_avg": 1.05,
            "equity": 12972000,
            "current_ratio": 115.96,
            "debt_ratio": 63.81,
            "inventory_turnover_ratio": 1.47,
            "account_receivable_turnover_ratio": 2.87,
            "reinvestment_rate": 14.9,
            "research_to_sale_ratio": null,
            "price_fair": 0,
            "eps_avg_yearly": 0,
            "eps_latest_yearly": 0,
            "eps_growth_yearly": 0
        },
        "20014": {
            "year_quarter": 20014,
            "year": 2001,
            "quarter": 4,
            "eps": -0.12,
            "eps_growth_year": -164.45,
            "eps_4q": 1.03,
            "eps_4q_growth_year": -16.49,
            "roe": -2.56,
            "roe_4q": 4.3100000000000005,
            "gross_profit": 3379000,
            "gross_margin": 35.26,
            "gross_margin_4q_avg": 40.43,
            "net_income": -320000,
            "revenue": 9582000,
            "common_shares": 1296000,
            "book_valuer_per_share": 0.78,
            "book_valuer_per_share_4q_avg": 0.92,
            "equity": 12010000,
            "current_ratio": 110.59,
            "debt_ratio": 65.07,
            "inventory_turnover_ratio": 1.79,
            "account_receivable_turnover_ratio": 3.24,
            "reinvestment_rate": 11.95,
            "research_to_sale_ratio": null,
            "price_fair": 0,
            "eps_avg_yearly": 0,
            "eps_latest_yearly": 0,
            "eps_growth_yearly": 0
        },
        "20021": {
            "year_quarter": 20021,
            "year": 2002,
            "quarter": 1,
            "eps": 0.49,
            "eps_growth_year": 19.27,
            "eps_4q": 1.11,
            "eps_4q_growth_year": -10.84,
            "roe": 9.03,
            "roe_4q": 13.34,
            "gross_profit": 4751000,
            "gross_margin": 48.65,
            "gross_margin_4q_avg": 43.17,
            "net_income": 1104000,
            "revenue": 9766000,
            "common_shares": 1296000,
            "book_valuer_per_share": 0.92,
            "book_valuer_per_share_4q_avg": 0.92,
            "equity": 12437000,
            "current_ratio": 114.13,
            "debt_ratio": 65.08,
            "inventory_turnover_ratio": 1.41,
            "account_receivable_turnover_ratio": 3.26,
            "reinvestment_rate": 12.16,
            "research_to_sale_ratio": null,
            "price_fair": 0,
            "eps_avg_yearly": 0,
            "eps_latest_yearly": 0,
            "eps_growth_yearly": 0
        },
        "20022": {
            "year_quarter": 20022,
            "year": 2002,
            "quarter": 2,
            "eps": 0.52,
            "eps_growth_year": 23.27,
            "eps_4q": 1.21,
            "eps_4q_growth_year": -5.31,
            "roe": 10.18,
            "roe_4q": 23.520000000000003,
            "gross_profit": 5132000,
            "gross_margin": 49.33,
            "gross_margin_4q_avg": 44.71,
            "net_income": 1299000,
            "revenue": 10403000,
            "common_shares": 1296000,
            "book_valuer_per_share": -0.71,
            "book_valuer_per_share_4q_avg": 0.51,
            "equity": 13079000,
            "current_ratio": 82.87,
            "debt_ratio": 68.39,
            "inventory_turnover_ratio": 1.41,
            "account_receivable_turnover_ratio": 3.15,
            "reinvestment_rate": 9.99,
            "research_to_sale_ratio": null,
            "price_fair": 0,
            "eps_avg_yearly": 0,
            "eps_latest_yearly": 0,
            "eps_growth_yearly": 0
        },
        "20023": {
            "year_quarter": 20023,
            "year": 2002,
            "quarter": 3,
            "eps": 0.43,
            "eps_growth_year": 34.68,
            "eps_4q": 1.32,
            "eps_4q_growth_year": -0.91,
            "roe": 7.85,
            "roe_4q": 24.500000000000004,
            "gross_profit": 4922000,
            "gross_margin": 49.72,
            "gross_margin_4q_avg": 45.74,
            "net_income": 1039000,
            "revenue": 9900000,
            "common_shares": 1300000,
            "book_valuer_per_share": -0.64,
            "book_valuer_per_share_4q_avg": 0.09,
            "equity": 13389000,
            "current_ratio": 83.17,
            "debt_ratio": 67.19,
            "inventory_turnover_ratio": 1.33,
            "account_receivable_turnover_ratio": 2.97,
            "reinvestment_rate": 7.34,
            "research_to_sale_ratio": null,
            "price_fair": 5.16,
            "eps_avg_yearly": 1.72,
            "eps_latest_yearly": 1.72,
            "eps_growth_yearly": -69.23
        },
        "20024": {
            "year_quarter": 20024,
            "year": 2002,
            "quarter": 4,
            "eps": 0.39,
            "eps_growth_year": null,
            "eps_4q": 1.82,
            "eps_4q_growth_year": 76.97,
            "roe": 6.72,
            "roe_4q": 33.78,
            "gross_profit": 4883000,
            "gross_margin": 48.02,
            "gross_margin_4q_avg": 48.93,
            "net_income": 910000,
            "revenue": 10169000,
            "common_shares": 1301000,
            "book_valuer_per_share": -0.52,
            "book_valuer_per_share_4q_avg": -0.24,
            "equity": 13706000,
            "current_ratio": 95.77,
            "debt_ratio": 66.39,
            "inventory_turnover_ratio": 1.46,
            "account_receivable_turnover_ratio": 3.28,
            "reinvestment_rate": 6.89,
            "research_to_sale_ratio": null,
            "price_fair": 4.92,
            "eps_avg_yearly": 1.64,
            "eps_latest_yearly": 1.56,
            "eps_growth_yearly": -53.22
        },
        "20031": {
            "year_quarter": 20031,
            "year": 2003,
            "quarter": 1,
            "eps": 0.56,
            "eps_growth_year": 14.66,
            "eps_4q": 1.89,
            "eps_4q_growth_year": 70.85,
            "roe": 10.48,
            "roe_4q": 35.23,
            "gross_profit": 5395000,
            "gross_margin": 49.97,
            "gross_margin_4q_avg": 49.26,
            "net_income": 1464000,
            "revenue": 10796000,
            "common_shares": 1299000,
            "book_valuer_per_share": -0.3,
            "book_valuer_per_share_4q_avg": -0.54,
            "equity": 14239000,
            "current_ratio": 103.76,
            "debt_ratio": 65.98,
            "inventory_turnover_ratio": 1.54,
            "account_receivable_turnover_ratio": 3.48,
            "reinvestment_rate": 1.41,
            "research_to_sale_ratio": null,
            "price_fair": 60.06,
            "eps_avg_yearly": 1.84,
            "eps_latest_yearly": 2.24,
            "eps_growth_yearly": 22.64
        },
        "20032": {
            "year_quarter": 20032,
            "year": 2003,
            "quarter": 2,
            "eps": 0.57,
            "eps_growth_year": 9.59,
            "eps_4q": 1.94,
            "eps_4q_growth_year": 61.08,
            "roe": 10.28,
            "roe_4q": 35.33,
            "gross_profit": 5590000,
            "gross_margin": 50.8,
            "gross_margin_4q_avg": 49.63,
            "net_income": 1494000,
            "revenue": 11005000,
            "common_shares": 1293000,
            "book_valuer_per_share": -0.08,
            "book_valuer_per_share_4q_avg": -0.39,
            "equity": 14836000,
            "current_ratio": 111.71,
            "debt_ratio": 65.04,
            "inventory_turnover_ratio": 1.51,
            "account_receivable_turnover_ratio": 3.47,
            "reinvestment_rate": 1.19,
            "research_to_sale_ratio": null,
            "price_fair": 56.09,
            "eps_avg_yearly": 1.95,
            "eps_latest_yearly": 2.28,
            "eps_growth_yearly": 18.77
        },
        "20033": {
            "year_quarter": 20033,
            "year": 2003,
            "quarter": 3,
            "eps": 0.48,
            "eps_growth_year": 12.4,
            "eps_4q": 1.99,
            "eps_4q_growth_year": 51.66,
            "roe": 8.39,
            "roe_4q": 35.870000000000005,
            "gross_profit": 5308000,
            "gross_margin": 49.81,
            "gross_margin_4q_avg": 49.65,
            "net_income": 1273000,
            "revenue": 10656000,
            "common_shares": 1295000,
            "book_valuer_per_share": 0.18,
            "book_valuer_per_share_4q_avg": -0.18,
            "equity": 15525000,
            "current_ratio": 117.32,
            "debt_ratio": 63.63,
            "inventory_turnover_ratio": 1.45,
            "account_receivable_turnover_ratio": 3.44,
            "reinvestment_rate": 2.92,
            "research_to_sale_ratio": null,
            "price_fair": 24.07,
            "eps_avg_yearly": 1.94,
            "eps_latest_yearly": 1.92,
            "eps_growth_yearly": 2.38
        },
        "20034": {
            "year_quarter": 20034,
            "year": 2003,
            "quarter": 4,
            "eps": 0.43,
            "eps_growth_year": 11.62,
            "eps_4q": 2.04,
            "eps_4q_growth_year": 12.03,
            "roe": 6.02,
            "roe_4q": 35.17,
            "gross_profit": 5316000,
            "gross_margin": 48.68,
            "gross_margin_4q_avg": 49.82,
            "net_income": 955000,
            "revenue": 10920000,
            "common_shares": 2594000,
            "book_valuer_per_share": 0.42,
            "book_valuer_per_share_4q_avg": 0.06,
            "equity": 16186000,
            "current_ratio": 123.16,
            "debt_ratio": 62.97,
            "inventory_turnover_ratio": 1.51,
            "account_receivable_turnover_ratio": 3.64,
            "reinvestment_rate": -1.09,
            "research_to_sale_ratio": null,
            "price_fair": 5.72,
            "eps_avg_yearly": 1.91,
            "eps_latest_yearly": 1.72,
            "eps_growth_yearly": -4.96
        },
        "20041": {
            "year_quarter": 20041,
            "year": 2004,
            "quarter": 1,
            "eps": 0.63,
            "eps_growth_year": 12.78,
            "eps_4q": 2.11,
            "eps_4q_growth_year": 11.58,
            "roe": 10.5,
            "roe_4q": 35.19,
            "gross_profit": 6316000,
            "gross_margin": 51.79,
            "gross_margin_4q_avg": 50.27,
            "net_income": 1761000,
            "revenue": 12195000,
            "common_shares": 1297000,
            "book_valuer_per_share": -1.34,
            "book_valuer_per_share_4q_avg": -0.21,
            "equity": 17371000,
            "current_ratio": 93.23,
            "debt_ratio": 65.6,
            "inventory_turnover_ratio": 1.44,
            "account_receivable_turnover_ratio": 3.4,
            "reinvestment_rate": 1.59,
            "research_to_sale_ratio": null,
            "price_fair": 64.47,
            "eps_avg_yearly": 1.99,
            "eps_latest_yearly": 2.52,
            "eps_growth_yearly": 22.33
        },
        "20042": {
            "year_quarter": 20042,
            "year": 2004,
            "quarter": 2,
            "eps": 0.65,
            "eps_growth_year": 13.82,
            "eps_4q": 2.19,
            "eps_4q_growth_year": 12.77,
            "roe": 10.12,
            "roe_4q": 35.03,
            "gross_profit": 6897000,
            "gross_margin": 52.17,
            "gross_margin_4q_avg": 50.61,
            "net_income": 1818000,
            "revenue": 13221000,
            "common_shares": 1292000,
            "book_valuer_per_share": -1.43,
            "book_valuer_per_share_4q_avg": -0.54,
            "equity": 18572000,
            "current_ratio": 97.49,
            "debt_ratio": 65.52,
            "inventory_turnover_ratio": 1.38,
            "account_receivable_turnover_ratio": 3.08,
            "reinvestment_rate": 2.54,
            "research_to_sale_ratio": null,
            "price_fair": 64.42,
            "eps_avg_yearly": 2.07,
            "eps_latest_yearly": 2.6,
            "eps_growth_yearly": 21.12
        },
        "20043": {
            "year_quarter": 20043,
            "year": 2004,
            "quarter": 3,
            "eps": 0.55,
            "eps_growth_year": 14.28,
            "eps_4q": 2.26,
            "eps_4q_growth_year": 13.21,
            "roe": 8.29,
            "roe_4q": 34.92999999999999,
            "gross_profit": 6635000,
            "gross_margin": 50.92,
            "gross_margin_4q_avg": 50.89,
            "net_income": 1528000,
            "revenue": 13029000,
            "common_shares": 1285000,
            "book_valuer_per_share": -1.46,
            "book_valuer_per_share_4q_avg": -0.95,
            "equity": 18292000,
            "current_ratio": 101.06,
            "debt_ratio": 66.04,
            "inventory_turnover_ratio": 1.38,
            "account_receivable_turnover_ratio": 3.05,
            "reinvestment_rate": 2.09,
            "research_to_sale_ratio": null,
            "price_fair": 45.73,
            "eps_avg_yearly": 2.08,
            "eps_latest_yearly": 2.2,
            "eps_growth_yearly": 11.94
        },
        "20044": {
            "year_quarter": 20044,
            "year": 2004,
            "quarter": 4,
            "eps": 0.5,
            "eps_growth_year": 14.29,
            "eps_4q": 2.32,
            "eps_4q_growth_year": 13.74,
            "roe": 7.73,
            "roe_4q": 36.64,
            "gross_profit": 6483000,
            "gross_margin": 50.02,
            "gross_margin_4q_avg": 51.23,
            "net_income": 1374000,
            "revenue": 12962000,
            "common_shares": 2544000,
            "book_valuer_per_share": -3.2,
            "book_valuer_per_share_4q_avg": -1.86,
            "equity": 17278000,
            "current_ratio": 77.28,
            "debt_ratio": 69.71,
            "inventory_turnover_ratio": 1.44,
            "account_receivable_turnover_ratio": 3.18,
            "reinvestment_rate": 2.32,
            "research_to_sale_ratio": null,
            "price_fair": 35.52,
            "eps_avg_yearly": 2.08,
            "eps_latest_yearly": 2,
            "eps_growth_yearly": 7.11
        },
        "20051": {
            "year_quarter": 20051,
            "year": 2005,
            "quarter": 1,
            "eps": 0.69,
            "eps_growth_year": 9.7,
            "eps_4q": 2.38,
            "eps_4q_growth_year": 12.79,
            "roe": 10.9,
            "roe_4q": 37.04,
            "gross_profit": 7121000,
            "gross_margin": 51.81,
            "gross_margin_4q_avg": 51.23,
            "net_income": 1942000,
            "revenue": 13744000,
            "common_shares": 2537000,
            "book_valuer_per_share": -2.98,
            "book_valuer_per_share_4q_avg": -2.27,
            "equity": 18359000,
            "current_ratio": 85.45,
            "debt_ratio": 68.99,
            "inventory_turnover_ratio": 1.45,
            "account_receivable_turnover_ratio": 3.22,
            "reinvestment_rate": 1.98,
            "research_to_sale_ratio": null,
            "price_fair": 64.74,
            "eps_avg_yearly": 2.14,
            "eps_latest_yearly": 2.76,
            "eps_growth_yearly": 20.28
        },
        "20052": {
            "year_quarter": 20052,
            "year": 2005,
            "quarter": 2,
            "eps": 0.71,
            "eps_growth_year": 8.83,
            "eps_4q": 2.44,
            "eps_4q_growth_year": 11.35,
            "roe": 10.33,
            "roe_4q": 37.25,
            "gross_profit": 7567000,
            "gross_margin": 52.36,
            "gross_margin_4q_avg": 51.28,
            "net_income": 1975000,
            "revenue": 14452000,
            "common_shares": 2523000,
            "book_valuer_per_share": -2.75,
            "book_valuer_per_share_4q_avg": -2.6,
            "equity": 19884000,
            "current_ratio": 87.84,
            "debt_ratio": 68.45,
            "inventory_turnover_ratio": 1.39,
            "account_receivable_turnover_ratio": 3.15,
            "reinvestment_rate": 4.39,
            "research_to_sale_ratio": null,
            "price_fair": 64.93,
            "eps_avg_yearly": 2.2,
            "eps_latest_yearly": 2.84,
            "eps_growth_yearly": 19.56
        },
        "20053": {
            "year_quarter": 20053,
            "year": 2005,
            "quarter": 3,
            "eps": 0.59,
            "eps_growth_year": 8.01,
            "eps_4q": 2.48,
            "eps_4q_growth_year": 9.92,
            "roe": 8.36,
            "roe_4q": 37.31999999999999,
            "gross_profit": 7232000,
            "gross_margin": 50.62,
            "gross_margin_4q_avg": 51.2,
            "net_income": 1614000,
            "revenue": 14287000,
            "common_shares": 2494000,
            "book_valuer_per_share": -3.07,
            "book_valuer_per_share_4q_avg": -3,
            "equity": 18730000,
            "current_ratio": 85.27,
            "debt_ratio": 70.31,
            "inventory_turnover_ratio": 1.35,
            "account_receivable_turnover_ratio": 3.15,
            "reinvestment_rate": 5.59,
            "research_to_sale_ratio": null,
            "price_fair": 50.48,
            "eps_avg_yearly": 2.21,
            "eps_latest_yearly": 2.36,
            "eps_growth_yearly": 12.85
        },
        "20054": {
            "year_quarter": 20054,
            "year": 2005,
            "quarter": 4,
            "eps": 0.49,
            "eps_growth_year": -1.23,
            "eps_4q": 2.48,
            "eps_4q_growth_year": 6.72,
            "roe": 7.48,
            "roe_4q": 37.07,
            "gross_profit": 6949000,
            "gross_margin": 48.74,
            "gross_margin_4q_avg": 50.88,
            "net_income": 1392000,
            "revenue": 14258000,
            "common_shares": 2977000,
            "book_valuer_per_share": -2.9,
            "book_valuer_per_share_4q_avg": -2.93,
            "equity": 18475000,
            "current_ratio": 81.19,
            "debt_ratio": 69.97,
            "inventory_turnover_ratio": 1.42,
            "account_receivable_turnover_ratio": 3.32,
            "reinvestment_rate": 4.89,
            "research_to_sale_ratio": null,
            "price_fair": 37.45,
            "eps_avg_yearly": 2.19,
            "eps_latest_yearly": 1.96,
            "eps_growth_yearly": 7.09
        },
        "20061": {
            "year_quarter": 20061,
            "year": 2006,
            "quarter": 1,
            "eps": 0.77,
            "eps_growth_year": 10.96,
            "eps_4q": 2.55,
            "eps_4q_growth_year": 7.16,
            "roe": 12.29,
            "roe_4q": 38.46,
            "gross_profit": 7634000,
            "gross_margin": 51.61,
            "gross_margin_4q_avg": 50.83,
            "net_income": 2029000,
            "revenue": 14793000,
            "common_shares": 2977000,
            "book_valuer_per_share": -3.75,
            "book_valuer_per_share_4q_avg": -3.12,
            "equity": 14533000,
            "current_ratio": 97.67,
            "debt_ratio": 76.52,
            "inventory_turnover_ratio": 1.41,
            "account_receivable_turnover_ratio": 3.33,
            "reinvestment_rate": 4.32,
            "research_to_sale_ratio": null,
            "price_fair": 71.7,
            "eps_avg_yearly": 2.25,
            "eps_latest_yearly": 3.08,
            "eps_growth_yearly": 21.86
        },
        "20062": {
            "year_quarter": 20062,
            "year": 2006,
            "quarter": 2,
            "eps": 0.72,
            "eps_growth_year": 1.72,
            "eps_4q": 2.56,
            "eps_4q_growth_year": 5.14,
            "roe": 6.29,
            "roe_4q": 34.42,
            "gross_profit": 9605000,
            "gross_margin": 52.38,
            "gross_margin_4q_avg": 50.84,
            "net_income": 2546000,
            "revenue": 18337000,
            "common_shares": 3966000,
            "book_valuer_per_share": -7.16,
            "book_valuer_per_share_4q_avg": -4.22,
            "equity": 66414000,
            "current_ratio": 128.87,
            "debt_ratio": 51.35,
            "inventory_turnover_ratio": 1.51,
            "account_receivable_turnover_ratio": 3.41,
            "reinvestment_rate": 19.88,
            "research_to_sale_ratio": null,
            "price_fair": 66.11,
            "eps_avg_yearly": 2.29,
            "eps_latest_yearly": 2.88,
            "eps_growth_yearly": 18.87
        },
        "20063": {
            "year_quarter": 20063,
            "year": 2006,
            "quarter": 3,
            "eps": 0.62,
            "eps_growth_year": 4.86,
            "eps_4q": 2.59,
            "eps_4q_growth_year": 4.44,
            "roe": 3.36,
            "roe_4q": 29.419999999999998,
            "gross_profit": 8910000,
            "gross_margin": 51.65,
            "gross_margin_4q_avg": 51.1,
            "net_income": 2211000,
            "revenue": 17250000,
            "common_shares": 3973000,
            "book_valuer_per_share": -7.4,
            "book_valuer_per_share_4q_avg": -5.3,
            "equity": 65024000,
            "current_ratio": 132.79,
            "debt_ratio": 52.27,
            "inventory_turnover_ratio": 1.27,
            "account_receivable_turnover_ratio": 3.01,
            "reinvestment_rate": 19.49,
            "research_to_sale_ratio": null,
            "price_fair": 69.47,
            "eps_avg_yearly": 2.34,
            "eps_latest_yearly": 2.48,
            "eps_growth_yearly": 19.72
        },
        "20064": {
            "year_quarter": 20064,
            "year": 2006,
            "quarter": 4,
            "eps": 0.54,
            "eps_growth_year": 10.35,
            "eps_4q": 2.64,
            "eps_4q_growth_year": 6.75,
            "roe": 2.97,
            "roe_4q": 24.91,
            "gross_profit": 8948000,
            "gross_margin": 50.15,
            "gross_margin_4q_avg": 51.45,
            "net_income": 1898000,
            "revenue": 17842000,
            "common_shares": 3976000,
            "book_valuer_per_share": -8.67,
            "book_valuer_per_share_4q_avg": -6.75,
            "equity": 62908000,
            "current_ratio": 121.74,
            "debt_ratio": 53.64,
            "inventory_turnover_ratio": 1.37,
            "account_receivable_turnover_ratio": 3.21,
            "reinvestment_rate": 20.98,
            "research_to_sale_ratio": null,
            "price_fair": 68.45,
            "eps_avg_yearly": 2.38,
            "eps_latest_yearly": 2.16,
            "eps_growth_yearly": 18.82
        },
        "20071": {
            "year_quarter": 20071,
            "year": 2007,
            "quarter": 1,
            "eps": 0.79,
            "eps_growth_year": 3.22,
            "eps_4q": 2.67,
            "eps_4q_growth_year": 4.55,
            "roe": 4.26,
            "roe_4q": 16.88,
            "gross_profit": 9920000,
            "gross_margin": 52.81,
            "gross_margin_4q_avg": 51.75,
            "net_income": 2698000,
            "revenue": 18785000,
            "common_shares": 3981000,
            "book_valuer_per_share": -8.49,
            "book_valuer_per_share_4q_avg": -7.93,
            "equity": 63813000,
            "current_ratio": 123.87,
            "debt_ratio": 53.44,
            "inventory_turnover_ratio": 1.36,
            "account_receivable_turnover_ratio": 3.04,
            "reinvestment_rate": 19.69,
            "research_to_sale_ratio": null,
            "price_fair": 71.75,
            "eps_avg_yearly": 2.43,
            "eps_latest_yearly": 3.16,
            "eps_growth_yearly": 19.5
        },
        "20072": {
            "year_quarter": 20072,
            "year": 2007,
            "quarter": 2,
            "eps": 0.84,
            "eps_growth_year": 17.05,
            "eps_4q": 2.79,
            "eps_4q_growth_year": 8.83,
            "roe": 4.43,
            "roe_4q": 15.02,
            "gross_profit": 10438000,
            "gross_margin": 52.92,
            "gross_margin_4q_avg": 51.88,
            "net_income": 2862000,
            "revenue": 19725000,
            "common_shares": 3984000,
            "book_valuer_per_share": -8.2,
            "book_valuer_per_share_4q_avg": -8.19,
            "equity": 65364000,
            "current_ratio": 78.89,
            "debt_ratio": 52.39,
            "inventory_turnover_ratio": 1.36,
            "account_receivable_turnover_ratio": 2.79,
            "reinvestment_rate": 20.14,
            "research_to_sale_ratio": null,
            "price_fair": 76.58,
            "eps_avg_yearly": 2.5,
            "eps_latest_yearly": 3.36,
            "eps_growth_yearly": 20.63
        },
        "20073": {
            "year_quarter": 20073,
            "year": 2007,
            "quarter": 3,
            "eps": 0.74,
            "eps_growth_year": 19.29,
            "eps_4q": 2.91,
            "eps_4q_growth_year": 12.24,
            "roe": 3.81,
            "roe_4q": 15.47,
            "gross_profit": 9637000,
            "gross_margin": 51.55,
            "gross_margin_4q_avg": 51.86,
            "net_income": 2512000,
            "revenue": 18694000,
            "common_shares": 3987000,
            "book_valuer_per_share": -7.9,
            "book_valuer_per_share_4q_avg": -8.32,
            "equity": 66466000,
            "current_ratio": 73.46,
            "debt_ratio": 51.02,
            "inventory_turnover_ratio": 1.3,
            "account_receivable_turnover_ratio": 2.62,
            "reinvestment_rate": 19.52,
            "research_to_sale_ratio": null,
            "price_fair": 81.07,
            "eps_avg_yearly": 2.57,
            "eps_latest_yearly": 2.96,
            "eps_growth_yearly": 21.6
        },
        "20074": {
            "year_quarter": 20074,
            "year": 2007,
            "quarter": 4,
            "eps": 0.67,
            "eps_growth_year": 24.27,
            "eps_4q": 3.04,
            "eps_4q_growth_year": 15.04,
            "roe": 3.4,
            "roe_4q": 15.9,
            "gross_profit": 9795000,
            "gross_margin": 50.83,
            "gross_margin_4q_avg": 52.03,
            "net_income": 2268000,
            "revenue": 19272000,
            "common_shares": 3990000,
            "book_valuer_per_share": -7.93,
            "book_valuer_per_share_4q_avg": -8.13,
            "equity": 66760000,
            "current_ratio": 78.23,
            "debt_ratio": 51.63,
            "inventory_turnover_ratio": 1.36,
            "account_receivable_turnover_ratio": 2.88,
            "reinvestment_rate": 18.15,
            "research_to_sale_ratio": null,
            "price_fair": 83.59,
            "eps_avg_yearly": 2.63,
            "eps_latest_yearly": 2.68,
            "eps_growth_yearly": 21.84
        },
        "20081": {
            "year_quarter": 20081,
            "year": 2008,
            "quarter": 1,
            "eps": 0.9,
            "eps_growth_year": 13.3,
            "eps_4q": 3.15,
            "eps_4q_growth_year": 17.92,
            "roe": 4.47,
            "roe_4q": 16.11,
            "gross_profit": 10542000,
            "gross_margin": 53.25,
            "gross_margin_4q_avg": 52.14,
            "net_income": 3004000,
            "revenue": 19799000,
            "common_shares": 3994000,
            "book_valuer_per_share": -8.18,
            "book_valuer_per_share_4q_avg": -8.05,
            "equity": 67559000,
            "current_ratio": 81.56,
            "debt_ratio": 52.32,
            "inventory_turnover_ratio": 1.28,
            "account_receivable_turnover_ratio": 2.82,
            "reinvestment_rate": 17.13,
            "research_to_sale_ratio": null,
            "price_fair": 77.54,
            "eps_avg_yearly": 2.69,
            "eps_latest_yearly": 3.6,
            "eps_growth_yearly": 18.8
        },
        "20082": {
            "year_quarter": 20082,
            "year": 2008,
            "quarter": 2,
            "eps": 0.96,
            "eps_growth_year": 13.77,
            "eps_4q": 3.26,
            "eps_4q_growth_year": 16.9,
            "roe": 4.7,
            "roe_4q": 16.38,
            "gross_profit": 11010000,
            "gross_margin": 52.33,
            "gross_margin_4q_avg": 51.99,
            "net_income": 3194000,
            "revenue": 21038000,
            "common_shares": 3998000,
            "book_valuer_per_share": -8.29,
            "book_valuer_per_share_4q_avg": -8.08,
            "equity": 68243000,
            "current_ratio": 85.64,
            "debt_ratio": 52.74,
            "inventory_turnover_ratio": 1.31,
            "account_receivable_turnover_ratio": 2.78,
            "reinvestment_rate": 16.6,
            "research_to_sale_ratio": null,
            "price_fair": 82.19,
            "eps_avg_yearly": 2.77,
            "eps_latest_yearly": 3.84,
            "eps_growth_yearly": 19.67
        },
        "20083": {
            "year_quarter": 20083,
            "year": 2008,
            "quarter": 3,
            "eps": 0.8,
            "eps_growth_year": 8.56,
            "eps_4q": 3.33,
            "eps_4q_growth_year": 14.27,
            "roe": 3.85,
            "roe_4q": 16.419999999999998,
            "gross_profit": 10347000,
            "gross_margin": 51.67,
            "gross_margin_4q_avg": 52.02,
            "net_income": 2650000,
            "revenue": 20026000,
            "common_shares": 3999000,
            "book_valuer_per_share": -8.43,
            "book_valuer_per_share_4q_avg": -8.21,
            "equity": 69589000,
            "current_ratio": 82.34,
            "debt_ratio": 52.14,
            "inventory_turnover_ratio": 1.2,
            "account_receivable_turnover_ratio": 2.74,
            "reinvestment_rate": 17.21,
            "research_to_sale_ratio": null,
            "price_fair": 83.14,
            "eps_avg_yearly": 2.83,
            "eps_latest_yearly": 3.2,
            "eps_growth_yearly": 19.35
        },
        "20084": {
            "year_quarter": 20084,
            "year": 2008,
            "quarter": 4,
            "eps": 0.92,
            "eps_growth_year": 36.74,
            "eps_4q": 3.57,
            "eps_4q_growth_year": 17.45,
            "roe": 4.34,
            "roe_4q": 17.36,
            "gross_profit": 10458000,
            "gross_margin": 49.18,
            "gross_margin_4q_avg": 51.61,
            "net_income": 3016000,
            "revenue": 21266000,
            "common_shares": 4002000,
            "book_valuer_per_share": -8.53,
            "book_valuer_per_share_4q_avg": -8.36,
            "equity": 69494000,
            "current_ratio": 79.19,
            "debt_ratio": 51.74,
            "inventory_turnover_ratio": 1.28,
            "account_receivable_turnover_ratio": 3.11,
            "reinvestment_rate": 17.6,
            "research_to_sale_ratio": null,
            "price_fair": 102.81,
            "eps_avg_yearly": 2.94,
            "eps_latest_yearly": 3.68,
            "eps_growth_yearly": 25.37
        },
        "20091": {
            "year_quarter": 20091,
            "year": 2009,
            "quarter": 1,
            "eps": 0.96,
            "eps_growth_year": 7.37,
            "eps_4q": 3.64,
            "eps_4q_growth_year": 15.63,
            "roe": 4.65,
            "roe_4q": 17.54,
            "gross_profit": 10425000,
            "gross_margin": 49.68,
            "gross_margin_4q_avg": 50.72,
            "net_income": 3115000,
            "revenue": 20983000,
            "common_shares": 4006000,
            "book_valuer_per_share": -9.39,
            "book_valuer_per_share_4q_avg": -8.66,
            "equity": 64562000,
            "current_ratio": 65.56,
            "debt_ratio": 54.11,
            "inventory_turnover_ratio": 1.22,
            "account_receivable_turnover_ratio": 3.03,
            "reinvestment_rate": 13.4,
            "research_to_sale_ratio": null,
            "price_fair": 81.02,
            "eps_avg_yearly": 3.01,
            "eps_latest_yearly": 3.84,
            "eps_growth_yearly": 16.96
        },
        "20092": {
            "year_quarter": 20092,
            "year": 2009,
            "quarter": 2,
            "eps": 0.89,
            "eps_growth_year": -7.19,
            "eps_4q": 3.57,
            "eps_4q_growth_year": 9.42,
            "roe": 4.43,
            "roe_4q": 17.27,
            "gross_profit": 9964000,
            "gross_margin": 50.42,
            "gross_margin_4q_avg": 50.24,
            "net_income": 2813000,
            "revenue": 19763000,
            "common_shares": 4007000,
            "book_valuer_per_share": -9.64,
            "book_valuer_per_share_4q_avg": -9,
            "equity": 62412000,
            "current_ratio": 68.59,
            "debt_ratio": 54.86,
            "inventory_turnover_ratio": 1.14,
            "account_receivable_turnover_ratio": 2.81,
            "reinvestment_rate": 11.77,
            "research_to_sale_ratio": null,
            "price_fair": 74.46,
            "eps_avg_yearly": 3.05,
            "eps_latest_yearly": 3.56,
            "eps_growth_yearly": 14.41
        },
        "20093": {
            "year_quarter": 20093,
            "year": 2009,
            "quarter": 3,
            "eps": 0.78,
            "eps_growth_year": -2.54,
            "eps_4q": 3.55,
            "eps_4q_growth_year": 6.72,
            "roe": 3.94,
            "roe_4q": 17.36,
            "gross_profit": 8747000,
            "gross_margin": 48.96,
            "gross_margin_4q_avg": 49.56,
            "net_income": 2429000,
            "revenue": 17864000,
            "common_shares": 4007000,
            "book_valuer_per_share": -9.61,
            "book_valuer_per_share_4q_avg": -9.29,
            "equity": 60775000,
            "current_ratio": 67.04,
            "debt_ratio": 54.1,
            "inventory_turnover_ratio": 1.14,
            "account_receivable_turnover_ratio": 2.81,
            "reinvestment_rate": 10.33,
            "research_to_sale_ratio": null,
            "price_fair": 79.14,
            "eps_avg_yearly": 3.1,
            "eps_latest_yearly": 3.12,
            "eps_growth_yearly": 15.55
        },
        "20094": {
            "year_quarter": 20094,
            "year": 2009,
            "quarter": 4,
            "eps": 0.75,
            "eps_growth_year": -18.28,
            "eps_4q": 3.38,
            "eps_4q_growth_year": -5.34,
            "roe": 3.75,
            "roe_4q": 16.77,
            "gross_profit": 8868000,
            "gross_margin": 49.04,
            "gross_margin_4q_avg": 49.53,
            "net_income": 2323000,
            "revenue": 18084000,
            "common_shares": 4007000,
            "book_valuer_per_share": -9.37,
            "book_valuer_per_share_4q_avg": -9.5,
            "equity": 63099000,
            "current_ratio": 70.89,
            "debt_ratio": 53.2,
            "inventory_turnover_ratio": 1.27,
            "account_receivable_turnover_ratio": 3.12,
            "reinvestment_rate": 12.52,
            "research_to_sale_ratio": null,
            "price_fair": 91.16,
            "eps_avg_yearly": 3.16,
            "eps_latest_yearly": 3,
            "eps_growth_yearly": 18.82
        },
        "20101": {
            "year_quarter": 20101,
            "year": 2010,
            "quarter": 1,
            "eps": 0.97,
            "eps_growth_year": 1.23,
            "eps_4q": 3.39,
            "eps_4q_growth_year": -6.73,
            "roe": 4.66,
            "roe_4q": 16.78,
            "gross_profit": 10409000,
            "gross_margin": 52.55,
            "gross_margin_4q_avg": 50.24,
            "net_income": 3027000,
            "revenue": 19807000,
            "common_shares": 4007000,
            "book_valuer_per_share": -8.31,
            "book_valuer_per_share_4q_avg": -9.23,
            "equity": 66714000,
            "current_ratio": 85.5,
            "debt_ratio": 51.79,
            "inventory_turnover_ratio": 1.35,
            "account_receivable_turnover_ratio": 3.28,
            "reinvestment_rate": 3.21,
            "research_to_sale_ratio": null,
            "price_fair": 70.26,
            "eps_avg_yearly": 3.21,
            "eps_latest_yearly": 3.88,
            "eps_growth_yearly": 11.87
        },
        "20102": {
            "year_quarter": 20102,
            "year": 2010,
            "quarter": 2,
            "eps": 1.01,
            "eps_growth_year": 13.82,
            "eps_4q": 3.52,
            "eps_4q_growth_year": -1.5,
            "roe": 4.65,
            "roe_4q": 17,
            "gross_profit": 11291000,
            "gross_margin": 53.7,
            "gross_margin_4q_avg": 51.06,
            "net_income": 3149000,
            "revenue": 21027000,
            "common_shares": 4007000,
            "book_valuer_per_share": -7.67,
            "book_valuer_per_share_4q_avg": -8.74,
            "equity": 68637000,
            "current_ratio": 91.91,
            "debt_ratio": 49.27,
            "inventory_turnover_ratio": 1.4,
            "account_receivable_turnover_ratio": 3.29,
            "reinvestment_rate": 2.72,
            "research_to_sale_ratio": null,
            "price_fair": 80.57,
            "eps_avg_yearly": 3.29,
            "eps_latest_yearly": 4.04,
            "eps_growth_yearly": 14.53
        },
        "20103": {
            "year_quarter": 20103,
            "year": 2010,
            "quarter": 3,
            "eps": 0.83,
            "eps_growth_year": 6.45,
            "eps_4q": 3.57,
            "eps_4q_growth_year": 0.48,
            "roe": 3.83,
            "roe_4q": 16.89,
            "gross_profit": 9953000,
            "gross_margin": 51.9,
            "gross_margin_4q_avg": 51.8,
            "net_income": 2585000,
            "revenue": 19178000,
            "common_shares": 4007000,
            "book_valuer_per_share": -7.85,
            "book_valuer_per_share_4q_avg": -8.3,
            "equity": 66430000,
            "current_ratio": 92.34,
            "debt_ratio": 50.05,
            "inventory_turnover_ratio": 1.36,
            "account_receivable_turnover_ratio": 3.09,
            "reinvestment_rate": 1.51,
            "research_to_sale_ratio": null,
            "price_fair": 78.57,
            "eps_avg_yearly": 3.34,
            "eps_latest_yearly": 3.32,
            "eps_growth_yearly": 13.54
        },
        "20104": {
            "year_quarter": 20104,
            "year": 2010,
            "quarter": 4,
            "eps": 0.71,
            "eps_growth_year": -5.09,
            "eps_4q": 3.53,
            "eps_4q_growth_year": 4.34,
            "roe": 3.43,
            "roe_4q": 16.57,
            "gross_profit": 9366000,
            "gross_margin": 49.49,
            "gross_margin_4q_avg": 51.91,
            "net_income": 2185000,
            "revenue": 18926000,
            "common_shares": 4008000,
            "book_valuer_per_share": -9.08,
            "book_valuer_per_share_4q_avg": -8.23,
            "equity": 61115000,
            "current_ratio": 77.35,
            "debt_ratio": 52.32,
            "inventory_turnover_ratio": 1.46,
            "account_receivable_turnover_ratio": 3.38,
            "reinvestment_rate": 1.15,
            "research_to_sale_ratio": null,
            "price_fair": 78.26,
            "eps_avg_yearly": 3.38,
            "eps_latest_yearly": 2.84,
            "eps_growth_yearly": 13.15
        },
        "20111": {
            "year_quarter": 20111,
            "year": 2011,
            "quarter": 1,
            "eps": 1.02,
            "eps_growth_year": 4.6,
            "eps_4q": 3.57,
            "eps_4q_growth_year": 5.3,
            "roe": 5.03,
            "roe_4q": 16.94,
            "gross_profit": 10433000,
            "gross_margin": 51.85,
            "gross_margin_4q_avg": 51.74,
            "net_income": 3120000,
            "revenue": 20122000,
            "common_shares": 4008000,
            "book_valuer_per_share": -9.63,
            "book_valuer_per_share_4q_avg": -8.56,
            "equity": 62855000,
            "current_ratio": 74.15,
            "debt_ratio": 52.99,
            "inventory_turnover_ratio": 1.42,
            "account_receivable_turnover_ratio": 3.52,
            "reinvestment_rate": 1.76,
            "research_to_sale_ratio": null,
            "price_fair": 77.33,
            "eps_avg_yearly": 3.44,
            "eps_latest_yearly": 4.08,
            "eps_growth_yearly": 12.5
        },
        "20112": {
            "year_quarter": 20112,
            "year": 2011,
            "quarter": 2,
            "eps": 1.11,
            "eps_growth_year": 10.02,
            "eps_4q": 3.67,
            "eps_4q_growth_year": 4.5,
            "roe": 5.29,
            "roe_4q": 17.58,
            "gross_profit": 11060000,
            "gross_margin": 51.81,
            "gross_margin_4q_avg": 51.26,
            "net_income": 3362000,
            "revenue": 21347000,
            "common_shares": 4008000,
            "book_valuer_per_share": -8.89,
            "book_valuer_per_share_4q_avg": -8.86,
            "equity": 64364000,
            "current_ratio": 80.14,
            "debt_ratio": 52.06,
            "inventory_turnover_ratio": 1.4,
            "account_receivable_turnover_ratio": 3.38,
            "reinvestment_rate": 1.73,
            "research_to_sale_ratio": null,
            "price_fair": 81.03,
            "eps_avg_yearly": 3.51,
            "eps_latest_yearly": 4.44,
            "eps_growth_yearly": 13.12
        },
        "20113": {
            "year_quarter": 20113,
            "year": 2011,
            "quarter": 3,
            "eps": 0.94,
            "eps_growth_year": 13.38,
            "eps_4q": 3.79,
            "eps_4q_growth_year": 6.15,
            "roe": 4.35,
            "roe_4q": 18.1,
            "gross_profit": 10104000,
            "gross_margin": 50.79,
            "gross_margin_4q_avg": 50.99,
            "net_income": 2859000,
            "revenue": 19893000,
            "common_shares": 4008000,
            "book_valuer_per_share": -8.53,
            "book_valuer_per_share_4q_avg": -9.03,
            "equity": 67069000,
            "current_ratio": 83.34,
            "debt_ratio": 50.88,
            "inventory_turnover_ratio": 1.3,
            "account_receivable_turnover_ratio": 3.1,
            "reinvestment_rate": 2.17,
            "research_to_sale_ratio": null,
            "price_fair": 79.16,
            "eps_avg_yearly": 3.56,
            "eps_latest_yearly": 3.76,
            "eps_growth_yearly": 12.27
        },
        "20114": {
            "year_quarter": 20114,
            "year": 2011,
            "quarter": 4,
            "eps": 0.82,
            "eps_growth_year": 14.82,
            "eps_4q": 3.89,
            "eps_4q_growth_year": 10.28,
            "roe": 3.66,
            "roe_4q": 18.330000000000002,
            "gross_profit": 9919000,
            "gross_margin": 48.5,
            "gross_margin_4q_avg": 50.74,
            "net_income": 2468000,
            "revenue": 20451000,
            "common_shares": 4008000,
            "book_valuer_per_share": -8.6,
            "book_valuer_per_share_4q_avg": -8.91,
            "equity": 67640000,
            "current_ratio": 80.5,
            "debt_ratio": 51.11,
            "inventory_turnover_ratio": 1.4,
            "account_receivable_turnover_ratio": 3.26,
            "reinvestment_rate": 3.26,
            "research_to_sale_ratio": null,
            "price_fair": 77.02,
            "eps_avg_yearly": 3.59,
            "eps_latest_yearly": 3.28,
            "eps_growth_yearly": 11.44
        },
        "20121": {
            "year_quarter": 20121,
            "year": 2012,
            "quarter": 1,
            "eps": 1.01,
            "eps_growth_year": -1.12,
            "eps_4q": 3.88,
            "eps_4q_growth_year": 8.58,
            "roe": 4.51,
            "roe_4q": 17.81,
            "gross_profit": 10724000,
            "gross_margin": 49.81,
            "gross_margin_4q_avg": 50.23,
            "net_income": 2999000,
            "revenue": 21530000,
            "common_shares": 4008000,
            "book_valuer_per_share": -8.69,
            "book_valuer_per_share_4q_avg": -8.68,
            "equity": 65244000,
            "current_ratio": 82.68,
            "debt_ratio": 52.24,
            "inventory_turnover_ratio": 1.41,
            "account_receivable_turnover_ratio": 3.35,
            "reinvestment_rate": 1.93,
            "research_to_sale_ratio": null,
            "price_fair": 67.52,
            "eps_avg_yearly": 3.62,
            "eps_latest_yearly": 4.04,
            "eps_growth_yearly": 8.65
        },
        "20122": {
            "year_quarter": 20122,
            "year": 2012,
            "quarter": 2,
            "eps": 0.89,
            "eps_growth_year": -19.75,
            "eps_4q": 3.66,
            "eps_4q_growth_year": -0.38,
            "roe": 2.58,
            "roe_4q": 15.1,
            "gross_profit": 10893000,
            "gross_margin": 50.1,
            "gross_margin_4q_avg": 49.8,
            "net_income": 1672000,
            "revenue": 21744000,
            "common_shares": 4008000,
            "book_valuer_per_share": -8.19,
            "book_valuer_per_share_4q_avg": -8.5,
            "equity": 64297000,
            "current_ratio": 79.39,
            "debt_ratio": 52.13,
            "inventory_turnover_ratio": 1.41,
            "account_receivable_turnover_ratio": 3.22,
            "reinvestment_rate": 0.09,
            "research_to_sale_ratio": null,
            "price_fair": 50.48,
            "eps_avg_yearly": 3.6,
            "eps_latest_yearly": 3.56,
            "eps_growth_yearly": 4.01
        },
        "20123": {
            "year_quarter": 20123,
            "year": 2012,
            "quarter": 3,
            "eps": 0.81,
            "eps_growth_year": -13.78,
            "eps_4q": 3.53,
            "eps_4q_growth_year": -6.75,
            "roe": 3.76,
            "roe_4q": 14.51,
            "gross_profit": 9957000,
            "gross_margin": 49.31,
            "gross_margin_4q_avg": 49.43,
            "net_income": 2433000,
            "revenue": 20194000,
            "common_shares": 4008000,
            "book_valuer_per_share": -8.1,
            "book_valuer_per_share_4q_avg": -8.4,
            "equity": 65265000,
            "current_ratio": 85.89,
            "debt_ratio": 51.51,
            "inventory_turnover_ratio": 1.39,
            "account_receivable_turnover_ratio": 3.08,
            "reinvestment_rate": -0.58,
            "research_to_sale_ratio": null,
            "price_fair": 57.44,
            "eps_avg_yearly": 3.61,
            "eps_latest_yearly": 3.24,
            "eps_growth_yearly": 5.93
        },
        "20124": {
            "year_quarter": 20124,
            "year": 2012,
            "quarter": 4,
            "eps": 0.75,
            "eps_growth_year": -8.4,
            "eps_4q": 3.46,
            "eps_4q_growth_year": -11.04,
            "roe": 3.44,
            "roe_4q": 14.29,
            "gross_profit": 9715000,
            "gross_margin": 48.07,
            "gross_margin_4q_avg": 49.32,
            "net_income": 2213000,
            "revenue": 20212000,
            "common_shares": 4008000,
            "book_valuer_per_share": -8.19,
            "book_valuer_per_share_4q_avg": -8.29,
            "equity": 63439000,
            "current_ratio": 87.97,
            "debt_ratio": 52.03,
            "inventory_turnover_ratio": 1.5,
            "account_receivable_turnover_ratio": 3.3,
            "reinvestment_rate": 1.52,
            "research_to_sale_ratio": null,
            "price_fair": 35.63,
            "eps_avg_yearly": 3.56,
            "eps_latest_yearly": 3,
            "eps_growth_yearly": 0.33
        },
        "20131": {
            "year_quarter": 20131,
            "year": 2013,
            "quarter": 1,
            "eps": 0.96,
            "eps_growth_year": -4.67,
            "eps_4q": 3.41,
            "eps_4q_growth_year": -11.99,
            "roe": 4.47,
            "roe_4q": 14.25,
            "gross_profit": 10389000,
            "gross_margin": 50.09,
            "gross_margin_4q_avg": 49.39,
            "net_income": 2853000,
            "revenue": 20739000,
            "common_shares": 4009000,
            "book_valuer_per_share": -8.18,
            "book_valuer_per_share_4q_avg": -8.17,
            "equity": 64299000,
            "current_ratio": 96.89,
            "debt_ratio": 52.68,
            "inventory_turnover_ratio": 1.47,
            "account_receivable_turnover_ratio": 3.18,
            "reinvestment_rate": 4.46,
            "research_to_sale_ratio": null,
            "price_fair": 57.87,
            "eps_avg_yearly": 3.56,
            "eps_latest_yearly": 3.84,
            "eps_growth_yearly": 6.24
        },
        "20132": {
            "year_quarter": 20132,
            "year": 2013,
            "quarter": 2,
            "eps": 1.39,
            "eps_growth_year": 55.88,
            "eps_4q": 3.91,
            "eps_4q_growth_year": 6.9,
            "roe": 6.22,
            "roe_4q": 17.89,
            "gross_profit": 11295000,
            "gross_margin": 50.94,
            "gross_margin_4q_avg": 49.6,
            "net_income": 4076000,
            "revenue": 22175000,
            "common_shares": 4009000,
            "book_valuer_per_share": -8.17,
            "book_valuer_per_share_4q_avg": -8.16,
            "equity": 66681000,
            "current_ratio": 97.6,
            "debt_ratio": 52.34,
            "inventory_turnover_ratio": 1.5,
            "account_receivable_turnover_ratio": 3.13,
            "reinvestment_rate": 6.06,
            "research_to_sale_ratio": null,
            "price_fair": 107.92,
            "eps_avg_yearly": 3.69,
            "eps_latest_yearly": 5.56,
            "eps_growth_yearly": 19.27
        },
        "20133": {
            "year_quarter": 20133,
            "year": 2013,
            "quarter": 3,
            "eps": 0.92,
            "eps_growth_year": 13.49,
            "eps_4q": 4.02,
            "eps_4q_growth_year": 13.95,
            "roe": 3.87,
            "roe_4q": 18,
            "gross_profit": 10324000,
            "gross_margin": 50.12,
            "gross_margin_4q_avg": 49.81,
            "net_income": 2591000,
            "revenue": 20598000,
            "common_shares": 4009000,
            "book_valuer_per_share": -7.55,
            "book_valuer_per_share_4q_avg": -8.02,
            "equity": 67268000,
            "current_ratio": 88.64,
            "debt_ratio": 51.65,
            "inventory_turnover_ratio": 1.42,
            "account_receivable_turnover_ratio": 2.97,
            "reinvestment_rate": 3.91,
            "research_to_sale_ratio": null,
            "price_fair": 88.97,
            "eps_avg_yearly": 3.72,
            "eps_latest_yearly": 3.68,
            "eps_growth_yearly": 13.9
        },
        "20134": {
            "year_quarter": 20134,
            "year": 2013,
            "quarter": 4,
            "eps": 0.7,
            "eps_growth_year": -6.01,
            "eps_4q": 3.98,
            "eps_4q_growth_year": 14.91,
            "roe": 2.63,
            "roe_4q": 17.189999999999998,
            "gross_profit": 9344000,
            "gross_margin": 49,
            "gross_margin_4q_avg": 50.04,
            "net_income": 1781000,
            "revenue": 19069000,
            "common_shares": 4009000,
            "book_valuer_per_share": -7.23,
            "book_valuer_per_share_4q_avg": -7.78,
            "equity": 68064000,
            "current_ratio": 79.87,
            "debt_ratio": 51.13,
            "inventory_turnover_ratio": 1.37,
            "account_receivable_turnover_ratio": 2.89,
            "reinvestment_rate": 4.74,
            "research_to_sale_ratio": null,
            "price_fair": 70.06,
            "eps_avg_yearly": 3.71,
            "eps_latest_yearly": 2.8,
            "eps_growth_yearly": 8.89
        },
        "20141": {
            "year_quarter": 20141,
            "year": 2014,
            "quarter": 1,
            "eps": 1,
            "eps_growth_year": 3.88,
            "eps_4q": 4.01,
            "eps_4q_growth_year": 17.58,
            "roe": 4.31,
            "roe_4q": 17.029999999999998,
            "gross_profit": 9966000,
            "gross_margin": 49.4,
            "gross_margin_4q_avg": 49.87,
            "net_income": 2934000,
            "revenue": 20174000,
            "common_shares": 4009000,
            "book_valuer_per_share": -7.59,
            "book_valuer_per_share_4q_avg": -7.64,
            "equity": 68087000,
            "current_ratio": 79.24,
            "debt_ratio": 51.75,
            "inventory_turnover_ratio": 1.43,
            "account_receivable_turnover_ratio": 3.09,
            "reinvestment_rate": 5.11,
            "research_to_sale_ratio": null,
            "price_fair": 82.77,
            "eps_avg_yearly": 3.72,
            "eps_latest_yearly": 4,
            "eps_growth_yearly": 12.27
        },
        "20142": {
            "year_quarter": 20142,
            "year": 2014,
            "quarter": 2,
            "eps": 1.12,
            "eps_growth_year": -19.52,
            "eps_4q": 3.74,
            "eps_4q_growth_year": -4.33,
            "roe": 4.8,
            "roe_4q": 15.61,
            "gross_profit": 10625000,
            "gross_margin": 50.36,
            "gross_margin_4q_avg": 49.72,
            "net_income": 3297000,
            "revenue": 21099000,
            "common_shares": 4009000,
            "book_valuer_per_share": -7.24,
            "book_valuer_per_share_4q_avg": -7.4,
            "equity": 69378000,
            "current_ratio": 89.39,
            "debt_ratio": 51.46,
            "inventory_turnover_ratio": 1.42,
            "account_receivable_turnover_ratio": 3.13,
            "reinvestment_rate": 6.21,
            "research_to_sale_ratio": null,
            "price_fair": 90.76,
            "eps_avg_yearly": 3.75,
            "eps_latest_yearly": 4.48,
            "eps_growth_yearly": 14.24
        },
        "20143": {
            "year_quarter": 20143,
            "year": 2014,
            "quarter": 3,
            "eps": 0.87,
            "eps_growth_year": -6.36,
            "eps_4q": 3.68,
            "eps_4q_growth_year": -8.4,
            "roe": 3.65,
            "roe_4q": 15.389999999999997,
            "gross_profit": 9601000,
            "gross_margin": 48.88,
            "gross_margin_4q_avg": 49.41,
            "net_income": 2531000,
            "revenue": 19641000,
            "common_shares": 4009000,
            "book_valuer_per_share": -7.16,
            "book_valuer_per_share_4q_avg": -7.31,
            "equity": 69281000,
            "current_ratio": 87.57,
            "debt_ratio": 51.62,
            "inventory_turnover_ratio": 1.37,
            "account_receivable_turnover_ratio": 2.96,
            "reinvestment_rate": 6.91,
            "research_to_sale_ratio": null,
            "price_fair": 86.78,
            "eps_avg_yearly": 3.76,
            "eps_latest_yearly": 3.48,
            "eps_growth_yearly": 13.11
        },
        "20144": {
            "year_quarter": 20144,
            "year": 2014,
            "quarter": 4,
            "eps": 0.64,
            "eps_growth_year": -8.87,
            "eps_4q": 3.62,
            "eps_4q_growth_year": -8.93,
            "roe": 2.74,
            "roe_4q": 15.5,
            "gross_profit": 5179000,
            "gross_margin": 38.4,
            "gross_margin_4q_avg": 46.76,
            "net_income": 1896000,
            "revenue": 13487000,
            "common_shares": 4009000,
            "book_valuer_per_share": -6.07,
            "book_valuer_per_share_4q_avg": -7.02,
            "equity": 69214000,
            "current_ratio": 93.75,
            "debt_ratio": 52.02,
            "inventory_turnover_ratio": 1.19,
            "account_receivable_turnover_ratio": 2.12,
            "reinvestment_rate": 5.57,
            "research_to_sale_ratio": null,
            "price_fair": 75.18,
            "eps_avg_yearly": 3.74,
            "eps_latest_yearly": 2.56,
            "eps_growth_yearly": 10.12
        },
        "20151": {
            "year_quarter": 20151,
            "year": 2015,
            "quarter": 1,
            "eps": 0.93,
            "eps_growth_year": -6.72,
            "eps_4q": 3.56,
            "eps_4q_growth_year": -11.45,
            "roe": 4.02,
            "roe_4q": 15.21,
            "gross_profit": 9037000,
            "gross_margin": 48.14,
            "gross_margin_4q_avg": 46.45,
            "net_income": 2716000,
            "revenue": 18771000,
            "common_shares": 4009000,
            "book_valuer_per_share": -6.15,
            "book_valuer_per_share_4q_avg": -6.66,
            "equity": 66055000,
            "current_ratio": 90.76,
            "debt_ratio": 52.2,
            "inventory_turnover_ratio": 1.4,
            "account_receivable_turnover_ratio": 2.98,
            "reinvestment_rate": 4.28,
            "research_to_sale_ratio": null,
            "price_fair": 76.26,
            "eps_avg_yearly": 3.72,
            "eps_latest_yearly": 3.72,
            "eps_growth_yearly": 10.53
        },
        "20152": {
            "year_quarter": 20152,
            "year": 2015,
            "quarter": 2,
            "eps": 0.92,
            "eps_growth_year": -17.94,
            "eps_4q": 3.35,
            "eps_4q_growth_year": -10.39,
            "roe": 4.11,
            "roe_4q": 14.52,
            "gross_profit": 8937000,
            "gross_margin": 48.32,
            "gross_margin_4q_avg": 45.94,
            "net_income": 2674000,
            "revenue": 18495000,
            "common_shares": 4009000,
            "book_valuer_per_share": -4.96,
            "book_valuer_per_share_4q_avg": -6.09,
            "equity": 64133000,
            "current_ratio": 97.15,
            "debt_ratio": 52.93,
            "inventory_turnover_ratio": 1.41,
            "account_receivable_turnover_ratio": 3.08,
            "reinvestment_rate": 0.53,
            "research_to_sale_ratio": null,
            "price_fair": 66.21,
            "eps_avg_yearly": 3.67,
            "eps_latest_yearly": 3.68,
            "eps_growth_yearly": 8.05
        },
        "20153": {
            "year_quarter": 20153,
            "year": 2015,
            "quarter": 3,
            "eps": 0.82,
            "eps_growth_year": -5.13,
            "eps_4q": 3.31,
            "eps_4q_growth_year": -10.16,
            "roe": 3.79,
            "roe_4q": 14.66,
            "gross_profit": 8003000,
            "gross_margin": 47.27,
            "gross_margin_4q_avg": 45.53,
            "net_income": 2401000,
            "revenue": 16930000,
            "common_shares": 4009000,
            "book_valuer_per_share": -4.47,
            "book_valuer_per_share_4q_avg": -5.41,
            "equity": 62733000,
            "current_ratio": 99,
            "debt_ratio": 52.09,
            "inventory_turnover_ratio": 1.44,
            "account_receivable_turnover_ratio": 3.14,
            "reinvestment_rate": -2.97,
            "research_to_sale_ratio": null,
            "price_fair": 69.71,
            "eps_avg_yearly": 3.64,
            "eps_latest_yearly": 3.28,
            "eps_growth_yearly": 9.16
        },
        "20154": {
            "year_quarter": 20154,
            "year": 2015,
            "quarter": 4,
            "eps": 0.65,
            "eps_growth_year": 1.12,
            "eps_4q": 3.32,
            "eps_4q_growth_year": -8.42,
            "roe": 0.79,
            "roe_4q": 12.71,
            "gross_profit": 8330000,
            "gross_margin": 50.32,
            "gross_margin_4q_avg": 48.51,
            "net_income": 496000,
            "revenue": 16553000,
            "common_shares": 4009000,
            "book_valuer_per_share": -3.05,
            "book_valuer_per_share_4q_avg": -4.66,
            "equity": 62419000,
            "current_ratio": 99.52,
            "debt_ratio": 51.8,
            "inventory_turnover_ratio": 1.51,
            "account_receivable_turnover_ratio": 3.46,
            "reinvestment_rate": -2.77,
            "research_to_sale_ratio": null,
            "price_fair": 61.74,
            "eps_avg_yearly": 3.6,
            "eps_latest_yearly": 2.6,
            "eps_growth_yearly": 7.17
        },
        "20161": {
            "year_quarter": 20161,
            "year": 2016,
            "quarter": 1,
            "eps": 0.99,
            "eps_growth_year": 6.64,
            "eps_4q": 3.38,
            "eps_4q_growth_year": -4.95,
            "roe": 4.45,
            "roe_4q": 13.14,
            "gross_profit": 8465000,
            "gross_margin": 51.22,
            "gross_margin_4q_avg": 49.28,
            "net_income": 2777000,
            "revenue": 16527000,
            "common_shares": 4009000,
            "book_valuer_per_share": -2.98,
            "book_valuer_per_share_4q_avg": -3.87,
            "equity": 62287000,
            "current_ratio": 112.84,
            "debt_ratio": 51.81,
            "inventory_turnover_ratio": 1.58,
            "account_receivable_turnover_ratio": 3.56,
            "reinvestment_rate": -3.24,
            "research_to_sale_ratio": null,
            "price_fair": 87.8,
            "eps_avg_yearly": 3.59,
            "eps_latest_yearly": 3.96,
            "eps_growth_yearly": 14.46
        },
        "20162": {
            "year_quarter": 20162,
            "year": 2016,
            "quarter": 2,
            "eps": 1.06,
            "eps_growth_year": 15.73,
            "eps_4q": 3.52,
            "eps_4q_growth_year": 5.04,
            "roe": 4.69,
            "roe_4q": 13.719999999999999,
            "gross_profit": 8618000,
            "gross_margin": 50.95,
            "gross_margin_4q_avg": 49.94,
            "net_income": 2905000,
            "revenue": 16915000,
            "common_shares": 4009000,
            "book_valuer_per_share": -2.99,
            "book_valuer_per_share_4q_avg": -3.37,
            "equity": 61628000,
            "current_ratio": 113.4,
            "debt_ratio": 52.28,
            "inventory_turnover_ratio": 1.6,
            "account_receivable_turnover_ratio": 3.58,
            "reinvestment_rate": -3.59,
            "research_to_sale_ratio": null,
            "price_fair": 106.05,
            "eps_avg_yearly": 3.63,
            "eps_latest_yearly": 4.24,
            "eps_growth_yearly": 19.2
        },
        "20163": {
            "year_quarter": 20163,
            "year": 2016,
            "quarter": 3,
            "eps": 0.87,
            "eps_growth_year": 5.98,
            "eps_4q": 3.57,
            "eps_4q_growth_year": 7.93,
            "roe": 3.87,
            "roe_4q": 13.8,
            "gross_profit": 8032000,
            "gross_margin": 50.98,
            "gross_margin_4q_avg": 50.87,
            "net_income": 2337000,
            "revenue": 15755000,
            "common_shares": 4009000,
            "book_valuer_per_share": -4.19,
            "book_valuer_per_share_4q_avg": -3.3,
            "equity": 59187000,
            "current_ratio": 109.44,
            "debt_ratio": 53.58,
            "inventory_turnover_ratio": 1.53,
            "account_receivable_turnover_ratio": 3.38,
            "reinvestment_rate": -2.91,
            "research_to_sale_ratio": null,
            "price_fair": 98.34,
            "eps_avg_yearly": 3.65,
            "eps_latest_yearly": 3.48,
            "eps_growth_yearly": 16.96
        },
        "20164": {
            "year_quarter": 20164,
            "year": 2016,
            "quarter": 4,
            "eps": 0.81,
            "eps_growth_year": 24.28,
            "eps_4q": 3.73,
            "eps_4q_growth_year": 12.44,
            "roe": 3.45,
            "roe_4q": 16.46,
            "gross_profit": 7993000,
            "gross_margin": 49.64,
            "gross_margin_4q_avg": 50.7,
            "net_income": 2008000,
            "revenue": 16102000,
            "common_shares": 4009000,
            "book_valuer_per_share": -4.71,
            "book_valuer_per_share_4q_avg": -3.72,
            "equity": 57341000,
            "current_ratio": 109.79,
            "debt_ratio": 54.9,
            "inventory_turnover_ratio": 1.68,
            "account_receivable_turnover_ratio": 3.59,
            "reinvestment_rate": -3.67,
            "research_to_sale_ratio": null,
            "price_fair": 99.22,
            "eps_avg_yearly": 3.66,
            "eps_latest_yearly": 3.24,
            "eps_growth_yearly": 17.09
        },
        "20171": {
            "year_quarter": 20171,
            "year": 2017,
            "quarter": 1,
            "eps": 1.04,
            "eps_growth_year": 5.27,
            "eps_4q": 3.78,
            "eps_4q_growth_year": 11.93,
            "roe": 4.97,
            "roe_4q": 16.98,
            "gross_profit": 8545000,
            "gross_margin": 51.73,
            "gross_margin_4q_avg": 50.83,
            "net_income": 2875000,
            "revenue": 16518000,
            "common_shares": 4009000,
            "book_valuer_per_share": -4.37,
            "book_valuer_per_share_4q_avg": -4.07,
            "equity": 58262000,
            "current_ratio": 108.55,
            "debt_ratio": 54.85,
            "inventory_turnover_ratio": 1.64,
            "account_receivable_turnover_ratio": 3.64,
            "reinvestment_rate": -4.65,
            "research_to_sale_ratio": null,
            "price_fair": 100.12,
            "eps_avg_yearly": 3.68,
            "eps_latest_yearly": 4.16,
            "eps_growth_yearly": 17.19
        },
        "20172": {
            "year_quarter": 20172,
            "year": 2017,
            "quarter": 2,
            "eps": 1.27,
            "eps_growth_year": 19.58,
            "eps_4q": 3.99,
            "eps_4q_growth_year": 13.25,
            "roe": 4.6,
            "roe_4q": 16.89,
            "gross_profit": 8706000,
            "gross_margin": 51.65,
            "gross_margin_4q_avg": 51,
            "net_income": 2561000,
            "revenue": 16856000,
            "common_shares": 4009000,
            "book_valuer_per_share": -5.85,
            "book_valuer_per_share_4q_avg": -4.78,
            "equity": 53060000,
            "current_ratio": 88.51,
            "debt_ratio": 54.66,
            "inventory_turnover_ratio": 1.67,
            "account_receivable_turnover_ratio": 3.57,
            "reinvestment_rate": -6.15,
            "research_to_sale_ratio": null,
            "price_fair": 78.6,
            "eps_avg_yearly": 3.65,
            "eps_latest_yearly": 5.08,
            "eps_growth_yearly": 11.52
        },
        "20173": {
            "year_quarter": 20173,
            "year": 2017,
            "quarter": 3,
            "eps": 1,
            "eps_growth_year": 14.72,
            "eps_4q": 4.12,
            "eps_4q_growth_year": 15.28,
            "roe": 4.78,
            "roe_4q": 17.799999999999997,
            "gross_profit": 7901000,
            "gross_margin": 50.63,
            "gross_margin_4q_avg": 50.91,
            "net_income": 2556000,
            "revenue": 15605000,
            "common_shares": 4009000,
            "book_valuer_per_share": -5.62,
            "book_valuer_per_share_4q_avg": -5.14,
            "equity": 53840000,
            "current_ratio": 89.01,
            "debt_ratio": 54.41,
            "inventory_turnover_ratio": 1.61,
            "account_receivable_turnover_ratio": 3.43,
            "reinvestment_rate": -6.24,
            "research_to_sale_ratio": null,
            "price_fair": 90.55,
            "eps_avg_yearly": 3.67,
            "eps_latest_yearly": 4,
            "eps_growth_yearly": 14.66
        },
        "20174": {
            "year_quarter": 20174,
            "year": 2017,
            "quarter": 4,
            "eps": 0.94,
            "eps_growth_year": 16.31,
            "eps_4q": 4.25,
            "eps_4q_growth_year": 13.93,
            "roe": 4.04,
            "roe_4q": 18.39,
            "gross_profit": 7964000,
            "gross_margin": 49.53,
            "gross_margin_4q_avg": 50.89,
            "net_income": 2202000,
            "revenue": 16079000,
            "common_shares": 4009000,
            "book_valuer_per_share": -5.76,
            "book_valuer_per_share_4q_avg": -5.4,
            "equity": 55184000,
            "current_ratio": 87.7,
            "debt_ratio": 54.17,
            "inventory_turnover_ratio": 1.73,
            "account_receivable_turnover_ratio": 3.59,
            "reinvestment_rate": -5.01,
            "research_to_sale_ratio": null,
            "price_fair": 108.75,
            "eps_avg_yearly": 3.73,
            "eps_latest_yearly": 3.76,
            "eps_growth_yearly": 19.14
        },
        "20181": {
            "year_quarter": 20181,
            "year": 2018,
            "quarter": 1,
            "eps": 1.07,
            "eps_growth_year": 2.27,
            "eps_4q": 4.27,
            "eps_4q_growth_year": 12.99,
            "roe": 5.22,
            "roe_4q": 18.64,
            "gross_profit": 8384000,
            "gross_margin": 50.35,
            "gross_margin_4q_avg": 50.54,
            "net_income": 2870000,
            "revenue": 16653000,
            "common_shares": 4009000,
            "book_valuer_per_share": -6.12,
            "book_valuer_per_share_4q_avg": -5.84,
            "equity": 54818000,
            "current_ratio": 91.45,
            "debt_ratio": 55.38,
            "inventory_turnover_ratio": 1.71,
            "account_receivable_turnover_ratio": 3.49,
            "reinvestment_rate": -5.17,
            "research_to_sale_ratio": null,
            "price_fair": 82.05,
            "eps_avg_yearly": 3.75,
            "eps_latest_yearly": 4.28,
            "eps_growth_yearly": 11.88
        },
        "20182": {
            "year_quarter": 20182,
            "year": 2018,
            "quarter": 2,
            "eps": 1.17,
            "eps_growth_year": -8.1,
            "eps_4q": 4.17,
            "eps_4q_growth_year": 4.52,
            "roe": 5.8,
            "roe_4q": 19.84,
            "gross_profit": 8686000,
            "gross_margin": 49.93,
            "gross_margin_4q_avg": 50.11,
            "net_income": 3161000,
            "revenue": 17395000,
            "common_shares": 4009000,
            "book_valuer_per_share": -6.63,
            "book_valuer_per_share_4q_avg": -6.03,
            "equity": 54112000,
            "current_ratio": 94.28,
            "debt_ratio": 57.27,
            "inventory_turnover_ratio": 1.72,
            "account_receivable_turnover_ratio": 3.44,
            "reinvestment_rate": -4.7,
            "research_to_sale_ratio": null,
            "price_fair": 79.82,
            "eps_avg_yearly": 3.76,
            "eps_latest_yearly": 4.68,
            "eps_growth_yearly": 11.22
        },
        "20183": {
            "year_quarter": 20183,
            "year": 2018,
            "quarter": 3,
            "eps": 1,
            "eps_growth_year": -0.27,
            "eps_4q": 4.17,
            "eps_4q_growth_year": 1.2,
            "roe": 4.87,
            "roe_4q": 19.93,
            "gross_profit": 7897000,
            "gross_margin": 48.5,
            "gross_margin_4q_avg": 49.58,
            "net_income": 2640000,
            "revenue": 16281000,
            "common_shares": 4009000,
            "book_valuer_per_share": -6.75,
            "book_valuer_per_share_4q_avg": -6.32,
            "equity": 54315000,
            "current_ratio": 91.04,
            "debt_ratio": 56.33,
            "inventory_turnover_ratio": 1.62,
            "account_receivable_turnover_ratio": 3.15,
            "reinvestment_rate": -3.49,
            "research_to_sale_ratio": null,
            "price_fair": 87.9,
            "eps_avg_yearly": 3.8,
            "eps_latest_yearly": 4,
            "eps_growth_yearly": 13.16
        },
        "20184": {
            "year_quarter": 20184,
            "year": 2018,
            "quarter": 4,
            "eps": 0.75,
            "eps_growth_year": -20.24,
            "eps_4q": 3.98,
            "eps_4q_growth_year": -6.39,
            "roe": 3.36,
            "roe_4q": 19.25,
            "gross_profit": 7433000,
            "gross_margin": 45.04,
            "gross_margin_4q_avg": 48.46,
            "net_income": 1790000,
            "revenue": 16503000,
            "common_shares": 4009000,
            "book_valuer_per_share": -7.11,
            "book_valuer_per_share_4q_avg": -6.65,
            "equity": 52293000,
            "current_ratio": 82.59,
            "debt_ratio": 55.8,
            "inventory_turnover_ratio": 1.82,
            "account_receivable_turnover_ratio": 3.36,
            "reinvestment_rate": -3.05,
            "research_to_sale_ratio": null,
            "price_fair": 89.91,
            "eps_avg_yearly": 3.82,
            "eps_latest_yearly": 3,
            "eps_growth_yearly": 13.52
        },
        "20191": {
            "year_quarter": 20191,
            "year": 2019,
            "quarter": 1,
            "eps": 1.12,
            "eps_growth_year": 4.65,
            "eps_4q": 4.03,
            "eps_4q_growth_year": -5.75,
            "roe": 6.14,
            "roe_4q": 20.17,
            "gross_profit": 8270000,
            "gross_margin": 49.55,
            "gross_margin_4q_avg": 48.26,
            "net_income": 3211000,
            "revenue": 16690000,
            "common_shares": 4009000,
            "book_valuer_per_share": -7.17,
            "book_valuer_per_share_4q_avg": -6.92,
            "equity": 52236000,
            "current_ratio": 79.9,
            "debt_ratio": 55.9,
            "inventory_turnover_ratio": 1.7,
            "account_receivable_turnover_ratio": 3.43,
            "reinvestment_rate": -0.39,
            "research_to_sale_ratio": null,
            "price_fair": 94.92,
            "eps_avg_yearly": 3.87,
            "eps_latest_yearly": 4.48,
            "eps_growth_yearly": 14.53
        },
        "20192": {
            "year_quarter": 20192,
            "year": 2019,
            "quarter": 2,
            "eps": 1.27,
            "eps_growth_year": 8.47,
            "eps_4q": 4.13,
            "eps_4q_growth_year": -1.05,
            "roe": 6.06,
            "roe_4q": 20.43,
            "gross_profit": 8662000,
            "gross_margin": 49.67,
            "gross_margin_4q_avg": 48.19,
            "net_income": 3216000,
            "revenue": 17438000,
            "common_shares": 4009000,
            "book_valuer_per_share": -7.93,
            "book_valuer_per_share_4q_avg": -7.24,
            "equity": 53990000,
            "current_ratio": 78.19,
            "debt_ratio": 56.35,
            "inventory_turnover_ratio": 1.68,
            "account_receivable_turnover_ratio": 3.46,
            "reinvestment_rate": 1.93,
            "research_to_sale_ratio": null,
            "price_fair": 111.38,
            "eps_avg_yearly": 3.96,
            "eps_latest_yearly": 5.08,
            "eps_growth_yearly": 18.14
        },
        "20193": {
            "year_quarter": 20193,
            "year": 2019,
            "quarter": 3,
            "eps": 1.06,
            "eps_growth_year": 6.81,
            "eps_4q": 4.19,
            "eps_4q_growth_year": 0.64,
            "roe": 5.09,
            "roe_4q": 20.65,
            "gross_profit": 8120000,
            "gross_margin": 49.33,
            "gross_margin_4q_avg": 48.4,
            "net_income": 2776000,
            "revenue": 16462000,
            "common_shares": 4009000,
            "book_valuer_per_share": -7.36,
            "book_valuer_per_share_4q_avg": -7.39,
            "equity": 55072000,
            "current_ratio": 78.65,
            "debt_ratio": 54.74,
            "inventory_turnover_ratio": 1.57,
            "account_receivable_turnover_ratio": 3.21,
            "reinvestment_rate": 3.28,
            "research_to_sale_ratio": null,
            "price_fair": 107.38,
            "eps_avg_yearly": 4.02,
            "eps_latest_yearly": 4.24,
            "eps_growth_yearly": 16.73
        },
        "20194": {
            "year_quarter": 20194,
            "year": 2019,
            "quarter": 4,
            "eps": 1.4,
            "eps_growth_year": 87.32,
            "eps_4q": 4.85,
            "eps_4q_growth_year": 21.85,
            "roe": -10.24,
            "roe_4q": 7.049999999999999,
            "gross_profit": 8684000,
            "gross_margin": 50.8,
            "gross_margin_4q_avg": 49.84,
            "net_income": -5237000,
            "revenue": 17094000,
            "common_shares": 4009000,
            "book_valuer_per_share": -7.28,
            "book_valuer_per_share_4q_avg": -7.44,
            "equity": 47194000,
            "current_ratio": 74.88,
            "debt_ratio": 59,
            "inventory_turnover_ratio": 1.62,
            "account_receivable_turnover_ratio": 3.37,
            "reinvestment_rate": 6.26,
            "research_to_sale_ratio": null,
            "price_fair": 147.18,
            "eps_avg_yearly": 4.21,
            "eps_latest_yearly": 5.6,
            "eps_growth_yearly": 29.93
        },
        "20201": {
            "year_quarter": 20201,
            "year": 2020,
            "quarter": 1,
            "eps": 1.39,
            "eps_growth_year": 24.62,
            "eps_4q": 5.12,
            "eps_4q_growth_year": 27.18,
            "roe": 7.71,
            "roe_4q": 8.62,
            "gross_profit": 9145000,
            "gross_margin": 51.38,
            "gross_margin_4q_avg": 50.3,
            "net_income": 3617000,
            "revenue": 17798000,
            "common_shares": 4009000,
            "book_valuer_per_share": -7.2,
            "book_valuer_per_share_4q_avg": -7.44,
            "equity": 46578000,
            "current_ratio": 72.47,
            "debt_ratio": 59.16,
            "inventory_turnover_ratio": 1.65,
            "account_receivable_turnover_ratio": 3.53,
            "reinvestment_rate": 8.03,
            "research_to_sale_ratio": null,
            "price_fair": 114.83,
            "eps_avg_yearly": 4.31,
            "eps_latest_yearly": 5.56,
            "eps_growth_yearly": 16.67
        },
        "20202": {
            "year_quarter": 20202,
            "year": 2020,
            "quarter": 2,
            "eps": 1.46,
            "eps_growth_year": 14.93,
            "eps_4q": 5.31,
            "eps_4q_growth_year": 28.71,
            "roe": 8.13,
            "roe_4q": 10.69,
            "gross_profit": 9434000,
            "gross_margin": 51.72,
            "gross_margin_4q_avg": 50.81,
            "net_income": 3743000,
            "revenue": 18240000,
            "common_shares": 4009000,
            "book_valuer_per_share": -7.84,
            "book_valuer_per_share_4q_avg": -7.42,
            "equity": 45538000,
            "current_ratio": 62.71,
            "debt_ratio": 59.24,
            "inventory_turnover_ratio": 1.6,
            "account_receivable_turnover_ratio": 3.53,
            "reinvestment_rate": 8.09,
            "research_to_sale_ratio": null,
            "price_fair": 115.26,
            "eps_avg_yearly": 4.41,
            "eps_latest_yearly": 5.84,
            "eps_growth_yearly": 16.17
        },
        "20203": {
            "year_quarter": 20203,
            "year": 2020,
            "quarter": 3,
            "eps": 1.21,
            "eps_growth_year": 13.53,
            "eps_4q": 5.46,
            "eps_4q_growth_year": 30.06,
            "roe": 6.49,
            "roe_4q": 12.090000000000002,
            "gross_profit": 8696000,
            "gross_margin": 50.52,
            "gross_margin_4q_avg": 51.11,
            "net_income": 2957000,
            "revenue": 17214000,
            "common_shares": 4009000,
            "book_valuer_per_share": -7.6,
            "book_valuer_per_share_4q_avg": -7.48,
            "equity": 45540000,
            "current_ratio": 82.5,
            "debt_ratio": 61.59,
            "inventory_turnover_ratio": 1.57,
            "account_receivable_turnover_ratio": 3.5,
            "reinvestment_rate": 5.17,
            "research_to_sale_ratio": null,
            "price_fair": 118.38,
            "eps_avg_yearly": 4.49,
            "eps_latest_yearly": 4.84,
            "eps_growth_yearly": 16.37
        },
        "20204": {
            "year_quarter": 20204,
            "year": 2020,
            "quarter": 4,
            "eps": 1.18,
            "eps_growth_year": -15.52,
            "eps_4q": 5.24,
            "eps_4q_growth_year": 8.06,
            "roe": 6.05,
            "roe_4q": 28.380000000000003,
            "gross_profit": 9039000,
            "gross_margin": 51.07,
            "gross_margin_4q_avg": 51.17,
            "net_income": 2786000,
            "revenue": 17698000,
            "common_shares": 4009000,
            "book_valuer_per_share": -7.29,
            "book_valuer_per_share_4q_avg": -7.48,
            "equity": 46521000,
            "current_ratio": 84.87,
            "debt_ratio": 61.46,
            "inventory_turnover_ratio": 1.6,
            "account_receivable_turnover_ratio": 4.01,
            "reinvestment_rate": 5.86,
            "research_to_sale_ratio": null,
            "price_fair": 125.88,
            "eps_avg_yearly": 4.58,
            "eps_latest_yearly": 4.72,
            "eps_growth_yearly": 17.47
        },
        "20211": {
            "year_quarter": 20211,
            "year": 2021,
            "quarter": 1,
            "eps": 1.64,
            "eps_growth_year": 17.47,
            "eps_4q": 5.48,
            "eps_4q_growth_year": 7,
            "roe": 9.1,
            "roe_4q": 29.770000000000003,
            "gross_profit": 10176000,
            "gross_margin": 52.68,
            "gross_margin_4q_avg": 51.5,
            "net_income": 4308000,
            "revenue": 19318000,
            "common_shares": 4009000,
            "book_valuer_per_share": -6.89,
            "book_valuer_per_share_4q_avg": -7.41,
            "equity": 48182000,
            "current_ratio": 86.73,
            "debt_ratio": 59.81,
            "inventory_turnover_ratio": 1.63,
            "account_receivable_turnover_ratio": 4.19,
            "reinvestment_rate": 5.31,
            "research_to_sale_ratio": null,
            "price_fair": 142.53,
            "eps_avg_yearly": 4.73,
            "eps_latest_yearly": 6.56,
            "eps_growth_yearly": 20.12
        },
        "20212": {
            "year_quarter": 20212,
            "year": 2021,
            "quarter": 2,
            "eps": 1.65,
            "eps_growth_year": 13.36,
            "eps_4q": 5.68,
            "eps_4q_growth_year": 6.86,
            "roe": 8.07,
            "roe_4q": 29.71,
            "gross_profit": 10492000,
            "gross_margin": 53.14,
            "gross_margin_4q_avg": 51.85,
            "net_income": 3887000,
            "revenue": 19745000,
            "common_shares": 4009000,
            "book_valuer_per_share": -7.29,
            "book_valuer_per_share_4q_avg": -7.27,
            "equity": 48181000,
            "current_ratio": 77.67,
            "debt_ratio": 59.89,
            "inventory_turnover_ratio": 1.59,
            "account_receivable_turnover_ratio": 4,
            "reinvestment_rate": 5.38,
            "research_to_sale_ratio": null,
            "price_fair": 119.44,
            "eps_avg_yearly": 4.83,
            "eps_latest_yearly": 6.6,
            "eps_growth_yearly": 14.74
        },
        "20213": {
            "year_quarter": 20213,
            "year": 2021,
            "quarter": 3,
            "eps": 1.31,
            "eps_growth_year": 8.16,
            "eps_4q": 5.77,
            "eps_4q_growth_year": 5.84,
            "roe": 6.86,
            "roe_4q": 30.080000000000002,
            "gross_profit": 9187000,
            "gross_margin": 50.73,
            "gross_margin_4q_avg": 51.91,
            "net_income": 3249000,
            "revenue": 18109000,
            "common_shares": 4009000,
            "book_valuer_per_share": -7.58,
            "book_valuer_per_share_4q_avg": -7.26,
            "equity": 46596000,
            "current_ratio": 70.61,
            "debt_ratio": 60.1,
            "inventory_turnover_ratio": 1.49,
            "account_receivable_turnover_ratio": 3.74,
            "reinvestment_rate": 2.92,
            "research_to_sale_ratio": null,
            "price_fair": 122.16,
            "eps_avg_yearly": 4.91,
            "eps_latest_yearly": 5.24,
            "eps_growth_yearly": 14.9
        },
        "20214": {
            "year_quarter": 20214,
            "year": 2021,
            "quarter": 4,
            "eps": 1.16,
            "eps_growth_year": -1.63,
            "eps_4q": 5.75,
            "eps_4q_growth_year": 9.87,
            "roe": 6.26,
            "roe_4q": 30.29,
            "gross_profit": 9155000,
            "gross_margin": 48.32,
            "gross_margin_4q_avg": 51.22,
            "net_income": 2908000,
            "revenue": 18946000,
            "common_shares": 4009000,
            "book_valuer_per_share": -7.84,
            "book_valuer_per_share_4q_avg": -7.4,
            "equity": 46378000,
            "current_ratio": 69.69,
            "debt_ratio": 61.13,
            "inventory_turnover_ratio": 1.63,
            "account_receivable_turnover_ratio": 3.95,
            "reinvestment_rate": 3.74,
            "research_to_sale_ratio": null,
            "price_fair": 116.77,
            "eps_avg_yearly": 4.96,
            "eps_latest_yearly": 4.64,
            "eps_growth_yearly": 13.54
        },
        "20221": {
            "year_quarter": 20221,
            "year": 2022,
            "quarter": 1,
            "eps": 1.61,
            "eps_growth_year": -1.77,
            "eps_4q": 5.73,
            "eps_4q_growth_year": 4.46,
            "roe": 8.92,
            "roe_4q": 30.11,
            "gross_profit": 9973000,
            "gross_margin": 49.04,
            "gross_margin_4q_avg": 50.31,
            "net_income": 4126000,
            "revenue": 20338000,
            "common_shares": 4009000,
            "book_valuer_per_share": -7.75,
            "book_valuer_per_share_4q_avg": -7.62,
            "equity": 46111000,
            "current_ratio": 66.51,
            "debt_ratio": 61.47,
            "inventory_turnover_ratio": 1.69,
            "account_receivable_turnover_ratio": 3.92,
            "reinvestment_rate": 2.24,
            "research_to_sale_ratio": null,
            "price_fair": 151.74,
            "eps_avg_yearly": 5.1,
            "eps_latest_yearly": 6.44,
            "eps_growth_yearly": 19.78
        },
        "20222": {
            "year_quarter": 20222,
            "year": 2022,
            "quarter": 2,
            "eps": 1.66,
            "eps_growth_year": 0.63,
            "eps_4q": 5.74,
            "eps_4q_growth_year": 1.07,
            "roe": 9.35,
            "roe_4q": 31.39,
            "gross_profit": 10289000,
            "gross_margin": 49.11,
            "gross_margin_4q_avg": 49.3,
            "net_income": 4242000,
            "revenue": 20953000,
            "common_shares": 4009000,
            "book_valuer_per_share": -8.38,
            "book_valuer_per_share_4q_avg": -7.89,
            "equity": 44618000,
            "current_ratio": 67.18,
            "debt_ratio": 63.25,
            "inventory_turnover_ratio": 1.64,
            "account_receivable_turnover_ratio": 3.84,
            "reinvestment_rate": 0.97,
            "research_to_sale_ratio": null,
            "price_fair": 147.25,
            "eps_avg_yearly": 5.22,
            "eps_latest_yearly": 6.64,
            "eps_growth_yearly": 18.22
        },
        "20223": {
            "year_quarter": 20223,
            "year": 2022,
            "quarter": 3,
            "eps": 1.33,
            "eps_growth_year": 1.58,
            "eps_4q": 5.76,
            "eps_4q_growth_year": -0.3,
            "roe": 7.47,
            "roe_4q": 32,
            "gross_profit": 9055000,
            "gross_margin": 46.72,
            "gross_margin_4q_avg": 48.3,
            "net_income": 3367000,
            "revenue": 19381000,
            "common_shares": 4009000,
            "book_valuer_per_share": -8.33,
            "book_valuer_per_share_4q_avg": -8.08,
            "equity": 45478000,
            "current_ratio": 68.07,
            "debt_ratio": 62.17,
            "inventory_turnover_ratio": 1.5,
            "account_receivable_turnover_ratio": 3.6,
            "reinvestment_rate": 1.88,
            "research_to_sale_ratio": null,
            "price_fair": 142.49,
            "eps_avg_yearly": 5.3,
            "eps_latest_yearly": 5.32,
            "eps_growth_yearly": 16.89
        },
        "20224": {
            "year_quarter": 20224,
            "year": 2022,
            "quarter": 4,
            "eps": 1.21,
            "eps_growth_year": 3.91,
            "eps_4q": 5.8,
            "eps_4q_growth_year": 0.83,
            "roe": 6.64,
            "roe_4q": 32.38,
            "gross_profit": 8713000,
            "gross_margin": 44.65,
            "gross_margin_4q_avg": 47.38,
            "net_income": 3058000,
            "revenue": 19515000,
            "common_shares": 4009000,
            "book_valuer_per_share": -7.37,
            "book_valuer_per_share_4q_avg": -7.96,
            "equity": 46589000,
            "current_ratio": 65.45,
            "debt_ratio": 60.25,
            "inventory_turnover_ratio": 1.54,
            "account_receivable_turnover_ratio": 3.66,
            "reinvestment_rate": 1.55,
            "research_to_sale_ratio": null,
            "price_fair": 167.21,
            "eps_avg_yearly": 5.42,
            "eps_latest_yearly": 4.84,
            "eps_growth_yearly": 20.88
        },
        "20231": {
            "year_quarter": 20231,
            "year": 2023,
            "quarter": 1,
            "eps": 1.57,
            "eps_growth_year": -2.09,
            "eps_4q": 5.77,
            "eps_4q_growth_year": 0.75,
            "roe": 8.74,
            "roe_4q": 32.199999999999996,
            "gross_profit": 9766000,
            "gross_margin": 47.38,
            "gross_margin_4q_avg": 46.97,
            "net_income": 3963000,
            "revenue": 20612000,
            "common_shares": 4009000,
            "book_valuer_per_share": -8.01,
            "book_valuer_per_share_4q_avg": -8.02,
            "equity": 44075000,
            "current_ratio": 61.5,
            "debt_ratio": 62.1,
            "inventory_turnover_ratio": 1.49,
            "account_receivable_turnover_ratio": 3.79,
            "reinvestment_rate": -0.35,
            "research_to_sale_ratio": null,
            "price_fair": 143.63,
            "eps_avg_yearly": 5.53,
            "eps_latest_yearly": 6.28,
            "eps_growth_yearly": 15.98
        },
        "20232": {
            "year_quarter": 20232,
            "year": 2023,
            "quarter": 2,
            "eps": 1.59,
            "eps_growth_year": -4.5,
            "eps_4q": 5.69,
            "eps_4q_growth_year": -0.74,
            "roe": 8.94,
            "roe_4q": 31.79,
            "gross_profit": 9876000,
            "gross_margin": 47.54,
            "gross_margin_4q_avg": 46.57,
            "net_income": 3959000,
            "revenue": 20773000,
            "common_shares": 4009000,
            "book_valuer_per_share": -8.44,
            "book_valuer_per_share_4q_avg": -8.04,
            "equity": 44455000,
            "current_ratio": 56.43,
            "debt_ratio": 62.24,
            "inventory_turnover_ratio": 1.44,
            "account_receivable_turnover_ratio": 3.62,
            "reinvestment_rate": 0.49,
            "research_to_sale_ratio": null,
            "price_fair": 128.72,
            "eps_avg_yearly": 5.61,
            "eps_latest_yearly": 6.36,
            "eps_growth_yearly": 12.95
        },
        "20233": {
            "year_quarter": 20233,
            "year": 2023,
            "quarter": 3,
            "eps": 1.37,
            "eps_growth_year": 3.59,
            "eps_4q": 5.74,
            "eps_4q_growth_year": -0.27,
            "roe": 7.64,
            "roe_4q": 31.96,
            "gross_profit": 9664000,
            "gross_margin": 48.16,
            "gross_margin_4q_avg": 46.93,
            "net_income": 3424000,
            "revenue": 20068000,
            "common_shares": 4009000,
            "book_valuer_per_share": -8.58,
            "book_valuer_per_share_4q_avg": -8.1,
            "equity": 45140000,
            "current_ratio": 58.65,
            "debt_ratio": 62.34,
            "inventory_turnover_ratio": 1.38,
            "account_receivable_turnover_ratio": 3.57,
            "reinvestment_rate": 0.73,
            "research_to_sale_ratio": null,
            "price_fair": 134.33,
            "eps_avg_yearly": 5.69,
            "eps_latest_yearly": 5.48,
            "eps_growth_yearly": 13.63
        }
    },
    "months": {
        "2001-01": {
            "month": "2001-01",
            "price": "35.92",
            "revenue": 0
        },
        "2001-02": {
            "month": "2001-02",
            "price": "37.09",
            "revenue": 0
        },
        "2001-03": {
            "month": "2001-03",
            "price": "32.85",
            "revenue": 0
        },
        "2001-04": {
            "month": "2001-04",
            "price": "29.62",
            "revenue": 0
        },
        "2001-05": {
            "month": "2001-05",
            "price": "32.57",
            "revenue": 0
        },
        "2001-06": {
            "month": "2001-06",
            "price": "31.85",
            "revenue": 0
        },
        "2001-07": {
            "month": "2001-07",
            "price": "34.09",
            "revenue": 0
        },
        "2001-08": {
            "month": "2001-08",
            "price": "36.68",
            "revenue": 0
        },
        "2001-09": {
            "month": "2001-09",
            "price": "36.51",
            "revenue": 0
        },
        "2001-10": {
            "month": "2001-10",
            "price": "36.08",
            "revenue": 0
        },
        "2001-11": {
            "month": "2001-11",
            "price": "38.79",
            "revenue": 0
        },
        "2001-12": {
            "month": "2001-12",
            "price": "39.46",
            "revenue": 0
        },
        "2002-01": {
            "month": "2002-01",
            "price": "39.36",
            "revenue": 0
        },
        "2002-02": {
            "month": "2002-02",
            "price": "41.96",
            "revenue": 0
        },
        "2002-03": {
            "month": "2002-03",
            "price": "43.65",
            "revenue": 0
        },
        "2002-04": {
            "month": "2002-04",
            "price": "45.03",
            "revenue": 0
        },
        "2002-05": {
            "month": "2002-05",
            "price": "45.74",
            "revenue": 0
        },
        "2002-06": {
            "month": "2002-06",
            "price": "45.68",
            "revenue": 0
        },
        "2002-07": {
            "month": "2002-07",
            "price": "42.36",
            "revenue": 0
        },
        "2002-08": {
            "month": "2002-08",
            "price": "45.01",
            "revenue": 0
        },
        "2002-09": {
            "month": "2002-09",
            "price": "45.20",
            "revenue": 0
        },
        "2002-10": {
            "month": "2002-10",
            "price": "44.85",
            "revenue": 0
        },
        "2002-11": {
            "month": "2002-11",
            "price": "43.30",
            "revenue": 0
        },
        "2002-12": {
            "month": "2002-12",
            "price": "43.30",
            "revenue": 0
        },
        "2003-01": {
            "month": "2003-01",
            "price": "42.91",
            "revenue": 0
        },
        "2003-02": {
            "month": "2003-02",
            "price": "41.92",
            "revenue": 0
        },
        "2003-03": {
            "month": "2003-03",
            "price": "42.37",
            "revenue": 0
        },
        "2003-04": {
            "month": "2003-04",
            "price": "44.89",
            "revenue": 0
        },
        "2003-05": {
            "month": "2003-05",
            "price": "44.95",
            "revenue": 0
        },
        "2003-06": {
            "month": "2003-06",
            "price": "45.53",
            "revenue": 0
        },
        "2003-07": {
            "month": "2003-07",
            "price": "44.46",
            "revenue": 0
        },
        "2003-08": {
            "month": "2003-08",
            "price": "43.99",
            "revenue": 0
        },
        "2003-09": {
            "month": "2003-09",
            "price": "45.85",
            "revenue": 0
        },
        "2003-10": {
            "month": "2003-10",
            "price": "47.90",
            "revenue": 0
        },
        "2003-11": {
            "month": "2003-11",
            "price": "48.21",
            "revenue": 0
        },
        "2003-12": {
            "month": "2003-12",
            "price": "48.88",
            "revenue": 0
        },
        "2004-01": {
            "month": "2004-01",
            "price": "49.70",
            "revenue": 0
        },
        "2004-02": {
            "month": "2004-02",
            "price": "51.29",
            "revenue": 0
        },
        "2004-03": {
            "month": "2004-03",
            "price": "51.82",
            "revenue": 0
        },
        "2004-04": {
            "month": "2004-04",
            "price": "52.85",
            "revenue": 0
        },
        "2004-05": {
            "month": "2004-05",
            "price": "53.33",
            "revenue": 0
        },
        "2004-06": {
            "month": "2004-06",
            "price": "55.00",
            "revenue": 0
        },
        "2004-07": {
            "month": "2004-07",
            "price": "54.06",
            "revenue": 0
        },
        "2004-08": {
            "month": "2004-08",
            "price": "54.56",
            "revenue": 0
        },
        "2004-09": {
            "month": "2004-09",
            "price": "55.44",
            "revenue": 0
        },
        "2004-10": {
            "month": "2004-10",
            "price": "53.25",
            "revenue": 0
        },
        "2004-11": {
            "month": "2004-11",
            "price": "53.54",
            "revenue": 0
        },
        "2004-12": {
            "month": "2004-12",
            "price": "55.57",
            "revenue": 0
        },
        "2005-01": {
            "month": "2005-01",
            "price": "55.54",
            "revenue": 0
        },
        "2005-02": {
            "month": "2005-02",
            "price": "52.90",
            "revenue": 0
        },
        "2005-03": {
            "month": "2005-03",
            "price": "53.02",
            "revenue": 0
        },
        "2005-04": {
            "month": "2005-04",
            "price": "54.24",
            "revenue": 0
        },
        "2005-05": {
            "month": "2005-05",
            "price": "55.48",
            "revenue": 0
        },
        "2005-06": {
            "month": "2005-06",
            "price": "54.40",
            "revenue": 0
        },
        "2005-07": {
            "month": "2005-07",
            "price": "54.32",
            "revenue": 0
        },
        "2005-08": {
            "month": "2005-08",
            "price": "54.55",
            "revenue": 0
        },
        "2005-09": {
            "month": "2005-09",
            "price": "56.47",
            "revenue": 0
        },
        "2005-10": {
            "month": "2005-10",
            "price": "56.02",
            "revenue": 0
        },
        "2005-11": {
            "month": "2005-11",
            "price": "56.52",
            "revenue": 0
        },
        "2005-12": {
            "month": "2005-12",
            "price": "58.08",
            "revenue": 0
        },
        "2006-01": {
            "month": "2006-01",
            "price": "58.69",
            "revenue": 0
        },
        "2006-02": {
            "month": "2006-02",
            "price": "60.28",
            "revenue": 0
        },
        "2006-03": {
            "month": "2006-03",
            "price": "59.49",
            "revenue": 0
        },
        "2006-04": {
            "month": "2006-04",
            "price": "57.05",
            "revenue": 0
        },
        "2006-05": {
            "month": "2006-05",
            "price": "55.56",
            "revenue": 0
        },
        "2006-06": {
            "month": "2006-06",
            "price": "54.94",
            "revenue": 0
        },
        "2006-07": {
            "month": "2006-07",
            "price": "56.44",
            "revenue": 0
        },
        "2006-08": {
            "month": "2006-08",
            "price": "60.18",
            "revenue": 0
        },
        "2006-09": {
            "month": "2006-09",
            "price": "61.60",
            "revenue": 0
        },
        "2006-10": {
            "month": "2006-10",
            "price": "62.83",
            "revenue": 0
        },
        "2006-11": {
            "month": "2006-11",
            "price": "63.42",
            "revenue": 0
        },
        "2006-12": {
            "month": "2006-12",
            "price": "63.89",
            "revenue": 0
        },
        "2007-01": {
            "month": "2007-01",
            "price": "64.80",
            "revenue": 0
        },
        "2007-02": {
            "month": "2007-02",
            "price": "64.53",
            "revenue": 0
        },
        "2007-03": {
            "month": "2007-03",
            "price": "62.67",
            "revenue": 0
        },
        "2007-04": {
            "month": "2007-04",
            "price": "63.40",
            "revenue": 0
        },
        "2007-05": {
            "month": "2007-05",
            "price": "62.68",
            "revenue": 0
        },
        "2007-06": {
            "month": "2007-06",
            "price": "62.19",
            "revenue": 0
        },
        "2007-07": {
            "month": "2007-07",
            "price": "62.36",
            "revenue": 0
        },
        "2007-08": {
            "month": "2007-08",
            "price": "64.63",
            "revenue": 0
        },
        "2007-09": {
            "month": "2007-09",
            "price": "68.02",
            "revenue": 0
        },
        "2007-10": {
            "month": "2007-10",
            "price": "70.94",
            "revenue": 0
        },
        "2007-11": {
            "month": "2007-11",
            "price": "71.76",
            "revenue": 0
        },
        "2007-12": {
            "month": "2007-12",
            "price": "73.80",
            "revenue": 0
        },
        "2008-01": {
            "month": "2008-01",
            "price": "68.78",
            "revenue": 0
        },
        "2008-02": {
            "month": "2008-02",
            "price": "66.29",
            "revenue": 0
        },
        "2008-03": {
            "month": "2008-03",
            "price": "67.79",
            "revenue": 0
        },
        "2008-04": {
            "month": "2008-04",
            "price": "68.80",
            "revenue": 0
        },
        "2008-05": {
            "month": "2008-05",
            "price": "65.90",
            "revenue": 0
        },
        "2008-06": {
            "month": "2008-06",
            "price": "64.70",
            "revenue": 0
        },
        "2008-07": {
            "month": "2008-07",
            "price": "64.04",
            "revenue": 0
        },
        "2008-08": {
            "month": "2008-08",
            "price": "69.47",
            "revenue": 0
        },
        "2008-09": {
            "month": "2008-09",
            "price": "70.50",
            "revenue": 0
        },
        "2008-10": {
            "month": "2008-10",
            "price": "63.48",
            "revenue": 0
        },
        "2008-11": {
            "month": "2008-11",
            "price": "63.56",
            "revenue": 0
        },
        "2008-12": {
            "month": "2008-12",
            "price": "60.64",
            "revenue": 0
        },
        "2009-01": {
            "month": "2009-01",
            "price": "58.65",
            "revenue": 0
        },
        "2009-02": {
            "month": "2009-02",
            "price": "51.20",
            "revenue": 0
        },
        "2009-03": {
            "month": "2009-03",
            "price": "46.78",
            "revenue": 0
        },
        "2009-04": {
            "month": "2009-04",
            "price": "49.50",
            "revenue": 0
        },
        "2009-05": {
            "month": "2009-05",
            "price": "51.67",
            "revenue": 0
        },
        "2009-06": {
            "month": "2009-06",
            "price": "51.88",
            "revenue": 0
        },
        "2009-07": {
            "month": "2009-07",
            "price": "54.20",
            "revenue": 0
        },
        "2009-08": {
            "month": "2009-08",
            "price": "53.04",
            "revenue": 0
        },
        "2009-09": {
            "month": "2009-09",
            "price": "55.77",
            "revenue": 0
        },
        "2009-10": {
            "month": "2009-10",
            "price": "57.46",
            "revenue": 0
        },
        "2009-11": {
            "month": "2009-11",
            "price": "61.55",
            "revenue": 0
        },
        "2009-12": {
            "month": "2009-12",
            "price": "61.95",
            "revenue": 0
        },
        "2010-01": {
            "month": "2010-01",
            "price": "60.86",
            "revenue": 0
        },
        "2010-02": {
            "month": "2010-02",
            "price": "62.55",
            "revenue": 0
        },
        "2010-03": {
            "month": "2010-03",
            "price": "63.61",
            "revenue": 0
        },
        "2010-04": {
            "month": "2010-04",
            "price": "63.07",
            "revenue": 0
        },
        "2010-05": {
            "month": "2010-05",
            "price": "61.95",
            "revenue": 0
        },
        "2010-06": {
            "month": "2010-06",
            "price": "61.13",
            "revenue": 0
        },
        "2010-07": {
            "month": "2010-07",
            "price": "61.62",
            "revenue": 0
        },
        "2010-08": {
            "month": "2010-08",
            "price": "60.06",
            "revenue": 0
        },
        "2010-09": {
            "month": "2010-09",
            "price": "60.72",
            "revenue": 0
        },
        "2010-10": {
            "month": "2010-10",
            "price": "62.37",
            "revenue": 0
        },
        "2010-11": {
            "month": "2010-11",
            "price": "63.71",
            "revenue": 0
        },
        "2010-12": {
            "month": "2010-12",
            "price": "63.72",
            "revenue": 0
        },
        "2011-01": {
            "month": "2011-01",
            "price": "65.08",
            "revenue": 0
        },
        "2011-02": {
            "month": "2011-02",
            "price": "63.83",
            "revenue": 0
        },
        "2011-03": {
            "month": "2011-03",
            "price": "61.39",
            "revenue": 0
        },
        "2011-04": {
            "month": "2011-04",
            "price": "63.14",
            "revenue": 0
        },
        "2011-05": {
            "month": "2011-05",
            "price": "66.45",
            "revenue": 0
        },
        "2011-06": {
            "month": "2011-06",
            "price": "64.38",
            "revenue": 0
        },
        "2011-07": {
            "month": "2011-07",
            "price": "64.03",
            "revenue": 0
        },
        "2011-08": {
            "month": "2011-08",
            "price": "61.44",
            "revenue": 0
        },
        "2011-09": {
            "month": "2011-09",
            "price": "62.74",
            "revenue": 0
        },
        "2011-10": {
            "month": "2011-10",
            "price": "64.52",
            "revenue": 0
        },
        "2011-11": {
            "month": "2011-11",
            "price": "62.86",
            "revenue": 0
        },
        "2011-12": {
            "month": "2011-12",
            "price": "65.40",
            "revenue": 0
        },
        "2012-01": {
            "month": "2012-01",
            "price": "65.56",
            "revenue": 0
        },
        "2012-02": {
            "month": "2012-02",
            "price": "64.76",
            "revenue": 0
        },
        "2012-03": {
            "month": "2012-03",
            "price": "67.20",
            "revenue": 0
        },
        "2012-04": {
            "month": "2012-04",
            "price": "66.54",
            "revenue": 0
        },
        "2012-05": {
            "month": "2012-05",
            "price": "63.49",
            "revenue": 0
        },
        "2012-06": {
            "month": "2012-06",
            "price": "61.42",
            "revenue": 0
        },
        "2012-07": {
            "month": "2012-07",
            "price": "63.57",
            "revenue": 0
        },
        "2012-08": {
            "month": "2012-08",
            "price": "66.44",
            "revenue": 0
        },
        "2012-09": {
            "month": "2012-09",
            "price": "68.86",
            "revenue": 0
        },
        "2012-10": {
            "month": "2012-10",
            "price": "68.87",
            "revenue": 0
        },
        "2012-11": {
            "month": "2012-11",
            "price": "68.24",
            "revenue": 0
        },
        "2012-12": {
            "month": "2012-12",
            "price": "69.38",
            "revenue": 0
        },
        "2013-01": {
            "month": "2013-01",
            "price": "70.65",
            "revenue": 0
        },
        "2013-02": {
            "month": "2013-02",
            "price": "76.32",
            "revenue": 0
        },
        "2013-03": {
            "month": "2013-03",
            "price": "77.00",
            "revenue": 0
        },
        "2013-04": {
            "month": "2013-04",
            "price": "78.95",
            "revenue": 0
        },
        "2013-05": {
            "month": "2013-05",
            "price": "78.90",
            "revenue": 0
        },
        "2013-06": {
            "month": "2013-06",
            "price": "77.51",
            "revenue": 0
        },
        "2013-07": {
            "month": "2013-07",
            "price": "80.10",
            "revenue": 0
        },
        "2013-08": {
            "month": "2013-08",
            "price": "80.16",
            "revenue": 0
        },
        "2013-09": {
            "month": "2013-09",
            "price": "78.37",
            "revenue": 0
        },
        "2013-10": {
            "month": "2013-10",
            "price": "78.68",
            "revenue": 0
        },
        "2013-11": {
            "month": "2013-11",
            "price": "83.55",
            "revenue": 0
        },
        "2013-12": {
            "month": "2013-12",
            "price": "82.54",
            "revenue": 0
        },
        "2014-01": {
            "month": "2014-01",
            "price": "79.60",
            "revenue": 0
        },
        "2014-02": {
            "month": "2014-02",
            "price": "77.72",
            "revenue": 0
        },
        "2014-03": {
            "month": "2014-03",
            "price": "78.97",
            "revenue": 0
        },
        "2014-04": {
            "month": "2014-04",
            "price": "81.15",
            "revenue": 0
        },
        "2014-05": {
            "month": "2014-05",
            "price": "81.06",
            "revenue": 0
        },
        "2014-06": {
            "month": "2014-06",
            "price": "79.68",
            "revenue": 0
        },
        "2014-07": {
            "month": "2014-07",
            "price": "80.09",
            "revenue": 0
        },
        "2014-08": {
            "month": "2014-08",
            "price": "81.88",
            "revenue": 0
        },
        "2014-09": {
            "month": "2014-09",
            "price": "83.92",
            "revenue": 0
        },
        "2014-10": {
            "month": "2014-10",
            "price": "84.31",
            "revenue": 0
        },
        "2014-11": {
            "month": "2014-11",
            "price": "88.75",
            "revenue": 0
        },
        "2014-12": {
            "month": "2014-12",
            "price": "91.16",
            "revenue": 0
        },
        "2015-01": {
            "month": "2015-01",
            "price": "89.38",
            "revenue": 0
        },
        "2015-02": {
            "month": "2015-02",
            "price": "85.56",
            "revenue": 0
        },
        "2015-03": {
            "month": "2015-03",
            "price": "83.24",
            "revenue": 0
        },
        "2015-04": {
            "month": "2015-04",
            "price": "82.24",
            "revenue": 0
        },
        "2015-05": {
            "month": "2015-05",
            "price": "80.12",
            "revenue": 0
        },
        "2015-06": {
            "month": "2015-06",
            "price": "79.08",
            "revenue": 0
        },
        "2015-07": {
            "month": "2015-07",
            "price": "80.69",
            "revenue": 0
        },
        "2015-08": {
            "month": "2015-08",
            "price": "73.91",
            "revenue": 0
        },
        "2015-09": {
            "month": "2015-09",
            "price": "70.07",
            "revenue": 0
        },
        "2015-10": {
            "month": "2015-10",
            "price": "74.78",
            "revenue": 0
        },
        "2015-11": {
            "month": "2015-11",
            "price": "75.78",
            "revenue": 0
        },
        "2015-12": {
            "month": "2015-12",
            "price": "78.64",
            "revenue": 0
        },
        "2016-01": {
            "month": "2016-01",
            "price": "77.41",
            "revenue": 0
        },
        "2016-02": {
            "month": "2016-02",
            "price": "81.45",
            "revenue": 0
        },
        "2016-03": {
            "month": "2016-03",
            "price": "82.51",
            "revenue": 0
        },
        "2016-04": {
            "month": "2016-04",
            "price": "82.03",
            "revenue": 0
        },
        "2016-05": {
            "month": "2016-05",
            "price": "81.24",
            "revenue": 0
        },
        "2016-06": {
            "month": "2016-06",
            "price": "82.93",
            "revenue": 0
        },
        "2016-07": {
            "month": "2016-07",
            "price": "85.47",
            "revenue": 0
        },
        "2016-08": {
            "month": "2016-08",
            "price": "86.88",
            "revenue": 0
        },
        "2016-09": {
            "month": "2016-09",
            "price": "88.13",
            "revenue": 0
        },
        "2016-10": {
            "month": "2016-10",
            "price": "87.46",
            "revenue": 0
        },
        "2016-11": {
            "month": "2016-11",
            "price": "84.12",
            "revenue": 0
        },
        "2016-12": {
            "month": "2016-12",
            "price": "84.11",
            "revenue": 0
        },
        "2017-01": {
            "month": "2017-01",
            "price": "85.51",
            "revenue": 0
        },
        "2017-02": {
            "month": "2017-02",
            "price": "89.44",
            "revenue": 0
        },
        "2017-03": {
            "month": "2017-03",
            "price": "90.79",
            "revenue": 0
        },
        "2017-04": {
            "month": "2017-04",
            "price": "89.41",
            "revenue": 0
        },
        "2017-05": {
            "month": "2017-05",
            "price": "86.54",
            "revenue": 0
        },
        "2017-06": {
            "month": "2017-06",
            "price": "88.67",
            "revenue": 0
        },
        "2017-07": {
            "month": "2017-07",
            "price": "88.26",
            "revenue": 0
        },
        "2017-08": {
            "month": "2017-08",
            "price": "91.93",
            "revenue": 0
        },
        "2017-09": {
            "month": "2017-09",
            "price": "92.82",
            "revenue": 0
        },
        "2017-10": {
            "month": "2017-10",
            "price": "90.36",
            "revenue": 0
        },
        "2017-11": {
            "month": "2017-11",
            "price": "88.18",
            "revenue": 0
        },
        "2017-12": {
            "month": "2017-12",
            "price": "91.31",
            "revenue": 0
        },
        "2018-01": {
            "month": "2018-01",
            "price": "89.75",
            "revenue": 0
        },
        "2018-02": {
            "month": "2018-02",
            "price": "81.48",
            "revenue": 0
        },
        "2018-03": {
            "month": "2018-03",
            "price": "78.70",
            "revenue": 0
        },
        "2018-04": {
            "month": "2018-04",
            "price": "76.32",
            "revenue": 0
        },
        "2018-05": {
            "month": "2018-05",
            "price": "73.12",
            "revenue": 0
        },
        "2018-06": {
            "month": "2018-06",
            "price": "76.43",
            "revenue": 0
        },
        "2018-07": {
            "month": "2018-07",
            "price": "79.29",
            "revenue": 0
        },
        "2018-08": {
            "month": "2018-08",
            "price": "82.70",
            "revenue": 0
        },
        "2018-09": {
            "month": "2018-09",
            "price": "83.44",
            "revenue": 0
        },
        "2018-10": {
            "month": "2018-10",
            "price": "84.17",
            "revenue": 0
        },
        "2018-11": {
            "month": "2018-11",
            "price": "92.28",
            "revenue": 0
        },
        "2018-12": {
            "month": "2018-12",
            "price": "92.54",
            "revenue": 0
        },
        "2019-01": {
            "month": "2019-01",
            "price": "92.41",
            "revenue": 0
        },
        "2019-02": {
            "month": "2019-02",
            "price": "98.71",
            "revenue": 0
        },
        "2019-03": {
            "month": "2019-03",
            "price": "101.03",
            "revenue": 0
        },
        "2019-04": {
            "month": "2019-04",
            "price": "104.74",
            "revenue": 0
        },
        "2019-05": {
            "month": "2019-05",
            "price": "105.77",
            "revenue": 0
        },
        "2019-06": {
            "month": "2019-06",
            "price": "109.42",
            "revenue": 0
        },
        "2019-07": {
            "month": "2019-07",
            "price": "114.58",
            "revenue": 0
        },
        "2019-08": {
            "month": "2019-08",
            "price": "117.89",
            "revenue": 0
        },
        "2019-09": {
            "month": "2019-09",
            "price": "122.40",
            "revenue": 0
        },
        "2019-10": {
            "month": "2019-10",
            "price": "121.62",
            "revenue": 0
        },
        "2019-11": {
            "month": "2019-11",
            "price": "120.73",
            "revenue": 0
        },
        "2019-12": {
            "month": "2019-12",
            "price": "124.71",
            "revenue": 0
        },
        "2020-01": {
            "month": "2020-01",
            "price": "124.71",
            "revenue": 0
        },
        "2020-02": {
            "month": "2020-02",
            "price": "123.73",
            "revenue": 0
        },
        "2020-03": {
            "month": "2020-03",
            "price": "112.34",
            "revenue": 0
        },
        "2020-04": {
            "month": "2020-04",
            "price": "117.65",
            "revenue": 0
        },
        "2020-05": {
            "month": "2020-05",
            "price": "114.30",
            "revenue": 0
        },
        "2020-06": {
            "month": "2020-06",
            "price": "117.72",
            "revenue": 0
        },
        "2020-07": {
            "month": "2020-07",
            "price": "124.68",
            "revenue": 0
        },
        "2020-08": {
            "month": "2020-08",
            "price": "135.80",
            "revenue": 0
        },
        "2020-09": {
            "month": "2020-09",
            "price": "137.78",
            "revenue": 0
        },
        "2020-10": {
            "month": "2020-10",
            "price": "141.37",
            "revenue": 0
        },
        "2020-11": {
            "month": "2020-11",
            "price": "140.44",
            "revenue": 0
        },
        "2020-12": {
            "month": "2020-12",
            "price": "137.54",
            "revenue": 0
        },
        "2021-01": {
            "month": "2021-01",
            "price": "134.52",
            "revenue": 0
        },
        "2021-02": {
            "month": "2021-02",
            "price": "128.01",
            "revenue": 0
        },
        "2021-03": {
            "month": "2021-03",
            "price": "129.16",
            "revenue": 0
        },
        "2021-04": {
            "month": "2021-04",
            "price": "135.20",
            "revenue": 0
        },
        "2021-05": {
            "month": "2021-05",
            "price": "136.51",
            "revenue": 0
        },
        "2021-06": {
            "month": "2021-06",
            "price": "134.31",
            "revenue": 0
        },
        "2021-07": {
            "month": "2021-07",
            "price": "138.50",
            "revenue": 0
        },
        "2021-08": {
            "month": "2021-08",
            "price": "143.14",
            "revenue": 0
        },
        "2021-09": {
            "month": "2021-09",
            "price": "143.53",
            "revenue": 0
        },
        "2021-10": {
            "month": "2021-10",
            "price": "141.61",
            "revenue": 0
        },
        "2021-11": {
            "month": "2021-11",
            "price": "146.47",
            "revenue": 0
        },
        "2021-12": {
            "month": "2021-12",
            "price": "156.93",
            "revenue": 0
        },
        "2022-01": {
            "month": "2022-01",
            "price": "160.74",
            "revenue": 0
        },
        "2022-02": {
            "month": "2022-02",
            "price": "158.55",
            "revenue": 0
        },
        "2022-03": {
            "month": "2022-03",
            "price": "150.98",
            "revenue": 0
        },
        "2022-04": {
            "month": "2022-04",
            "price": "159.29",
            "revenue": 0
        },
        "2022-05": {
            "month": "2022-05",
            "price": "150.97",
            "revenue": 0
        },
        "2022-06": {
            "month": "2022-06",
            "price": "141.07",
            "revenue": 0
        },
        "2022-07": {
            "month": "2022-07",
            "price": "144.41",
            "revenue": 0
        },
        "2022-08": {
            "month": "2022-08",
            "price": "145.40",
            "revenue": 0
        },
        "2022-09": {
            "month": "2022-09",
            "price": "136.15",
            "revenue": 0
        },
        "2022-10": {
            "month": "2022-10",
            "price": "128.43",
            "revenue": 0
        },
        "2022-11": {
            "month": "2022-11",
            "price": "140.82",
            "revenue": 0
        },
        "2022-12": {
            "month": "2022-12",
            "price": "151.30",
            "revenue": 0
        },
        "2023-01": {
            "month": "2023-01",
            "price": "146.76",
            "revenue": 0
        },
        "2023-02": {
            "month": "2023-02",
            "price": "139.74",
            "revenue": 0
        },
        "2023-03": {
            "month": "2023-03",
            "price": "142.28",
            "revenue": 0
        },
        "2023-04": {
            "month": "2023-04",
            "price": "152.59",
            "revenue": 0
        },
        "2023-05": {
            "month": "2023-05",
            "price": "153.03",
            "revenue": 0
        }
    }
}
