{
    "summary": {
        "stock_name": "PayPal Holdings Inc",
        "stock_id": "PYPL",
        "category": "Computer and Technology",
        "main_business": "Paypal Holdings, Inc.是一家領先的技術平臺公司，在全球向消費者和商家提供數字化和移動支付。該公司為各種規模的企業提供更安全，更簡單的方式來接受商家網站，移動裝置和應用的支付，並在離線零售地點提供廣泛的支付解決方案，其中包括貝寶，貝寶信用，Venmo和Braintree產品。它使得貿易全球化，透過為大約1.62億活躍客戶賬戶在超過200個市場中提供支付解決方案，同時為客戶提供他們喜歡的方式來支付或得到報酬的選擇。該公司提供其客戶使用他們的帳戶購買和付款的商品，以及轉移和提取資金的靈活性。消費者可以通常使用資金銀行賬戶購買，貝寶賬戶餘額，貝寶信貸帳戶，信用卡或簽帳金融卡或其他儲值產品，如優惠券和禮品卡。貝寶和Venmo產品也使其朋友和家人之間轉賬更安全，更簡單。 在2015年一月eBay公司成立了貝寶支付公司。",
        "website_url": "https://www.paypal.com/",
        "ceo": "Alex Chriss",
        "pe_ratio": 18,
        "report_year_from": 2015,
        "report_year_to": 2023,
        "age": 9,
        "eps_negative_percentage": 0,
        "eps_growth_avg": {
            "last_all": 31.29,
            "last_2y": 9.95,
            "last_4y": 20.79,
            "last_8y": 31.29,
            "last_12y": null,
            "last_16y": null,
            "last_20y": null,
            "at_2006_last_3y": null,
            "at_2007_last_3y": null,
            "at_2008_last_3y": null,
            "at_2009_last_3y": null,
            "at_2010_last_3y": null,
            "at_2011_last_3y": null,
            "at_2012_last_3y": null,
            "at_2013_last_3y": null,
            "at_2014_last_3y": null,
            "at_2015_last_3y": null,
            "at_2016_last_3y": null,
            "at_2017_last_3y": null,
            "at_2018_last_3y": 44.42,
            "at_2019_last_3y": 21.39,
            "at_2020_last_3y": 35.05,
            "at_2021_last_3y": 22.58,
            "at_2022_last_3y": 8.61,
            "at_2023_last_3y": 24.02,
            "at_2024_last_3y": 24.02,
            "at_2006_last_all": null,
            "at_2007_last_all": null,
            "at_2008_last_all": null,
            "at_2009_last_all": null,
            "at_2010_last_all": null,
            "at_2011_last_all": null,
            "at_2012_last_all": null,
            "at_2013_last_all": null,
            "at_2014_last_all": null,
            "at_2015_last_all": null,
            "at_2016_last_all": 55.77,
            "at_2017_last_all": 52.98,
            "at_2018_last_all": 44.42,
            "at_2019_last_all": 37.11,
            "at_2020_last_all": 41.96,
            "at_2021_last_all": 35.61,
            "at_2022_last_all": 26.51,
            "at_2023_last_all": 31.29,
            "at_2024_last_all": 31.29
        },
        "latest_eps": 3.78,
        "latest_price": 66.99,
        "latest_roe": 21.15,
        "latest_gross_margin": 39.96,
        "latest_equity": 21051000,
        "latest_revenue": 8026000,
        "latest_gross_profit": 3207000,
        "latest_net_income": 1402000,
        "latest_debt_ratio": 74.38,
        "latest_current_ratio": 129.1,
        "latest_account_receivable_turnover_ratio": 0.18,
        "latest_inventory_turnover_ratio": null,
        "latest_reinvestment_rate": 3.01,
        "latest_research_to_sale_ratio": 9.59
    },
    "eps_dividends": {
        "2001": {
            "cash": 0,
            "stock": 0,
            "eps": 0
        },
        "2002": {
            "cash": 0,
            "stock": 0,
            "eps": 0
        },
        "2003": {
            "cash": 0,
            "stock": 0,
            "eps": 0
        },
        "2004": {
            "cash": 0,
            "stock": 0,
            "eps": 0
        },
        "2005": {
            "cash": 0,
            "stock": 0,
            "eps": 0
        },
        "2006": {
            "cash": 0,
            "stock": 0,
            "eps": 0
        },
        "2007": {
            "cash": 0,
            "stock": 0,
            "eps": 0
        },
        "2008": {
            "cash": 0,
            "stock": 0,
            "eps": 0
        },
        "2009": {
            "cash": 0,
            "stock": 0,
            "eps": 0
        },
        "2010": {
            "cash": 0,
            "stock": 0,
            "eps": 0
        },
        "2011": {
            "cash": 0,
            "stock": 0,
            "eps": 0
        },
        "2012": {
            "cash": 0,
            "stock": 0,
            "eps": 0
        },
        "2013": {
            "cash": 0,
            "stock": 0,
            "eps": 0
        },
        "2014": {
            "cash": 0,
            "stock": 0,
            "eps": 0.34
        },
        "2015": {
            "cash": 0,
            "stock": 0,
            "eps": 1.04
        },
        "2016": {
            "cash": 0,
            "stock": 0,
            "eps": 1.16
        },
        "2017": {
            "cash": 0,
            "stock": 0,
            "eps": 1.71
        },
        "2018": {
            "cash": 0,
            "stock": 0,
            "eps": 2.03
        },
        "2019": {
            "cash": 0,
            "stock": 0,
            "eps": 2.19
        },
        "2020": {
            "cash": 0,
            "stock": 0,
            "eps": 3.64
        },
        "2021": {
            "cash": 0,
            "stock": 0,
            "eps": 3.55
        },
        "2022": {
            "cash": 0,
            "stock": 0,
            "eps": 2.23
        },
        "2023": {
            "cash": 0,
            "stock": 0,
            "eps": 3.78
        }
    },
    "dividends": [],
    "prices": {
        "200101": "無",
        "200102": "無",
        "200103": "無",
        "200104": "無",
        "200105": "無",
        "200106": "無",
        "200107": "無",
        "200108": "無",
        "200109": "無",
        "200110": "無",
        "200111": "無",
        "200112": "無",
        "200201": "無",
        "200202": "無",
        "200203": "無",
        "200204": "無",
        "200205": "無",
        "200206": "無",
        "200207": "無",
        "200208": "無",
        "200209": "無",
        "200210": "無",
        "200211": "無",
        "200212": "無",
        "200301": "無",
        "200302": "無",
        "200303": "無",
        "200304": "無",
        "200305": "無",
        "200306": "無",
        "200307": "無",
        "200308": "無",
        "200309": "無",
        "200310": "無",
        "200311": "無",
        "200312": "無",
        "200401": "無",
        "200402": "無",
        "200403": "無",
        "200404": "無",
        "200405": "無",
        "200406": "無",
        "200407": "無",
        "200408": "無",
        "200409": "無",
        "200410": "無",
        "200411": "無",
        "200412": "無",
        "200501": "無",
        "200502": "無",
        "200503": "無",
        "200504": "無",
        "200505": "無",
        "200506": "無",
        "200507": "無",
        "200508": "無",
        "200509": "無",
        "200510": "無",
        "200511": "無",
        "200512": "無",
        "200601": "無",
        "200602": "無",
        "200603": "無",
        "200604": "無",
        "200605": "無",
        "200606": "無",
        "200607": "無",
        "200608": "無",
        "200609": "無",
        "200610": "無",
        "200611": "無",
        "200612": "無",
        "200701": "無",
        "200702": "無",
        "200703": "無",
        "200704": "無",
        "200705": "無",
        "200706": "無",
        "200707": "無",
        "200708": "無",
        "200709": "無",
        "200710": "無",
        "200711": "無",
        "200712": "無",
        "200801": "無",
        "200802": "無",
        "200803": "無",
        "200804": "無",
        "200805": "無",
        "200806": "無",
        "200807": "無",
        "200808": "無",
        "200809": "無",
        "200810": "無",
        "200811": "無",
        "200812": "無",
        "200901": "無",
        "200902": "無",
        "200903": "無",
        "200904": "無",
        "200905": "無",
        "200906": "無",
        "200907": "無",
        "200908": "無",
        "200909": "無",
        "200910": "無",
        "200911": "無",
        "200912": "無",
        "201001": "無",
        "201002": "無",
        "201003": "無",
        "201004": "無",
        "201005": "無",
        "201006": "無",
        "201007": "無",
        "201008": "無",
        "201009": "無",
        "201010": "無",
        "201011": "無",
        "201012": "無",
        "201101": "無",
        "201102": "無",
        "201103": "無",
        "201104": "無",
        "201105": "無",
        "201106": "無",
        "201107": "無",
        "201108": "無",
        "201109": "無",
        "201110": "無",
        "201111": "無",
        "201112": "無",
        "201201": "無",
        "201202": "無",
        "201203": "無",
        "201204": "無",
        "201205": "無",
        "201206": "無",
        "201207": "無",
        "201208": "無",
        "201209": "無",
        "201210": "無",
        "201211": "無",
        "201212": "無",
        "201301": "無",
        "201302": "無",
        "201303": "無",
        "201304": "無",
        "201305": "無",
        "201306": "無",
        "201307": "無",
        "201308": "無",
        "201309": "無",
        "201310": "無",
        "201311": "無",
        "201312": "無",
        "201401": "無",
        "201402": "無",
        "201403": "無",
        "201404": "無",
        "201405": "無",
        "201406": "無",
        "201407": "無",
        "201408": "無",
        "201409": "無",
        "201410": "無",
        "201411": "無",
        "201412": "無",
        "201501": "無",
        "201502": "無",
        "201503": "無",
        "201504": "無",
        "201505": "無",
        "201506": "無",
        "201507": "38.37",
        "201508": "36.95",
        "201509": "33.59",
        "201510": "34.00",
        "201511": "36.13",
        "201512": "35.79",
        "201601": "32.84",
        "201602": "35.72",
        "201603": "39.35",
        "201604": "39.17",
        "201605": "38.80",
        "201606": "36.79",
        "201607": "38.02",
        "201608": "37.74",
        "201609": "39.59",
        "201610": "40.82",
        "201611": "40.32",
        "201612": "39.44",
        "201701": "41.15",
        "201702": "41.28",
        "201703": "42.89",
        "201704": "43.70",
        "201705": "49.78",
        "201706": "53.22",
        "201707": "57.12",
        "201708": "59.72",
        "201709": "62.90",
        "201710": "68.11",
        "201711": "75.27",
        "201712": "73.82",
        "201801": "81.37",
        "201802": "76.91",
        "201803": "79.44",
        "201804": "76.53",
        "201805": "78.36",
        "201806": "84.24",
        "201807": "86.86",
        "201808": "87.47",
        "201809": "90.10",
        "201810": "82.25",
        "201811": "83.74",
        "201812": "84.05",
        "201901": "89.82",
        "201902": "94.17",
        "201903": "99.97",
        "201904": "107.67",
        "201905": "110.70",
        "201906": "114.30",
        "201907": "117.47",
        "201908": "106.75",
        "201909": "105.86",
        "201910": "102.26",
        "201911": "103.47",
        "201912": "107.05",
        "202001": "114.23",
        "202002": "117.64",
        "202003": "100.50",
        "202004": "108.93",
        "202005": "142.32",
        "202006": "162.39",
        "202007": "178.07",
        "202008": "197.79",
        "202009": "189.65",
        "202010": "198.91",
        "202011": "195.60",
        "202012": "226.04",
        "202101": "239.79",
        "202102": "274.43",
        "202103": "244.93",
        "202104": "264.83",
        "202105": "250.62",
        "202106": "275.74",
        "202107": "296.91",
        "202108": "276.53",
        "202109": "278.06",
        "202110": "254.66",
        "202111": "207.13",
        "202112": "188.67",
        "202201": "176.50",
        "202202": "117.81",
        "202203": "107.95",
        "202204": "101.36",
        "202205": "81.71",
        "202206": "77.89",
        "202207": "76.88",
        "202208": "95.89",
        "202209": "91.99",
        "202210": "86.46",
        "202211": "82.09",
        "202212": "71.55",
        "202301": "78.66",
        "202302": "78.56",
        "202303": "74.32",
        "202304": "74.63",
        "202305": "65.16",
        "202306": "65.49",
        "202307": "71.74",
        "202308": "62.80",
        "202309": "61.16",
        "202310": "55.36",
        "202311": "55.90",
        "202312": "60.85",
        "202401": "61.61",
        "202402": "59.89",
        "202403": "62.61",
        "202404": "無"
    },
    "quarters": {
        "20011": {
            "year_quarter": 20011,
            "year": 2001,
            "quarter": 1,
            "eps": null,
            "eps_growth_year": null,
            "eps_4q": null,
            "eps_4q_growth_year": null,
            "roe": null,
            "roe_4q": 0,
            "gross_profit": null,
            "gross_margin": null,
            "gross_margin_4q_avg": 0,
            "net_income": null,
            "net_income_4q": null,
            "revenue": null,
            "revenue_4q": null,
            "common_shares": null,
            "book_valuer_per_share": null,
            "book_valuer_per_share_4q_avg": 0,
            "equity": null,
            "current_ratio": null,
            "debt_ratio": null,
            "inventory_turnover_ratio": null,
            "account_receivable_turnover_ratio": null,
            "reinvestment_rate": null,
            "research_to_sale_ratio": null,
            "price_fair": 0,
            "eps_avg_yearly": 0,
            "eps_latest_yearly": 0,
            "eps_growth_yearly": 0
        },
        "20012": {
            "year_quarter": 20012,
            "year": 2001,
            "quarter": 2,
            "eps": null,
            "eps_growth_year": null,
            "eps_4q": null,
            "eps_4q_growth_year": null,
            "roe": null,
            "roe_4q": 0,
            "gross_profit": null,
            "gross_margin": null,
            "gross_margin_4q_avg": 0,
            "net_income": null,
            "net_income_4q": null,
            "revenue": null,
            "revenue_4q": null,
            "common_shares": null,
            "book_valuer_per_share": null,
            "book_valuer_per_share_4q_avg": 0,
            "equity": null,
            "current_ratio": null,
            "debt_ratio": null,
            "inventory_turnover_ratio": null,
            "account_receivable_turnover_ratio": null,
            "reinvestment_rate": null,
            "research_to_sale_ratio": null,
            "price_fair": 0,
            "eps_avg_yearly": 0,
            "eps_latest_yearly": 0,
            "eps_growth_yearly": 0
        },
        "20013": {
            "year_quarter": 20013,
            "year": 2001,
            "quarter": 3,
            "eps": null,
            "eps_growth_year": null,
            "eps_4q": null,
            "eps_4q_growth_year": null,
            "roe": null,
            "roe_4q": 0,
            "gross_profit": null,
            "gross_margin": null,
            "gross_margin_4q_avg": 0,
            "net_income": null,
            "net_income_4q": null,
            "revenue": null,
            "revenue_4q": null,
            "common_shares": null,
            "book_valuer_per_share": null,
            "book_valuer_per_share_4q_avg": 0,
            "equity": null,
            "current_ratio": null,
            "debt_ratio": null,
            "inventory_turnover_ratio": null,
            "account_receivable_turnover_ratio": null,
            "reinvestment_rate": null,
            "research_to_sale_ratio": null,
            "price_fair": 0,
            "eps_avg_yearly": 0,
            "eps_latest_yearly": 0,
            "eps_growth_yearly": 0
        },
        "20014": {
            "year_quarter": 20014,
            "year": 2001,
            "quarter": 4,
            "eps": null,
            "eps_growth_year": null,
            "eps_4q": null,
            "eps_4q_growth_year": null,
            "roe": null,
            "roe_4q": 0,
            "gross_profit": null,
            "gross_margin": null,
            "gross_margin_4q_avg": 0,
            "net_income": null,
            "net_income_4q": null,
            "revenue": null,
            "revenue_4q": null,
            "common_shares": null,
            "book_valuer_per_share": null,
            "book_valuer_per_share_4q_avg": 0,
            "equity": null,
            "current_ratio": null,
            "debt_ratio": null,
            "inventory_turnover_ratio": null,
            "account_receivable_turnover_ratio": null,
            "reinvestment_rate": null,
            "research_to_sale_ratio": null,
            "price_fair": 0,
            "eps_avg_yearly": 0,
            "eps_latest_yearly": 0,
            "eps_growth_yearly": 0
        },
        "20021": {
            "year_quarter": 20021,
            "year": 2002,
            "quarter": 1,
            "eps": null,
            "eps_growth_year": null,
            "eps_4q": null,
            "eps_4q_growth_year": null,
            "roe": null,
            "roe_4q": 0,
            "gross_profit": null,
            "gross_margin": null,
            "gross_margin_4q_avg": 0,
            "net_income": null,
            "net_income_4q": null,
            "revenue": null,
            "revenue_4q": null,
            "common_shares": null,
            "book_valuer_per_share": null,
            "book_valuer_per_share_4q_avg": 0,
            "equity": null,
            "current_ratio": null,
            "debt_ratio": null,
            "inventory_turnover_ratio": null,
            "account_receivable_turnover_ratio": null,
            "reinvestment_rate": null,
            "research_to_sale_ratio": null,
            "price_fair": 0,
            "eps_avg_yearly": 0,
            "eps_latest_yearly": 0,
            "eps_growth_yearly": 0
        },
        "20022": {
            "year_quarter": 20022,
            "year": 2002,
            "quarter": 2,
            "eps": null,
            "eps_growth_year": null,
            "eps_4q": null,
            "eps_4q_growth_year": null,
            "roe": null,
            "roe_4q": 0,
            "gross_profit": null,
            "gross_margin": null,
            "gross_margin_4q_avg": 0,
            "net_income": null,
            "net_income_4q": null,
            "revenue": null,
            "revenue_4q": null,
            "common_shares": null,
            "book_valuer_per_share": null,
            "book_valuer_per_share_4q_avg": 0,
            "equity": null,
            "current_ratio": null,
            "debt_ratio": null,
            "inventory_turnover_ratio": null,
            "account_receivable_turnover_ratio": null,
            "reinvestment_rate": null,
            "research_to_sale_ratio": null,
            "price_fair": 0,
            "eps_avg_yearly": 0,
            "eps_latest_yearly": 0,
            "eps_growth_yearly": 0
        },
        "20023": {
            "year_quarter": 20023,
            "year": 2002,
            "quarter": 3,
            "eps": null,
            "eps_growth_year": null,
            "eps_4q": null,
            "eps_4q_growth_year": null,
            "roe": null,
            "roe_4q": 0,
            "gross_profit": null,
            "gross_margin": null,
            "gross_margin_4q_avg": 0,
            "net_income": null,
            "net_income_4q": null,
            "revenue": null,
            "revenue_4q": null,
            "common_shares": null,
            "book_valuer_per_share": null,
            "book_valuer_per_share_4q_avg": 0,
            "equity": null,
            "current_ratio": null,
            "debt_ratio": null,
            "inventory_turnover_ratio": null,
            "account_receivable_turnover_ratio": null,
            "reinvestment_rate": null,
            "research_to_sale_ratio": null,
            "price_fair": 0,
            "eps_avg_yearly": 0,
            "eps_latest_yearly": 0,
            "eps_growth_yearly": 0
        },
        "20024": {
            "year_quarter": 20024,
            "year": 2002,
            "quarter": 4,
            "eps": null,
            "eps_growth_year": null,
            "eps_4q": null,
            "eps_4q_growth_year": null,
            "roe": null,
            "roe_4q": 0,
            "gross_profit": null,
            "gross_margin": null,
            "gross_margin_4q_avg": 0,
            "net_income": null,
            "net_income_4q": null,
            "revenue": null,
            "revenue_4q": null,
            "common_shares": null,
            "book_valuer_per_share": null,
            "book_valuer_per_share_4q_avg": 0,
            "equity": null,
            "current_ratio": null,
            "debt_ratio": null,
            "inventory_turnover_ratio": null,
            "account_receivable_turnover_ratio": null,
            "reinvestment_rate": null,
            "research_to_sale_ratio": null,
            "price_fair": 0,
            "eps_avg_yearly": 0,
            "eps_latest_yearly": 0,
            "eps_growth_yearly": 0
        },
        "20031": {
            "year_quarter": 20031,
            "year": 2003,
            "quarter": 1,
            "eps": null,
            "eps_growth_year": null,
            "eps_4q": null,
            "eps_4q_growth_year": null,
            "roe": null,
            "roe_4q": 0,
            "gross_profit": null,
            "gross_margin": null,
            "gross_margin_4q_avg": 0,
            "net_income": null,
            "net_income_4q": null,
            "revenue": null,
            "revenue_4q": null,
            "common_shares": null,
            "book_valuer_per_share": null,
            "book_valuer_per_share_4q_avg": 0,
            "equity": null,
            "current_ratio": null,
            "debt_ratio": null,
            "inventory_turnover_ratio": null,
            "account_receivable_turnover_ratio": null,
            "reinvestment_rate": null,
            "research_to_sale_ratio": null,
            "price_fair": 0,
            "eps_avg_yearly": 0,
            "eps_latest_yearly": 0,
            "eps_growth_yearly": 0
        },
        "20032": {
            "year_quarter": 20032,
            "year": 2003,
            "quarter": 2,
            "eps": null,
            "eps_growth_year": null,
            "eps_4q": null,
            "eps_4q_growth_year": null,
            "roe": null,
            "roe_4q": 0,
            "gross_profit": null,
            "gross_margin": null,
            "gross_margin_4q_avg": 0,
            "net_income": null,
            "net_income_4q": null,
            "revenue": null,
            "revenue_4q": null,
            "common_shares": null,
            "book_valuer_per_share": null,
            "book_valuer_per_share_4q_avg": 0,
            "equity": null,
            "current_ratio": null,
            "debt_ratio": null,
            "inventory_turnover_ratio": null,
            "account_receivable_turnover_ratio": null,
            "reinvestment_rate": null,
            "research_to_sale_ratio": null,
            "price_fair": 0,
            "eps_avg_yearly": 0,
            "eps_latest_yearly": 0,
            "eps_growth_yearly": 0
        },
        "20033": {
            "year_quarter": 20033,
            "year": 2003,
            "quarter": 3,
            "eps": null,
            "eps_growth_year": null,
            "eps_4q": null,
            "eps_4q_growth_year": null,
            "roe": null,
            "roe_4q": 0,
            "gross_profit": null,
            "gross_margin": null,
            "gross_margin_4q_avg": 0,
            "net_income": null,
            "net_income_4q": null,
            "revenue": null,
            "revenue_4q": null,
            "common_shares": null,
            "book_valuer_per_share": null,
            "book_valuer_per_share_4q_avg": 0,
            "equity": null,
            "current_ratio": null,
            "debt_ratio": null,
            "inventory_turnover_ratio": null,
            "account_receivable_turnover_ratio": null,
            "reinvestment_rate": null,
            "research_to_sale_ratio": null,
            "price_fair": 0,
            "eps_avg_yearly": 0,
            "eps_latest_yearly": 0,
            "eps_growth_yearly": 0
        },
        "20034": {
            "year_quarter": 20034,
            "year": 2003,
            "quarter": 4,
            "eps": null,
            "eps_growth_year": null,
            "eps_4q": null,
            "eps_4q_growth_year": null,
            "roe": null,
            "roe_4q": 0,
            "gross_profit": null,
            "gross_margin": null,
            "gross_margin_4q_avg": 0,
            "net_income": null,
            "net_income_4q": null,
            "revenue": null,
            "revenue_4q": null,
            "common_shares": null,
            "book_valuer_per_share": null,
            "book_valuer_per_share_4q_avg": 0,
            "equity": null,
            "current_ratio": null,
            "debt_ratio": null,
            "inventory_turnover_ratio": null,
            "account_receivable_turnover_ratio": null,
            "reinvestment_rate": null,
            "research_to_sale_ratio": null,
            "price_fair": 0,
            "eps_avg_yearly": 0,
            "eps_latest_yearly": 0,
            "eps_growth_yearly": 0
        },
        "20041": {
            "year_quarter": 20041,
            "year": 2004,
            "quarter": 1,
            "eps": null,
            "eps_growth_year": null,
            "eps_4q": null,
            "eps_4q_growth_year": null,
            "roe": null,
            "roe_4q": 0,
            "gross_profit": null,
            "gross_margin": null,
            "gross_margin_4q_avg": 0,
            "net_income": null,
            "net_income_4q": null,
            "revenue": null,
            "revenue_4q": null,
            "common_shares": null,
            "book_valuer_per_share": null,
            "book_valuer_per_share_4q_avg": 0,
            "equity": null,
            "current_ratio": null,
            "debt_ratio": null,
            "inventory_turnover_ratio": null,
            "account_receivable_turnover_ratio": null,
            "reinvestment_rate": null,
            "research_to_sale_ratio": null,
            "price_fair": 0,
            "eps_avg_yearly": 0,
            "eps_latest_yearly": 0,
            "eps_growth_yearly": 0
        },
        "20042": {
            "year_quarter": 20042,
            "year": 2004,
            "quarter": 2,
            "eps": null,
            "eps_growth_year": null,
            "eps_4q": null,
            "eps_4q_growth_year": null,
            "roe": null,
            "roe_4q": 0,
            "gross_profit": null,
            "gross_margin": null,
            "gross_margin_4q_avg": 0,
            "net_income": null,
            "net_income_4q": null,
            "revenue": null,
            "revenue_4q": null,
            "common_shares": null,
            "book_valuer_per_share": null,
            "book_valuer_per_share_4q_avg": 0,
            "equity": null,
            "current_ratio": null,
            "debt_ratio": null,
            "inventory_turnover_ratio": null,
            "account_receivable_turnover_ratio": null,
            "reinvestment_rate": null,
            "research_to_sale_ratio": null,
            "price_fair": 0,
            "eps_avg_yearly": 0,
            "eps_latest_yearly": 0,
            "eps_growth_yearly": 0
        },
        "20043": {
            "year_quarter": 20043,
            "year": 2004,
            "quarter": 3,
            "eps": null,
            "eps_growth_year": null,
            "eps_4q": null,
            "eps_4q_growth_year": null,
            "roe": null,
            "roe_4q": 0,
            "gross_profit": null,
            "gross_margin": null,
            "gross_margin_4q_avg": 0,
            "net_income": null,
            "net_income_4q": null,
            "revenue": null,
            "revenue_4q": null,
            "common_shares": null,
            "book_valuer_per_share": null,
            "book_valuer_per_share_4q_avg": 0,
            "equity": null,
            "current_ratio": null,
            "debt_ratio": null,
            "inventory_turnover_ratio": null,
            "account_receivable_turnover_ratio": null,
            "reinvestment_rate": null,
            "research_to_sale_ratio": null,
            "price_fair": 0,
            "eps_avg_yearly": 0,
            "eps_latest_yearly": 0,
            "eps_growth_yearly": 0
        },
        "20044": {
            "year_quarter": 20044,
            "year": 2004,
            "quarter": 4,
            "eps": null,
            "eps_growth_year": null,
            "eps_4q": null,
            "eps_4q_growth_year": null,
            "roe": null,
            "roe_4q": 0,
            "gross_profit": null,
            "gross_margin": null,
            "gross_margin_4q_avg": 0,
            "net_income": null,
            "net_income_4q": null,
            "revenue": null,
            "revenue_4q": null,
            "common_shares": null,
            "book_valuer_per_share": null,
            "book_valuer_per_share_4q_avg": 0,
            "equity": null,
            "current_ratio": null,
            "debt_ratio": null,
            "inventory_turnover_ratio": null,
            "account_receivable_turnover_ratio": null,
            "reinvestment_rate": null,
            "research_to_sale_ratio": null,
            "price_fair": 0,
            "eps_avg_yearly": 0,
            "eps_latest_yearly": 0,
            "eps_growth_yearly": 0
        },
        "20051": {
            "year_quarter": 20051,
            "year": 2005,
            "quarter": 1,
            "eps": null,
            "eps_growth_year": null,
            "eps_4q": null,
            "eps_4q_growth_year": null,
            "roe": null,
            "roe_4q": 0,
            "gross_profit": null,
            "gross_margin": null,
            "gross_margin_4q_avg": 0,
            "net_income": null,
            "net_income_4q": null,
            "revenue": null,
            "revenue_4q": null,
            "common_shares": null,
            "book_valuer_per_share": null,
            "book_valuer_per_share_4q_avg": 0,
            "equity": null,
            "current_ratio": null,
            "debt_ratio": null,
            "inventory_turnover_ratio": null,
            "account_receivable_turnover_ratio": null,
            "reinvestment_rate": null,
            "research_to_sale_ratio": null,
            "price_fair": 0,
            "eps_avg_yearly": 0,
            "eps_latest_yearly": 0,
            "eps_growth_yearly": 0
        },
        "20052": {
            "year_quarter": 20052,
            "year": 2005,
            "quarter": 2,
            "eps": null,
            "eps_growth_year": null,
            "eps_4q": null,
            "eps_4q_growth_year": null,
            "roe": null,
            "roe_4q": 0,
            "gross_profit": null,
            "gross_margin": null,
            "gross_margin_4q_avg": 0,
            "net_income": null,
            "net_income_4q": null,
            "revenue": null,
            "revenue_4q": null,
            "common_shares": null,
            "book_valuer_per_share": null,
            "book_valuer_per_share_4q_avg": 0,
            "equity": null,
            "current_ratio": null,
            "debt_ratio": null,
            "inventory_turnover_ratio": null,
            "account_receivable_turnover_ratio": null,
            "reinvestment_rate": null,
            "research_to_sale_ratio": null,
            "price_fair": 0,
            "eps_avg_yearly": 0,
            "eps_latest_yearly": 0,
            "eps_growth_yearly": 0
        },
        "20053": {
            "year_quarter": 20053,
            "year": 2005,
            "quarter": 3,
            "eps": null,
            "eps_growth_year": null,
            "eps_4q": null,
            "eps_4q_growth_year": null,
            "roe": null,
            "roe_4q": 0,
            "gross_profit": null,
            "gross_margin": null,
            "gross_margin_4q_avg": 0,
            "net_income": null,
            "net_income_4q": null,
            "revenue": null,
            "revenue_4q": null,
            "common_shares": null,
            "book_valuer_per_share": null,
            "book_valuer_per_share_4q_avg": 0,
            "equity": null,
            "current_ratio": null,
            "debt_ratio": null,
            "inventory_turnover_ratio": null,
            "account_receivable_turnover_ratio": null,
            "reinvestment_rate": null,
            "research_to_sale_ratio": null,
            "price_fair": 0,
            "eps_avg_yearly": 0,
            "eps_latest_yearly": 0,
            "eps_growth_yearly": 0
        },
        "20054": {
            "year_quarter": 20054,
            "year": 2005,
            "quarter": 4,
            "eps": null,
            "eps_growth_year": null,
            "eps_4q": null,
            "eps_4q_growth_year": null,
            "roe": null,
            "roe_4q": 0,
            "gross_profit": null,
            "gross_margin": null,
            "gross_margin_4q_avg": 0,
            "net_income": null,
            "net_income_4q": null,
            "revenue": null,
            "revenue_4q": null,
            "common_shares": null,
            "book_valuer_per_share": null,
            "book_valuer_per_share_4q_avg": 0,
            "equity": null,
            "current_ratio": null,
            "debt_ratio": null,
            "inventory_turnover_ratio": null,
            "account_receivable_turnover_ratio": null,
            "reinvestment_rate": null,
            "research_to_sale_ratio": null,
            "price_fair": 0,
            "eps_avg_yearly": 0,
            "eps_latest_yearly": 0,
            "eps_growth_yearly": 0
        },
        "20061": {
            "year_quarter": 20061,
            "year": 2006,
            "quarter": 1,
            "eps": null,
            "eps_growth_year": null,
            "eps_4q": null,
            "eps_4q_growth_year": null,
            "roe": null,
            "roe_4q": 0,
            "gross_profit": null,
            "gross_margin": null,
            "gross_margin_4q_avg": 0,
            "net_income": null,
            "net_income_4q": null,
            "revenue": null,
            "revenue_4q": null,
            "common_shares": null,
            "book_valuer_per_share": null,
            "book_valuer_per_share_4q_avg": 0,
            "equity": null,
            "current_ratio": null,
            "debt_ratio": null,
            "inventory_turnover_ratio": null,
            "account_receivable_turnover_ratio": null,
            "reinvestment_rate": null,
            "research_to_sale_ratio": null,
            "price_fair": 0,
            "eps_avg_yearly": 0,
            "eps_latest_yearly": 0,
            "eps_growth_yearly": 0
        },
        "20062": {
            "year_quarter": 20062,
            "year": 2006,
            "quarter": 2,
            "eps": null,
            "eps_growth_year": null,
            "eps_4q": null,
            "eps_4q_growth_year": null,
            "roe": null,
            "roe_4q": 0,
            "gross_profit": null,
            "gross_margin": null,
            "gross_margin_4q_avg": 0,
            "net_income": null,
            "net_income_4q": null,
            "revenue": null,
            "revenue_4q": null,
            "common_shares": null,
            "book_valuer_per_share": null,
            "book_valuer_per_share_4q_avg": 0,
            "equity": null,
            "current_ratio": null,
            "debt_ratio": null,
            "inventory_turnover_ratio": null,
            "account_receivable_turnover_ratio": null,
            "reinvestment_rate": null,
            "research_to_sale_ratio": null,
            "price_fair": 0,
            "eps_avg_yearly": 0,
            "eps_latest_yearly": 0,
            "eps_growth_yearly": 0
        },
        "20063": {
            "year_quarter": 20063,
            "year": 2006,
            "quarter": 3,
            "eps": null,
            "eps_growth_year": null,
            "eps_4q": null,
            "eps_4q_growth_year": null,
            "roe": null,
            "roe_4q": 0,
            "gross_profit": null,
            "gross_margin": null,
            "gross_margin_4q_avg": 0,
            "net_income": null,
            "net_income_4q": null,
            "revenue": null,
            "revenue_4q": null,
            "common_shares": null,
            "book_valuer_per_share": null,
            "book_valuer_per_share_4q_avg": 0,
            "equity": null,
            "current_ratio": null,
            "debt_ratio": null,
            "inventory_turnover_ratio": null,
            "account_receivable_turnover_ratio": null,
            "reinvestment_rate": null,
            "research_to_sale_ratio": null,
            "price_fair": 0,
            "eps_avg_yearly": 0,
            "eps_latest_yearly": 0,
            "eps_growth_yearly": 0
        },
        "20064": {
            "year_quarter": 20064,
            "year": 2006,
            "quarter": 4,
            "eps": null,
            "eps_growth_year": null,
            "eps_4q": null,
            "eps_4q_growth_year": null,
            "roe": null,
            "roe_4q": 0,
            "gross_profit": null,
            "gross_margin": null,
            "gross_margin_4q_avg": 0,
            "net_income": null,
            "net_income_4q": null,
            "revenue": null,
            "revenue_4q": null,
            "common_shares": null,
            "book_valuer_per_share": null,
            "book_valuer_per_share_4q_avg": 0,
            "equity": null,
            "current_ratio": null,
            "debt_ratio": null,
            "inventory_turnover_ratio": null,
            "account_receivable_turnover_ratio": null,
            "reinvestment_rate": null,
            "research_to_sale_ratio": null,
            "price_fair": 0,
            "eps_avg_yearly": 0,
            "eps_latest_yearly": 0,
            "eps_growth_yearly": 0
        },
        "20071": {
            "year_quarter": 20071,
            "year": 2007,
            "quarter": 1,
            "eps": null,
            "eps_growth_year": null,
            "eps_4q": null,
            "eps_4q_growth_year": null,
            "roe": null,
            "roe_4q": 0,
            "gross_profit": null,
            "gross_margin": null,
            "gross_margin_4q_avg": 0,
            "net_income": null,
            "net_income_4q": null,
            "revenue": null,
            "revenue_4q": null,
            "common_shares": null,
            "book_valuer_per_share": null,
            "book_valuer_per_share_4q_avg": 0,
            "equity": null,
            "current_ratio": null,
            "debt_ratio": null,
            "inventory_turnover_ratio": null,
            "account_receivable_turnover_ratio": null,
            "reinvestment_rate": null,
            "research_to_sale_ratio": null,
            "price_fair": 0,
            "eps_avg_yearly": 0,
            "eps_latest_yearly": 0,
            "eps_growth_yearly": 0
        },
        "20072": {
            "year_quarter": 20072,
            "year": 2007,
            "quarter": 2,
            "eps": null,
            "eps_growth_year": null,
            "eps_4q": null,
            "eps_4q_growth_year": null,
            "roe": null,
            "roe_4q": 0,
            "gross_profit": null,
            "gross_margin": null,
            "gross_margin_4q_avg": 0,
            "net_income": null,
            "net_income_4q": null,
            "revenue": null,
            "revenue_4q": null,
            "common_shares": null,
            "book_valuer_per_share": null,
            "book_valuer_per_share_4q_avg": 0,
            "equity": null,
            "current_ratio": null,
            "debt_ratio": null,
            "inventory_turnover_ratio": null,
            "account_receivable_turnover_ratio": null,
            "reinvestment_rate": null,
            "research_to_sale_ratio": null,
            "price_fair": 0,
            "eps_avg_yearly": 0,
            "eps_latest_yearly": 0,
            "eps_growth_yearly": 0
        },
        "20073": {
            "year_quarter": 20073,
            "year": 2007,
            "quarter": 3,
            "eps": null,
            "eps_growth_year": null,
            "eps_4q": null,
            "eps_4q_growth_year": null,
            "roe": null,
            "roe_4q": 0,
            "gross_profit": null,
            "gross_margin": null,
            "gross_margin_4q_avg": 0,
            "net_income": null,
            "net_income_4q": null,
            "revenue": null,
            "revenue_4q": null,
            "common_shares": null,
            "book_valuer_per_share": null,
            "book_valuer_per_share_4q_avg": 0,
            "equity": null,
            "current_ratio": null,
            "debt_ratio": null,
            "inventory_turnover_ratio": null,
            "account_receivable_turnover_ratio": null,
            "reinvestment_rate": null,
            "research_to_sale_ratio": null,
            "price_fair": 0,
            "eps_avg_yearly": 0,
            "eps_latest_yearly": 0,
            "eps_growth_yearly": 0
        },
        "20074": {
            "year_quarter": 20074,
            "year": 2007,
            "quarter": 4,
            "eps": null,
            "eps_growth_year": null,
            "eps_4q": null,
            "eps_4q_growth_year": null,
            "roe": null,
            "roe_4q": 0,
            "gross_profit": null,
            "gross_margin": null,
            "gross_margin_4q_avg": 0,
            "net_income": null,
            "net_income_4q": null,
            "revenue": null,
            "revenue_4q": null,
            "common_shares": null,
            "book_valuer_per_share": null,
            "book_valuer_per_share_4q_avg": 0,
            "equity": null,
            "current_ratio": null,
            "debt_ratio": null,
            "inventory_turnover_ratio": null,
            "account_receivable_turnover_ratio": null,
            "reinvestment_rate": null,
            "research_to_sale_ratio": null,
            "price_fair": 0,
            "eps_avg_yearly": 0,
            "eps_latest_yearly": 0,
            "eps_growth_yearly": 0
        },
        "20081": {
            "year_quarter": 20081,
            "year": 2008,
            "quarter": 1,
            "eps": null,
            "eps_growth_year": null,
            "eps_4q": null,
            "eps_4q_growth_year": null,
            "roe": null,
            "roe_4q": 0,
            "gross_profit": null,
            "gross_margin": null,
            "gross_margin_4q_avg": 0,
            "net_income": null,
            "net_income_4q": null,
            "revenue": null,
            "revenue_4q": null,
            "common_shares": null,
            "book_valuer_per_share": null,
            "book_valuer_per_share_4q_avg": 0,
            "equity": null,
            "current_ratio": null,
            "debt_ratio": null,
            "inventory_turnover_ratio": null,
            "account_receivable_turnover_ratio": null,
            "reinvestment_rate": null,
            "research_to_sale_ratio": null,
            "price_fair": 0,
            "eps_avg_yearly": 0,
            "eps_latest_yearly": 0,
            "eps_growth_yearly": 0
        },
        "20082": {
            "year_quarter": 20082,
            "year": 2008,
            "quarter": 2,
            "eps": null,
            "eps_growth_year": null,
            "eps_4q": null,
            "eps_4q_growth_year": null,
            "roe": null,
            "roe_4q": 0,
            "gross_profit": null,
            "gross_margin": null,
            "gross_margin_4q_avg": 0,
            "net_income": null,
            "net_income_4q": null,
            "revenue": null,
            "revenue_4q": null,
            "common_shares": null,
            "book_valuer_per_share": null,
            "book_valuer_per_share_4q_avg": 0,
            "equity": null,
            "current_ratio": null,
            "debt_ratio": null,
            "inventory_turnover_ratio": null,
            "account_receivable_turnover_ratio": null,
            "reinvestment_rate": null,
            "research_to_sale_ratio": null,
            "price_fair": 0,
            "eps_avg_yearly": 0,
            "eps_latest_yearly": 0,
            "eps_growth_yearly": 0
        },
        "20083": {
            "year_quarter": 20083,
            "year": 2008,
            "quarter": 3,
            "eps": null,
            "eps_growth_year": null,
            "eps_4q": null,
            "eps_4q_growth_year": null,
            "roe": null,
            "roe_4q": 0,
            "gross_profit": null,
            "gross_margin": null,
            "gross_margin_4q_avg": 0,
            "net_income": null,
            "net_income_4q": null,
            "revenue": null,
            "revenue_4q": null,
            "common_shares": null,
            "book_valuer_per_share": null,
            "book_valuer_per_share_4q_avg": 0,
            "equity": null,
            "current_ratio": null,
            "debt_ratio": null,
            "inventory_turnover_ratio": null,
            "account_receivable_turnover_ratio": null,
            "reinvestment_rate": null,
            "research_to_sale_ratio": null,
            "price_fair": 0,
            "eps_avg_yearly": 0,
            "eps_latest_yearly": 0,
            "eps_growth_yearly": 0
        },
        "20084": {
            "year_quarter": 20084,
            "year": 2008,
            "quarter": 4,
            "eps": null,
            "eps_growth_year": null,
            "eps_4q": null,
            "eps_4q_growth_year": null,
            "roe": null,
            "roe_4q": 0,
            "gross_profit": null,
            "gross_margin": null,
            "gross_margin_4q_avg": 0,
            "net_income": null,
            "net_income_4q": null,
            "revenue": null,
            "revenue_4q": null,
            "common_shares": null,
            "book_valuer_per_share": null,
            "book_valuer_per_share_4q_avg": 0,
            "equity": null,
            "current_ratio": null,
            "debt_ratio": null,
            "inventory_turnover_ratio": null,
            "account_receivable_turnover_ratio": null,
            "reinvestment_rate": null,
            "research_to_sale_ratio": null,
            "price_fair": 0,
            "eps_avg_yearly": 0,
            "eps_latest_yearly": 0,
            "eps_growth_yearly": 0
        },
        "20091": {
            "year_quarter": 20091,
            "year": 2009,
            "quarter": 1,
            "eps": null,
            "eps_growth_year": null,
            "eps_4q": null,
            "eps_4q_growth_year": null,
            "roe": null,
            "roe_4q": 0,
            "gross_profit": null,
            "gross_margin": null,
            "gross_margin_4q_avg": 0,
            "net_income": null,
            "net_income_4q": null,
            "revenue": null,
            "revenue_4q": null,
            "common_shares": null,
            "book_valuer_per_share": null,
            "book_valuer_per_share_4q_avg": 0,
            "equity": null,
            "current_ratio": null,
            "debt_ratio": null,
            "inventory_turnover_ratio": null,
            "account_receivable_turnover_ratio": null,
            "reinvestment_rate": null,
            "research_to_sale_ratio": null,
            "price_fair": 0,
            "eps_avg_yearly": 0,
            "eps_latest_yearly": 0,
            "eps_growth_yearly": 0
        },
        "20092": {
            "year_quarter": 20092,
            "year": 2009,
            "quarter": 2,
            "eps": null,
            "eps_growth_year": null,
            "eps_4q": null,
            "eps_4q_growth_year": null,
            "roe": null,
            "roe_4q": 0,
            "gross_profit": null,
            "gross_margin": null,
            "gross_margin_4q_avg": 0,
            "net_income": null,
            "net_income_4q": null,
            "revenue": null,
            "revenue_4q": null,
            "common_shares": null,
            "book_valuer_per_share": null,
            "book_valuer_per_share_4q_avg": 0,
            "equity": null,
            "current_ratio": null,
            "debt_ratio": null,
            "inventory_turnover_ratio": null,
            "account_receivable_turnover_ratio": null,
            "reinvestment_rate": null,
            "research_to_sale_ratio": null,
            "price_fair": 0,
            "eps_avg_yearly": 0,
            "eps_latest_yearly": 0,
            "eps_growth_yearly": 0
        },
        "20093": {
            "year_quarter": 20093,
            "year": 2009,
            "quarter": 3,
            "eps": null,
            "eps_growth_year": null,
            "eps_4q": null,
            "eps_4q_growth_year": null,
            "roe": null,
            "roe_4q": 0,
            "gross_profit": null,
            "gross_margin": null,
            "gross_margin_4q_avg": 0,
            "net_income": null,
            "net_income_4q": null,
            "revenue": null,
            "revenue_4q": null,
            "common_shares": null,
            "book_valuer_per_share": null,
            "book_valuer_per_share_4q_avg": 0,
            "equity": null,
            "current_ratio": null,
            "debt_ratio": null,
            "inventory_turnover_ratio": null,
            "account_receivable_turnover_ratio": null,
            "reinvestment_rate": null,
            "research_to_sale_ratio": null,
            "price_fair": 0,
            "eps_avg_yearly": 0,
            "eps_latest_yearly": 0,
            "eps_growth_yearly": 0
        },
        "20094": {
            "year_quarter": 20094,
            "year": 2009,
            "quarter": 4,
            "eps": null,
            "eps_growth_year": null,
            "eps_4q": null,
            "eps_4q_growth_year": null,
            "roe": null,
            "roe_4q": 0,
            "gross_profit": null,
            "gross_margin": null,
            "gross_margin_4q_avg": 0,
            "net_income": null,
            "net_income_4q": null,
            "revenue": null,
            "revenue_4q": null,
            "common_shares": null,
            "book_valuer_per_share": null,
            "book_valuer_per_share_4q_avg": 0,
            "equity": null,
            "current_ratio": null,
            "debt_ratio": null,
            "inventory_turnover_ratio": null,
            "account_receivable_turnover_ratio": null,
            "reinvestment_rate": null,
            "research_to_sale_ratio": null,
            "price_fair": 0,
            "eps_avg_yearly": 0,
            "eps_latest_yearly": 0,
            "eps_growth_yearly": 0
        },
        "20101": {
            "year_quarter": 20101,
            "year": 2010,
            "quarter": 1,
            "eps": null,
            "eps_growth_year": null,
            "eps_4q": null,
            "eps_4q_growth_year": null,
            "roe": null,
            "roe_4q": 0,
            "gross_profit": null,
            "gross_margin": null,
            "gross_margin_4q_avg": 0,
            "net_income": null,
            "net_income_4q": null,
            "revenue": null,
            "revenue_4q": null,
            "common_shares": null,
            "book_valuer_per_share": null,
            "book_valuer_per_share_4q_avg": 0,
            "equity": null,
            "current_ratio": null,
            "debt_ratio": null,
            "inventory_turnover_ratio": null,
            "account_receivable_turnover_ratio": null,
            "reinvestment_rate": null,
            "research_to_sale_ratio": null,
            "price_fair": 0,
            "eps_avg_yearly": 0,
            "eps_latest_yearly": 0,
            "eps_growth_yearly": 0
        },
        "20102": {
            "year_quarter": 20102,
            "year": 2010,
            "quarter": 2,
            "eps": null,
            "eps_growth_year": null,
            "eps_4q": null,
            "eps_4q_growth_year": null,
            "roe": null,
            "roe_4q": 0,
            "gross_profit": null,
            "gross_margin": null,
            "gross_margin_4q_avg": 0,
            "net_income": null,
            "net_income_4q": null,
            "revenue": null,
            "revenue_4q": null,
            "common_shares": null,
            "book_valuer_per_share": null,
            "book_valuer_per_share_4q_avg": 0,
            "equity": null,
            "current_ratio": null,
            "debt_ratio": null,
            "inventory_turnover_ratio": null,
            "account_receivable_turnover_ratio": null,
            "reinvestment_rate": null,
            "research_to_sale_ratio": null,
            "price_fair": 0,
            "eps_avg_yearly": 0,
            "eps_latest_yearly": 0,
            "eps_growth_yearly": 0
        },
        "20103": {
            "year_quarter": 20103,
            "year": 2010,
            "quarter": 3,
            "eps": null,
            "eps_growth_year": null,
            "eps_4q": null,
            "eps_4q_growth_year": null,
            "roe": null,
            "roe_4q": 0,
            "gross_profit": null,
            "gross_margin": null,
            "gross_margin_4q_avg": 0,
            "net_income": null,
            "net_income_4q": null,
            "revenue": null,
            "revenue_4q": null,
            "common_shares": null,
            "book_valuer_per_share": null,
            "book_valuer_per_share_4q_avg": 0,
            "equity": null,
            "current_ratio": null,
            "debt_ratio": null,
            "inventory_turnover_ratio": null,
            "account_receivable_turnover_ratio": null,
            "reinvestment_rate": null,
            "research_to_sale_ratio": null,
            "price_fair": 0,
            "eps_avg_yearly": 0,
            "eps_latest_yearly": 0,
            "eps_growth_yearly": 0
        },
        "20104": {
            "year_quarter": 20104,
            "year": 2010,
            "quarter": 4,
            "eps": null,
            "eps_growth_year": null,
            "eps_4q": null,
            "eps_4q_growth_year": null,
            "roe": null,
            "roe_4q": 0,
            "gross_profit": null,
            "gross_margin": null,
            "gross_margin_4q_avg": 0,
            "net_income": null,
            "net_income_4q": null,
            "revenue": null,
            "revenue_4q": null,
            "common_shares": null,
            "book_valuer_per_share": null,
            "book_valuer_per_share_4q_avg": 0,
            "equity": null,
            "current_ratio": null,
            "debt_ratio": null,
            "inventory_turnover_ratio": null,
            "account_receivable_turnover_ratio": null,
            "reinvestment_rate": null,
            "research_to_sale_ratio": null,
            "price_fair": 0,
            "eps_avg_yearly": 0,
            "eps_latest_yearly": 0,
            "eps_growth_yearly": 0
        },
        "20111": {
            "year_quarter": 20111,
            "year": 2011,
            "quarter": 1,
            "eps": null,
            "eps_growth_year": null,
            "eps_4q": null,
            "eps_4q_growth_year": null,
            "roe": null,
            "roe_4q": 0,
            "gross_profit": null,
            "gross_margin": null,
            "gross_margin_4q_avg": 0,
            "net_income": null,
            "net_income_4q": null,
            "revenue": null,
            "revenue_4q": null,
            "common_shares": null,
            "book_valuer_per_share": null,
            "book_valuer_per_share_4q_avg": 0,
            "equity": null,
            "current_ratio": null,
            "debt_ratio": null,
            "inventory_turnover_ratio": null,
            "account_receivable_turnover_ratio": null,
            "reinvestment_rate": null,
            "research_to_sale_ratio": null,
            "price_fair": 0,
            "eps_avg_yearly": 0,
            "eps_latest_yearly": 0,
            "eps_growth_yearly": 0
        },
        "20112": {
            "year_quarter": 20112,
            "year": 2011,
            "quarter": 2,
            "eps": null,
            "eps_growth_year": null,
            "eps_4q": null,
            "eps_4q_growth_year": null,
            "roe": null,
            "roe_4q": 0,
            "gross_profit": null,
            "gross_margin": null,
            "gross_margin_4q_avg": 0,
            "net_income": null,
            "net_income_4q": null,
            "revenue": null,
            "revenue_4q": null,
            "common_shares": null,
            "book_valuer_per_share": null,
            "book_valuer_per_share_4q_avg": 0,
            "equity": null,
            "current_ratio": null,
            "debt_ratio": null,
            "inventory_turnover_ratio": null,
            "account_receivable_turnover_ratio": null,
            "reinvestment_rate": null,
            "research_to_sale_ratio": null,
            "price_fair": 0,
            "eps_avg_yearly": 0,
            "eps_latest_yearly": 0,
            "eps_growth_yearly": 0
        },
        "20113": {
            "year_quarter": 20113,
            "year": 2011,
            "quarter": 3,
            "eps": null,
            "eps_growth_year": null,
            "eps_4q": null,
            "eps_4q_growth_year": null,
            "roe": null,
            "roe_4q": 0,
            "gross_profit": null,
            "gross_margin": null,
            "gross_margin_4q_avg": 0,
            "net_income": null,
            "net_income_4q": null,
            "revenue": null,
            "revenue_4q": null,
            "common_shares": null,
            "book_valuer_per_share": null,
            "book_valuer_per_share_4q_avg": 0,
            "equity": null,
            "current_ratio": null,
            "debt_ratio": null,
            "inventory_turnover_ratio": null,
            "account_receivable_turnover_ratio": null,
            "reinvestment_rate": null,
            "research_to_sale_ratio": null,
            "price_fair": 0,
            "eps_avg_yearly": 0,
            "eps_latest_yearly": 0,
            "eps_growth_yearly": 0
        },
        "20114": {
            "year_quarter": 20114,
            "year": 2011,
            "quarter": 4,
            "eps": null,
            "eps_growth_year": null,
            "eps_4q": null,
            "eps_4q_growth_year": null,
            "roe": null,
            "roe_4q": 0,
            "gross_profit": null,
            "gross_margin": null,
            "gross_margin_4q_avg": 0,
            "net_income": null,
            "net_income_4q": null,
            "revenue": null,
            "revenue_4q": null,
            "common_shares": null,
            "book_valuer_per_share": null,
            "book_valuer_per_share_4q_avg": 0,
            "equity": null,
            "current_ratio": null,
            "debt_ratio": null,
            "inventory_turnover_ratio": null,
            "account_receivable_turnover_ratio": null,
            "reinvestment_rate": null,
            "research_to_sale_ratio": null,
            "price_fair": 0,
            "eps_avg_yearly": 0,
            "eps_latest_yearly": 0,
            "eps_growth_yearly": 0
        },
        "20121": {
            "year_quarter": 20121,
            "year": 2012,
            "quarter": 1,
            "eps": null,
            "eps_growth_year": null,
            "eps_4q": null,
            "eps_4q_growth_year": null,
            "roe": null,
            "roe_4q": 0,
            "gross_profit": null,
            "gross_margin": null,
            "gross_margin_4q_avg": 0,
            "net_income": null,
            "net_income_4q": null,
            "revenue": null,
            "revenue_4q": null,
            "common_shares": null,
            "book_valuer_per_share": null,
            "book_valuer_per_share_4q_avg": 0,
            "equity": null,
            "current_ratio": null,
            "debt_ratio": null,
            "inventory_turnover_ratio": null,
            "account_receivable_turnover_ratio": null,
            "reinvestment_rate": null,
            "research_to_sale_ratio": null,
            "price_fair": 0,
            "eps_avg_yearly": 0,
            "eps_latest_yearly": 0,
            "eps_growth_yearly": 0
        },
        "20122": {
            "year_quarter": 20122,
            "year": 2012,
            "quarter": 2,
            "eps": null,
            "eps_growth_year": null,
            "eps_4q": null,
            "eps_4q_growth_year": null,
            "roe": null,
            "roe_4q": 0,
            "gross_profit": null,
            "gross_margin": null,
            "gross_margin_4q_avg": 0,
            "net_income": null,
            "net_income_4q": null,
            "revenue": null,
            "revenue_4q": null,
            "common_shares": null,
            "book_valuer_per_share": null,
            "book_valuer_per_share_4q_avg": 0,
            "equity": null,
            "current_ratio": null,
            "debt_ratio": null,
            "inventory_turnover_ratio": null,
            "account_receivable_turnover_ratio": null,
            "reinvestment_rate": null,
            "research_to_sale_ratio": null,
            "price_fair": 0,
            "eps_avg_yearly": 0,
            "eps_latest_yearly": 0,
            "eps_growth_yearly": 0
        },
        "20123": {
            "year_quarter": 20123,
            "year": 2012,
            "quarter": 3,
            "eps": null,
            "eps_growth_year": null,
            "eps_4q": null,
            "eps_4q_growth_year": null,
            "roe": null,
            "roe_4q": 0,
            "gross_profit": null,
            "gross_margin": null,
            "gross_margin_4q_avg": 0,
            "net_income": null,
            "net_income_4q": null,
            "revenue": null,
            "revenue_4q": null,
            "common_shares": null,
            "book_valuer_per_share": null,
            "book_valuer_per_share_4q_avg": 0,
            "equity": null,
            "current_ratio": null,
            "debt_ratio": null,
            "inventory_turnover_ratio": null,
            "account_receivable_turnover_ratio": null,
            "reinvestment_rate": null,
            "research_to_sale_ratio": null,
            "price_fair": 0,
            "eps_avg_yearly": 0,
            "eps_latest_yearly": 0,
            "eps_growth_yearly": 0
        },
        "20124": {
            "year_quarter": 20124,
            "year": 2012,
            "quarter": 4,
            "eps": null,
            "eps_growth_year": null,
            "eps_4q": null,
            "eps_4q_growth_year": null,
            "roe": null,
            "roe_4q": 0,
            "gross_profit": null,
            "gross_margin": null,
            "gross_margin_4q_avg": 0,
            "net_income": null,
            "net_income_4q": null,
            "revenue": null,
            "revenue_4q": null,
            "common_shares": null,
            "book_valuer_per_share": null,
            "book_valuer_per_share_4q_avg": 0,
            "equity": null,
            "current_ratio": null,
            "debt_ratio": null,
            "inventory_turnover_ratio": null,
            "account_receivable_turnover_ratio": null,
            "reinvestment_rate": null,
            "research_to_sale_ratio": null,
            "price_fair": 0,
            "eps_avg_yearly": 0,
            "eps_latest_yearly": 0,
            "eps_growth_yearly": 0
        },
        "20131": {
            "year_quarter": 20131,
            "year": 2013,
            "quarter": 1,
            "eps": null,
            "eps_growth_year": null,
            "eps_4q": null,
            "eps_4q_growth_year": null,
            "roe": null,
            "roe_4q": 0,
            "gross_profit": null,
            "gross_margin": null,
            "gross_margin_4q_avg": 0,
            "net_income": null,
            "net_income_4q": null,
            "revenue": null,
            "revenue_4q": null,
            "common_shares": null,
            "book_valuer_per_share": null,
            "book_valuer_per_share_4q_avg": 0,
            "equity": null,
            "current_ratio": null,
            "debt_ratio": null,
            "inventory_turnover_ratio": null,
            "account_receivable_turnover_ratio": null,
            "reinvestment_rate": null,
            "research_to_sale_ratio": null,
            "price_fair": 0,
            "eps_avg_yearly": 0,
            "eps_latest_yearly": 0,
            "eps_growth_yearly": 0
        },
        "20132": {
            "year_quarter": 20132,
            "year": 2013,
            "quarter": 2,
            "eps": null,
            "eps_growth_year": null,
            "eps_4q": null,
            "eps_4q_growth_year": null,
            "roe": null,
            "roe_4q": 0,
            "gross_profit": null,
            "gross_margin": null,
            "gross_margin_4q_avg": 0,
            "net_income": null,
            "net_income_4q": null,
            "revenue": null,
            "revenue_4q": null,
            "common_shares": null,
            "book_valuer_per_share": null,
            "book_valuer_per_share_4q_avg": 0,
            "equity": null,
            "current_ratio": null,
            "debt_ratio": null,
            "inventory_turnover_ratio": null,
            "account_receivable_turnover_ratio": null,
            "reinvestment_rate": null,
            "research_to_sale_ratio": null,
            "price_fair": 0,
            "eps_avg_yearly": 0,
            "eps_latest_yearly": 0,
            "eps_growth_yearly": 0
        },
        "20133": {
            "year_quarter": 20133,
            "year": 2013,
            "quarter": 3,
            "eps": null,
            "eps_growth_year": null,
            "eps_4q": null,
            "eps_4q_growth_year": null,
            "roe": null,
            "roe_4q": 0,
            "gross_profit": null,
            "gross_margin": null,
            "gross_margin_4q_avg": 0,
            "net_income": null,
            "net_income_4q": null,
            "revenue": null,
            "revenue_4q": null,
            "common_shares": null,
            "book_valuer_per_share": null,
            "book_valuer_per_share_4q_avg": 0,
            "equity": null,
            "current_ratio": null,
            "debt_ratio": null,
            "inventory_turnover_ratio": null,
            "account_receivable_turnover_ratio": null,
            "reinvestment_rate": null,
            "research_to_sale_ratio": null,
            "price_fair": 0,
            "eps_avg_yearly": 0,
            "eps_latest_yearly": 0,
            "eps_growth_yearly": 0
        },
        "20134": {
            "year_quarter": 20134,
            "year": 2013,
            "quarter": 4,
            "eps": null,
            "eps_growth_year": null,
            "eps_4q": null,
            "eps_4q_growth_year": null,
            "roe": null,
            "roe_4q": 0,
            "gross_profit": null,
            "gross_margin": null,
            "gross_margin_4q_avg": 0,
            "net_income": null,
            "net_income_4q": null,
            "revenue": null,
            "revenue_4q": null,
            "common_shares": null,
            "book_valuer_per_share": null,
            "book_valuer_per_share_4q_avg": 0,
            "equity": null,
            "current_ratio": null,
            "debt_ratio": null,
            "inventory_turnover_ratio": null,
            "account_receivable_turnover_ratio": null,
            "reinvestment_rate": null,
            "research_to_sale_ratio": null,
            "price_fair": 0,
            "eps_avg_yearly": 0,
            "eps_latest_yearly": 0,
            "eps_growth_yearly": 0
        },
        "20141": {
            "year_quarter": 20141,
            "year": 2014,
            "quarter": 1,
            "eps": -0.31,
            "eps_growth_year": null,
            "eps_4q": null,
            "eps_4q_growth_year": null,
            "roe": null,
            "roe_4q": 0,
            "gross_profit": 976000,
            "gross_margin": 52.08,
            "gross_margin_4q_avg": 13.02,
            "net_income": -382000,
            "net_income_4q": null,
            "revenue": 1874000,
            "revenue_4q": null,
            "common_shares": null,
            "book_valuer_per_share": null,
            "book_valuer_per_share_4q_avg": 0,
            "equity": null,
            "current_ratio": null,
            "debt_ratio": null,
            "inventory_turnover_ratio": null,
            "account_receivable_turnover_ratio": null,
            "reinvestment_rate": null,
            "research_to_sale_ratio": 10.57,
            "price_fair": 0,
            "eps_avg_yearly": 0,
            "eps_latest_yearly": 0,
            "eps_growth_yearly": 0
        },
        "20142": {
            "year_quarter": 20142,
            "year": 2014,
            "quarter": 2,
            "eps": 0.23,
            "eps_growth_year": null,
            "eps_4q": null,
            "eps_4q_growth_year": null,
            "roe": null,
            "roe_4q": 0,
            "gross_profit": 1051000,
            "gross_margin": 53,
            "gross_margin_4q_avg": 26.27,
            "net_income": 281000,
            "net_income_4q": null,
            "revenue": 1983000,
            "revenue_4q": null,
            "common_shares": null,
            "book_valuer_per_share": null,
            "book_valuer_per_share_4q_avg": 0,
            "equity": null,
            "current_ratio": null,
            "debt_ratio": null,
            "inventory_turnover_ratio": null,
            "account_receivable_turnover_ratio": null,
            "reinvestment_rate": null,
            "research_to_sale_ratio": 11.14,
            "price_fair": 0,
            "eps_avg_yearly": 0,
            "eps_latest_yearly": 0,
            "eps_growth_yearly": 0
        },
        "20143": {
            "year_quarter": 20143,
            "year": 2014,
            "quarter": 3,
            "eps": 0.19,
            "eps_growth_year": null,
            "eps_4q": null,
            "eps_4q_growth_year": null,
            "roe": null,
            "roe_4q": 0,
            "gross_profit": 1001000,
            "gross_margin": 50.68,
            "gross_margin_4q_avg": 38.94,
            "net_income": 234000,
            "net_income_4q": null,
            "revenue": 1975000,
            "revenue_4q": null,
            "common_shares": null,
            "book_valuer_per_share": null,
            "book_valuer_per_share_4q_avg": 0,
            "equity": null,
            "current_ratio": null,
            "debt_ratio": null,
            "inventory_turnover_ratio": null,
            "account_receivable_turnover_ratio": null,
            "reinvestment_rate": null,
            "research_to_sale_ratio": 11.75,
            "price_fair": 2.28,
            "eps_avg_yearly": 0.76,
            "eps_latest_yearly": 0.76,
            "eps_growth_yearly": -69.57
        },
        "20144": {
            "year_quarter": 20144,
            "year": 2014,
            "quarter": 4,
            "eps": 0.23,
            "eps_growth_year": null,
            "eps_4q": 0.34,
            "eps_4q_growth_year": null,
            "roe": null,
            "roe_4q": 0,
            "gross_profit": 1190000,
            "gross_margin": 54.26,
            "gross_margin_4q_avg": 52.51,
            "net_income": 286000,
            "net_income_4q": null,
            "revenue": 2193000,
            "revenue_4q": null,
            "common_shares": null,
            "book_valuer_per_share": 4.02,
            "book_valuer_per_share_4q_avg": 1.01,
            "equity": 8248000,
            "current_ratio": 132.24,
            "debt_ratio": 62.37,
            "inventory_turnover_ratio": null,
            "account_receivable_turnover_ratio": null,
            "reinvestment_rate": null,
            "research_to_sale_ratio": 4.38,
            "price_fair": 14.55,
            "eps_avg_yearly": 0.84,
            "eps_latest_yearly": 0.92,
            "eps_growth_yearly": 7.32
        },
        "20151": {
            "year_quarter": 20151,
            "year": 2015,
            "quarter": 1,
            "eps": 0.24,
            "eps_growth_year": null,
            "eps_4q": 0.9,
            "eps_4q_growth_year": null,
            "roe": 3.02,
            "roe_4q": 3.02,
            "gross_profit": 1109000,
            "gross_margin": 51.9,
            "gross_margin_4q_avg": 52.46,
            "net_income": 255000,
            "net_income_4q": null,
            "revenue": 2137000,
            "revenue_4q": null,
            "common_shares": null,
            "book_valuer_per_share": 4.36,
            "book_valuer_per_share_4q_avg": 2.1,
            "equity": 8640000,
            "current_ratio": 134.38,
            "debt_ratio": 61.73,
            "inventory_turnover_ratio": null,
            "account_receivable_turnover_ratio": 0.14,
            "reinvestment_rate": null,
            "research_to_sale_ratio": 10.48,
            "price_fair": 18.2,
            "eps_avg_yearly": 0.88,
            "eps_latest_yearly": 0.96,
            "eps_growth_yearly": 10.68
        },
        "20152": {
            "year_quarter": 20152,
            "year": 2015,
            "quarter": 2,
            "eps": 0.25,
            "eps_growth_year": 9.16,
            "eps_4q": 0.92,
            "eps_4q_growth_year": null,
            "roe": 2.85,
            "roe_4q": 5.87,
            "gross_profit": 1170000,
            "gross_margin": 50.94,
            "gross_margin_4q_avg": 51.95,
            "net_income": 305000,
            "net_income_4q": null,
            "revenue": 2297000,
            "revenue_4q": null,
            "common_shares": null,
            "book_valuer_per_share": 7.62,
            "book_valuer_per_share_4q_avg": 4,
            "equity": 12740000,
            "current_ratio": 156.65,
            "debt_ratio": 52.66,
            "inventory_turnover_ratio": null,
            "account_receivable_turnover_ratio": 0.15,
            "reinvestment_rate": null,
            "research_to_sale_ratio": 10.49,
            "price_fair": 20.18,
            "eps_avg_yearly": 0.91,
            "eps_latest_yearly": 1,
            "eps_growth_yearly": 12.18
        },
        "20153": {
            "year_quarter": 20153,
            "year": 2015,
            "quarter": 3,
            "eps": 0.25,
            "eps_growth_year": 28.31,
            "eps_4q": 0.97,
            "eps_4q_growth_year": null,
            "roe": 2.32,
            "roe_4q": 8.19,
            "gross_profit": 1089000,
            "gross_margin": 48.23,
            "gross_margin_4q_avg": 51.33,
            "net_income": 301000,
            "net_income_4q": null,
            "revenue": 2258000,
            "revenue_4q": null,
            "common_shares": 0,
            "book_valuer_per_share": 7.88,
            "book_valuer_per_share_4q_avg": 5.97,
            "equity": 13214000,
            "current_ratio": 157.24,
            "debt_ratio": 52.63,
            "inventory_turnover_ratio": null,
            "account_receivable_turnover_ratio": 0.15,
            "reinvestment_rate": null,
            "research_to_sale_ratio": 10.19,
            "price_fair": 18.32,
            "eps_avg_yearly": 0.93,
            "eps_latest_yearly": 1,
            "eps_growth_yearly": 9.74
        },
        "20154": {
            "year_quarter": 20154,
            "year": 2015,
            "quarter": 4,
            "eps": 0.3,
            "eps_growth_year": 26.46,
            "eps_4q": 1.03,
            "eps_4q_growth_year": 201.88,
            "roe": 2.72,
            "roe_4q": 10.91,
            "gross_profit": 1351000,
            "gross_margin": 52.86,
            "gross_margin_4q_avg": 50.98,
            "net_income": 367000,
            "net_income_4q": null,
            "revenue": 2556000,
            "revenue_4q": null,
            "common_shares": 0,
            "book_valuer_per_share": 7.62,
            "book_valuer_per_share_4q_avg": 6.87,
            "equity": 13759000,
            "current_ratio": 151.63,
            "debt_ratio": 52.36,
            "inventory_turnover_ratio": null,
            "account_receivable_turnover_ratio": 0.16,
            "reinvestment_rate": null,
            "research_to_sale_ratio": 3.79,
            "price_fair": 30.61,
            "eps_avg_yearly": 0.97,
            "eps_latest_yearly": 1.2,
            "eps_growth_yearly": 21.45
        },
        "20161": {
            "year_quarter": 20161,
            "year": 2016,
            "quarter": 1,
            "eps": 0.3,
            "eps_growth_year": 24.01,
            "eps_4q": 1.09,
            "eps_4q_growth_year": 21.76,
            "roe": 2.67,
            "roe_4q": 10.56,
            "gross_profit": 1241000,
            "gross_margin": 48.78,
            "gross_margin_4q_avg": 50.2,
            "net_income": 365000,
            "net_income_4q": null,
            "revenue": 2544000,
            "revenue_4q": null,
            "common_shares": 0,
            "book_valuer_per_share": 7.62,
            "book_valuer_per_share_4q_avg": 7.69,
            "equity": 13598000,
            "current_ratio": 152.96,
            "debt_ratio": 53.86,
            "inventory_turnover_ratio": null,
            "account_receivable_turnover_ratio": 0.15,
            "reinvestment_rate": null,
            "research_to_sale_ratio": 7.67,
            "price_fair": 28.55,
            "eps_avg_yearly": 1.01,
            "eps_latest_yearly": 1.2,
            "eps_growth_yearly": 18.39
        },
        "20162": {
            "year_quarter": 20162,
            "year": 2016,
            "quarter": 2,
            "eps": 0.27,
            "eps_growth_year": 6.07,
            "eps_4q": 1.11,
            "eps_4q_growth_year": 20.63,
            "roe": 2.36,
            "roe_4q": 10.07,
            "gross_profit": 1267000,
            "gross_margin": 47.81,
            "gross_margin_4q_avg": 49.42,
            "net_income": 323000,
            "net_income_4q": null,
            "revenue": 2650000,
            "revenue_4q": null,
            "common_shares": 0,
            "book_valuer_per_share": 7.84,
            "book_valuer_per_share_4q_avg": 7.74,
            "equity": 13817000,
            "current_ratio": 154.09,
            "debt_ratio": 54.89,
            "inventory_turnover_ratio": null,
            "account_receivable_turnover_ratio": 0.15,
            "reinvestment_rate": null,
            "research_to_sale_ratio": 7.89,
            "price_fair": 21.4,
            "eps_avg_yearly": 1.02,
            "eps_latest_yearly": 1.08,
            "eps_growth_yearly": 11.09
        },
        "20163": {
            "year_quarter": 20163,
            "year": 2016,
            "quarter": 3,
            "eps": 0.27,
            "eps_growth_year": 8.46,
            "eps_4q": 1.13,
            "eps_4q_growth_year": 16.04,
            "roe": 2.31,
            "roe_4q": 10.06,
            "gross_profit": 1241000,
            "gross_margin": 46.53,
            "gross_margin_4q_avg": 49,
            "net_income": 323000,
            "net_income_4q": null,
            "revenue": 2667000,
            "revenue_4q": null,
            "common_shares": 0,
            "book_valuer_per_share": 8.19,
            "book_valuer_per_share_4q_avg": 7.82,
            "equity": 14192000,
            "current_ratio": 154.72,
            "debt_ratio": 54.74,
            "inventory_turnover_ratio": null,
            "account_receivable_turnover_ratio": 0.15,
            "reinvestment_rate": null,
            "research_to_sale_ratio": 8.06,
            "price_fair": 20.3,
            "eps_avg_yearly": 1.02,
            "eps_latest_yearly": 1.08,
            "eps_growth_yearly": 9.86
        },
        "20164": {
            "year_quarter": 20164,
            "year": 2016,
            "quarter": 4,
            "eps": 0.32,
            "eps_growth_year": 8.01,
            "eps_4q": 1.15,
            "eps_4q_growth_year": 11.37,
            "roe": 2.7,
            "roe_4q": 10.04,
            "gross_profit": 1392000,
            "gross_margin": 46.7,
            "gross_margin_4q_avg": 47.46,
            "net_income": 390000,
            "net_income_4q": null,
            "revenue": 2981000,
            "revenue_4q": null,
            "common_shares": 0,
            "book_valuer_per_share": 8.65,
            "book_valuer_per_share_4q_avg": 8.08,
            "equity": 14712000,
            "current_ratio": 152.46,
            "debt_ratio": 55.56,
            "inventory_turnover_ratio": null,
            "account_receivable_turnover_ratio": 0.16,
            "reinvestment_rate": null,
            "research_to_sale_ratio": 7.21,
            "price_fair": 27.54,
            "eps_avg_yearly": 1.05,
            "eps_latest_yearly": 1.28,
            "eps_growth_yearly": 16.28
        },
        "20171": {
            "year_quarter": 20171,
            "year": 2017,
            "quarter": 1,
            "eps": 0.34,
            "eps_growth_year": 15.66,
            "eps_4q": 1.2,
            "eps_4q_growth_year": 9.76,
            "roe": 2.62,
            "roe_4q": 9.99,
            "gross_profit": 1371000,
            "gross_margin": 46.08,
            "gross_margin_4q_avg": 46.78,
            "net_income": 384000,
            "net_income_4q": null,
            "revenue": 2975000,
            "revenue_4q": null,
            "common_shares": 0,
            "book_valuer_per_share": 8.68,
            "book_valuer_per_share_4q_avg": 8.34,
            "equity": 14626000,
            "current_ratio": 147.08,
            "debt_ratio": 56.33,
            "inventory_turnover_ratio": null,
            "account_receivable_turnover_ratio": 0.15,
            "reinvestment_rate": null,
            "research_to_sale_ratio": 7.19,
            "price_fair": 29.14,
            "eps_avg_yearly": 1.08,
            "eps_latest_yearly": 1.36,
            "eps_growth_yearly": 17.07
        },
        "20172": {
            "year_quarter": 20172,
            "year": 2017,
            "quarter": 2,
            "eps": 0.34,
            "eps_growth_year": 27.25,
            "eps_4q": 1.27,
            "eps_4q_growth_year": 14.8,
            "roe": 2.77,
            "roe_4q": 10.4,
            "gross_profit": 1429000,
            "gross_margin": 45.57,
            "gross_margin_4q_avg": 46.22,
            "net_income": 411000,
            "net_income_4q": null,
            "revenue": 3136000,
            "revenue_4q": null,
            "common_shares": 0,
            "book_valuer_per_share": 8.98,
            "book_valuer_per_share_4q_avg": 8.63,
            "equity": 14998000,
            "current_ratio": 145.03,
            "debt_ratio": 57.5,
            "inventory_turnover_ratio": null,
            "account_receivable_turnover_ratio": 0.15,
            "reinvestment_rate": null,
            "research_to_sale_ratio": 7.4,
            "price_fair": 28.21,
            "eps_avg_yearly": 1.1,
            "eps_latest_yearly": 1.36,
            "eps_growth_yearly": 15.65
        },
        "20173": {
            "year_quarter": 20173,
            "year": 2017,
            "quarter": 3,
            "eps": 0.31,
            "eps_growth_year": 16.78,
            "eps_4q": 1.31,
            "eps_4q_growth_year": 16.65,
            "roe": 2.5,
            "roe_4q": 10.59,
            "gross_profit": 1428000,
            "gross_margin": 44.09,
            "gross_margin_4q_avg": 45.61,
            "net_income": 380000,
            "net_income_4q": null,
            "revenue": 3239000,
            "revenue_4q": null,
            "common_shares": 0,
            "book_valuer_per_share": 9.05,
            "book_valuer_per_share_4q_avg": 8.84,
            "equity": 15432000,
            "current_ratio": 142.19,
            "debt_ratio": 59.13,
            "inventory_turnover_ratio": null,
            "account_receivable_turnover_ratio": 0.14,
            "reinvestment_rate": null,
            "research_to_sale_ratio": 7.41,
            "price_fair": 24.14,
            "eps_avg_yearly": 1.11,
            "eps_latest_yearly": 1.24,
            "eps_growth_yearly": 11.73
        },
        "20174": {
            "year_quarter": 20174,
            "year": 2017,
            "quarter": 4,
            "eps": 0.72,
            "eps_growth_year": 124.75,
            "eps_4q": 1.71,
            "eps_4q_growth_year": 48.97,
            "roe": 5.09,
            "roe_4q": 12.98,
            "gross_profit": 2072000,
            "gross_margin": 55.34,
            "gross_margin_4q_avg": 47.77,
            "net_income": 800000,
            "net_income_4q": null,
            "revenue": 3744000,
            "revenue_4q": null,
            "common_shares": 0,
            "book_valuer_per_share": 9.57,
            "book_valuer_per_share_4q_avg": 9.07,
            "equity": 15994000,
            "current_ratio": 142.79,
            "debt_ratio": 60.77,
            "inventory_turnover_ratio": null,
            "account_receivable_turnover_ratio": 0.15,
            "reinvestment_rate": null,
            "research_to_sale_ratio": 7.13,
            "price_fair": 43.3,
            "eps_avg_yearly": 1.24,
            "eps_latest_yearly": 2.88,
            "eps_growth_yearly": 48.68
        },
        "20181": {
            "year_quarter": 20181,
            "year": 2018,
            "quarter": 1,
            "eps": 0.56,
            "eps_growth_year": 62.36,
            "eps_4q": 1.93,
            "eps_4q_growth_year": 61.12,
            "roe": 3.36,
            "roe_4q": 13.719999999999999,
            "gross_profit": 1754000,
            "gross_margin": 47.6,
            "gross_margin_4q_avg": 48.15,
            "net_income": 514000,
            "net_income_4q": null,
            "revenue": 3685000,
            "revenue_4q": null,
            "common_shares": 0,
            "book_valuer_per_share": 8.59,
            "book_valuer_per_share_4q_avg": 9.05,
            "equity": 14641000,
            "current_ratio": 135.11,
            "debt_ratio": 65.41,
            "inventory_turnover_ratio": null,
            "account_receivable_turnover_ratio": 0.14,
            "reinvestment_rate": null,
            "research_to_sale_ratio": 7,
            "price_fair": 45.64,
            "eps_avg_yearly": 1.3,
            "eps_latest_yearly": 2.24,
            "eps_growth_yearly": 39.51
        },
        "20182": {
            "year_quarter": 20182,
            "year": 2018,
            "quarter": 2,
            "eps": 0.55,
            "eps_growth_year": 63.38,
            "eps_4q": 2.14,
            "eps_4q_growth_year": 68.82,
            "roe": 3.76,
            "roe_4q": 14.709999999999999,
            "gross_profit": 1804000,
            "gross_margin": 46.77,
            "gross_margin_4q_avg": 48.45,
            "net_income": 558000,
            "net_income_4q": null,
            "revenue": 3857000,
            "revenue_4q": null,
            "common_shares": 0,
            "book_valuer_per_share": 8.92,
            "book_valuer_per_share_4q_avg": 9.03,
            "equity": 15019000,
            "current_ratio": 137.79,
            "debt_ratio": 63.96,
            "inventory_turnover_ratio": null,
            "account_receivable_turnover_ratio": 0.14,
            "reinvestment_rate": null,
            "research_to_sale_ratio": 6.61,
            "price_fair": 47.6,
            "eps_avg_yearly": 1.36,
            "eps_latest_yearly": 2.2,
            "eps_growth_yearly": 36.59
        },
        "20183": {
            "year_quarter": 20183,
            "year": 2018,
            "quarter": 3,
            "eps": 0.42,
            "eps_growth_year": 33.98,
            "eps_4q": 2.25,
            "eps_4q_growth_year": 71.12,
            "roe": 2.91,
            "roe_4q": 15.12,
            "gross_profit": 1655000,
            "gross_margin": 44.94,
            "gross_margin_4q_avg": 48.66,
            "net_income": 439000,
            "net_income_4q": null,
            "revenue": 3683000,
            "revenue_4q": null,
            "common_shares": 0,
            "book_valuer_per_share": 7.11,
            "book_valuer_per_share_4q_avg": 8.55,
            "equity": 15115000,
            "current_ratio": 127.59,
            "debt_ratio": 65.43,
            "inventory_turnover_ratio": null,
            "account_receivable_turnover_ratio": 0.14,
            "reinvestment_rate": 25.61,
            "research_to_sale_ratio": 7.3,
            "price_fair": 49.61,
            "eps_avg_yearly": 1.42,
            "eps_latest_yearly": 1.68,
            "eps_growth_yearly": 35.03
        },
        "20184": {
            "year_quarter": 20184,
            "year": 2018,
            "quarter": 4,
            "eps": 0.5,
            "eps_growth_year": -31.15,
            "eps_4q": 2.02,
            "eps_4q_growth_year": 18.13,
            "roe": 3.71,
            "roe_4q": 13.739999999999998,
            "gross_profit": 1901000,
            "gross_margin": 44.98,
            "gross_margin_4q_avg": 46.07,
            "net_income": 566000,
            "net_income_4q": null,
            "revenue": 4226000,
            "revenue_4q": null,
            "common_shares": 0,
            "book_valuer_per_share": 7.05,
            "book_valuer_per_share_4q_avg": 7.92,
            "equity": 15386000,
            "current_ratio": 127.25,
            "debt_ratio": 64.49,
            "inventory_turnover_ratio": null,
            "account_receivable_turnover_ratio": 0.18,
            "reinvestment_rate": 25.07,
            "research_to_sale_ratio": 6.84,
            "price_fair": 51.98,
            "eps_avg_yearly": 1.49,
            "eps_latest_yearly": 2,
            "eps_growth_yearly": 34.53
        },
        "20191": {
            "year_quarter": 20191,
            "year": 2019,
            "quarter": 1,
            "eps": 0.68,
            "eps_growth_year": 21.47,
            "eps_4q": 2.14,
            "eps_4q_growth_year": 11.2,
            "roe": 4.37,
            "roe_4q": 14.75,
            "gross_profit": 1850000,
            "gross_margin": 44.82,
            "gross_margin_4q_avg": 45.38,
            "net_income": 667000,
            "net_income_4q": null,
            "revenue": 4128000,
            "revenue_4q": null,
            "common_shares": 127,
            "book_valuer_per_share": 6.97,
            "book_valuer_per_share_4q_avg": 7.51,
            "equity": 15157000,
            "current_ratio": 121.85,
            "debt_ratio": 67.25,
            "inventory_turnover_ratio": null,
            "account_receivable_turnover_ratio": 0.17,
            "reinvestment_rate": -1.73,
            "research_to_sale_ratio": 12.38,
            "price_fair": 55.83,
            "eps_avg_yearly": 1.6,
            "eps_latest_yearly": 2.72,
            "eps_growth_yearly": 42.44
        },
        "20192": {
            "year_quarter": 20192,
            "year": 2019,
            "quarter": 2,
            "eps": 0.69,
            "eps_growth_year": 25.19,
            "eps_4q": 2.28,
            "eps_4q_growth_year": 6.57,
            "roe": 5.26,
            "roe_4q": 16.25,
            "gross_profit": 1961000,
            "gross_margin": 45.55,
            "gross_margin_4q_avg": 45.07,
            "net_income": 823000,
            "net_income_4q": null,
            "revenue": 4305000,
            "revenue_4q": null,
            "common_shares": 127,
            "book_valuer_per_share": 7.82,
            "book_valuer_per_share_4q_avg": 7.24,
            "equity": 16139000,
            "current_ratio": 122.07,
            "debt_ratio": 66.65,
            "inventory_turnover_ratio": null,
            "account_receivable_turnover_ratio": 0.16,
            "reinvestment_rate": 4.05,
            "research_to_sale_ratio": 11.22,
            "price_fair": 59.68,
            "eps_avg_yearly": 1.71,
            "eps_latest_yearly": 2.76,
            "eps_growth_yearly": 41.77
        },
        "20193": {
            "year_quarter": 20193,
            "year": 2019,
            "quarter": 3,
            "eps": 0.39,
            "eps_growth_year": -6.58,
            "eps_4q": 2.26,
            "eps_4q_growth_year": 0.35,
            "roe": 2.83,
            "roe_4q": 16.17,
            "gross_profit": 1947000,
            "gross_margin": 44.47,
            "gross_margin_4q_avg": 44.96,
            "net_income": 462000,
            "net_income_4q": null,
            "revenue": 4378000,
            "revenue_4q": null,
            "common_shares": 127,
            "book_valuer_per_share": 8.24,
            "book_valuer_per_share_4q_avg": 7.52,
            "equity": 16483000,
            "current_ratio": 143.31,
            "debt_ratio": 67.18,
            "inventory_turnover_ratio": null,
            "account_receivable_turnover_ratio": 0.16,
            "reinvestment_rate": 10.04,
            "research_to_sale_ratio": 12.17,
            "price_fair": 60.9,
            "eps_avg_yearly": 1.74,
            "eps_latest_yearly": 1.56,
            "eps_growth_yearly": 30.9
        },
        "20194": {
            "year_quarter": 20194,
            "year": 2019,
            "quarter": 4,
            "eps": 0.43,
            "eps_growth_year": -13.86,
            "eps_4q": 2.19,
            "eps_4q_growth_year": 8.07,
            "roe": 3.04,
            "roe_4q": 15.5,
            "gross_profit": 2229000,
            "gross_margin": 44.93,
            "gross_margin_4q_avg": 44.94,
            "net_income": 507000,
            "net_income_4q": null,
            "revenue": 4961000,
            "revenue_4q": null,
            "common_shares": 127,
            "book_valuer_per_share": 8.44,
            "book_valuer_per_share_4q_avg": 7.87,
            "equity": 16885000,
            "current_ratio": 143,
            "debt_ratio": 67.11,
            "inventory_turnover_ratio": null,
            "account_receivable_turnover_ratio": 0.19,
            "reinvestment_rate": 19.59,
            "research_to_sale_ratio": 11.25,
            "price_fair": 62.04,
            "eps_avg_yearly": 1.77,
            "eps_latest_yearly": 1.72,
            "eps_growth_yearly": 28.46
        },
        "20201": {
            "year_quarter": 20201,
            "year": 2020,
            "quarter": 1,
            "eps": 0.09,
            "eps_growth_year": -87.23,
            "eps_4q": 1.59,
            "eps_4q_growth_year": -25.64,
            "roe": 0.51,
            "roe_4q": 11.64,
            "gross_profit": 1889000,
            "gross_margin": 40.91,
            "gross_margin_4q_avg": 43.97,
            "net_income": 84000,
            "net_income_4q": null,
            "revenue": 4618000,
            "revenue_4q": null,
            "common_shares": 128,
            "book_valuer_per_share": 4.67,
            "book_valuer_per_share_4q_avg": 7.29,
            "equity": 15967000,
            "current_ratio": 139.11,
            "debt_ratio": 70.58,
            "inventory_turnover_ratio": null,
            "account_receivable_turnover_ratio": 0.17,
            "reinvestment_rate": 25.84,
            "research_to_sale_ratio": 13.1,
            "price_fair": 32.16,
            "eps_avg_yearly": 1.72,
            "eps_latest_yearly": 0.36,
            "eps_growth_yearly": 8.7
        },
        "20202": {
            "year_quarter": 20202,
            "year": 2020,
            "quarter": 2,
            "eps": 1.33,
            "eps_growth_year": 91.65,
            "eps_4q": 2.23,
            "eps_4q_growth_year": -2.4,
            "roe": 9.11,
            "roe_4q": 15.49,
            "gross_profit": 2555000,
            "gross_margin": 48.56,
            "gross_margin_4q_avg": 44.72,
            "net_income": 1530000,
            "net_income_4q": null,
            "revenue": 5261000,
            "revenue_4q": null,
            "common_shares": 128,
            "book_valuer_per_share": 6.2,
            "book_valuer_per_share_4q_avg": 6.89,
            "equity": 17640000,
            "current_ratio": 137.86,
            "debt_ratio": 72.07,
            "inventory_turnover_ratio": null,
            "account_receivable_turnover_ratio": 0.18,
            "reinvestment_rate": 31.38,
            "research_to_sale_ratio": 11.99,
            "price_fair": 69.48,
            "eps_avg_yearly": 1.99,
            "eps_latest_yearly": 5.32,
            "eps_growth_yearly": 355.64
        },
        "20203": {
            "year_quarter": 20203,
            "year": 2020,
            "quarter": 3,
            "eps": 0.87,
            "eps_growth_year": 124.29,
            "eps_4q": 2.71,
            "eps_4q_growth_year": 20.21,
            "roe": 5.65,
            "roe_4q": 18.31,
            "gross_profit": 2644000,
            "gross_margin": 48.43,
            "gross_margin_4q_avg": 45.71,
            "net_income": 1021000,
            "net_income_4q": null,
            "revenue": 5459000,
            "revenue_4q": null,
            "common_shares": 128,
            "book_valuer_per_share": 7.01,
            "book_valuer_per_share_4q_avg": 6.58,
            "equity": 18483000,
            "current_ratio": 138.18,
            "debt_ratio": 71.82,
            "inventory_turnover_ratio": null,
            "account_receivable_turnover_ratio": 0.16,
            "reinvestment_rate": 29.68,
            "research_to_sale_ratio": 12.35,
            "price_fair": 74.73,
            "eps_avg_yearly": 2.14,
            "eps_latest_yearly": 3.48,
            "eps_growth_yearly": 346.99
        },
        "20204": {
            "year_quarter": 20204,
            "year": 2020,
            "quarter": 4,
            "eps": 1.35,
            "eps_growth_year": 215.85,
            "eps_4q": 3.63,
            "eps_4q_growth_year": 66.1,
            "roe": 8.14,
            "roe_4q": 23.41,
            "gross_profit": 2913000,
            "gross_margin": 47.63,
            "gross_margin_4q_avg": 46.38,
            "net_income": 1567000,
            "net_income_4q": null,
            "revenue": 6116000,
            "revenue_4q": null,
            "common_shares": 128,
            "book_valuer_per_share": 8.39,
            "book_valuer_per_share_4q_avg": 6.57,
            "equity": 20019000,
            "current_ratio": 132.64,
            "debt_ratio": 71.56,
            "inventory_turnover_ratio": null,
            "account_receivable_turnover_ratio": 0.17,
            "reinvestment_rate": 45.09,
            "research_to_sale_ratio": 11.97,
            "price_fair": 83.74,
            "eps_avg_yearly": 2.39,
            "eps_latest_yearly": 5.4,
            "eps_growth_yearly": 356.16
        },
        "20211": {
            "year_quarter": 20211,
            "year": 2021,
            "quarter": 1,
            "eps": 0.95,
            "eps_growth_year": 998.66,
            "eps_4q": 4.5,
            "eps_4q_growth_year": 182.23,
            "roe": 5.56,
            "roe_4q": 28.46,
            "gross_profit": 2967000,
            "gross_margin": 49.18,
            "gross_margin_4q_avg": 48.45,
            "net_income": 1097000,
            "net_income_4q": null,
            "revenue": 6033000,
            "revenue_4q": null,
            "common_shares": 129,
            "book_valuer_per_share": 7.99,
            "book_valuer_per_share_4q_avg": 7.4,
            "equity": 19441000,
            "current_ratio": 129.25,
            "debt_ratio": 73.19,
            "inventory_turnover_ratio": null,
            "account_receivable_turnover_ratio": 0.16,
            "reinvestment_rate": 39.15,
            "research_to_sale_ratio": 12.28,
            "price_fair": 89.08,
            "eps_avg_yearly": 2.55,
            "eps_latest_yearly": 3.8,
            "eps_growth_yearly": 347.19
        },
        "20212": {
            "year_quarter": 20212,
            "year": 2021,
            "quarter": 2,
            "eps": 1,
            "eps_growth_year": -24.66,
            "eps_4q": 4.17,
            "eps_4q_growth_year": 87.25,
            "roe": 5.87,
            "roe_4q": 25.22,
            "gross_profit": 3024000,
            "gross_margin": 48.48,
            "gross_margin_4q_avg": 48.43,
            "net_income": 1184000,
            "net_income_4q": null,
            "revenue": 6238000,
            "revenue_4q": null,
            "common_shares": 129,
            "book_valuer_per_share": 8.87,
            "book_valuer_per_share_4q_avg": 8.07,
            "equity": 20905000,
            "current_ratio": 128.99,
            "debt_ratio": 71.68,
            "inventory_turnover_ratio": null,
            "account_receivable_turnover_ratio": 0.16,
            "reinvestment_rate": 47.15,
            "research_to_sale_ratio": 11.96,
            "price_fair": 94.85,
            "eps_avg_yearly": 2.71,
            "eps_latest_yearly": 4,
            "eps_growth_yearly": 348.5
        },
        "20213": {
            "year_quarter": 20213,
            "year": 2021,
            "quarter": 3,
            "eps": 0.92,
            "eps_growth_year": 5.08,
            "eps_4q": 4.22,
            "eps_4q_growth_year": 55.51,
            "roe": 5.06,
            "roe_4q": 24.63,
            "gross_profit": 2846000,
            "gross_margin": 46.04,
            "gross_margin_4q_avg": 47.83,
            "net_income": 1087000,
            "net_income_4q": null,
            "revenue": 6182000,
            "revenue_4q": null,
            "common_shares": 129,
            "book_valuer_per_share": 9.99,
            "book_valuer_per_share_4q_avg": 8.81,
            "equity": 22090000,
            "current_ratio": 129.82,
            "debt_ratio": 70.36,
            "inventory_turnover_ratio": null,
            "account_receivable_turnover_ratio": 0.16,
            "reinvestment_rate": 45.01,
            "research_to_sale_ratio": 12.21,
            "price_fair": 100.19,
            "eps_avg_yearly": 2.86,
            "eps_latest_yearly": 3.68,
            "eps_growth_yearly": 348.71
        },
        "20214": {
            "year_quarter": 20214,
            "year": 2021,
            "quarter": 4,
            "eps": 0.68,
            "eps_growth_year": -49.69,
            "eps_4q": 3.55,
            "eps_4q_growth_year": -2.36,
            "roe": 3.66,
            "roe_4q": 20.15,
            "gross_profit": 3084000,
            "gross_margin": 44.58,
            "gross_margin_4q_avg": 47.07,
            "net_income": 801000,
            "net_income_4q": null,
            "revenue": 6918000,
            "revenue_4q": null,
            "common_shares": 130,
            "book_valuer_per_share": 7.65,
            "book_valuer_per_share_4q_avg": 8.63,
            "equity": 21727000,
            "current_ratio": 122.18,
            "debt_ratio": 71.34,
            "inventory_turnover_ratio": null,
            "account_receivable_turnover_ratio": 0.17,
            "reinvestment_rate": 49.24,
            "research_to_sale_ratio": 11.51,
            "price_fair": 99.84,
            "eps_avg_yearly": 2.85,
            "eps_latest_yearly": 2.72,
            "eps_growth_yearly": 309.12
        },
        "20221": {
            "year_quarter": 20221,
            "year": 2022,
            "quarter": 1,
            "eps": 0.46,
            "eps_growth_year": -51.85,
            "eps_4q": 3.05,
            "eps_4q_growth_year": -32.15,
            "roe": 2.4,
            "roe_4q": 16.990000000000002,
            "gross_profit": 2763000,
            "gross_margin": 42.62,
            "gross_margin_4q_avg": 45.43,
            "net_income": 509000,
            "net_income_4q": null,
            "revenue": 6483000,
            "revenue_4q": null,
            "common_shares": 130,
            "book_valuer_per_share": 6.93,
            "book_valuer_per_share_4q_avg": 8.36,
            "equity": 20603000,
            "current_ratio": 119.14,
            "debt_ratio": 72.82,
            "inventory_turnover_ratio": null,
            "account_receivable_turnover_ratio": 0.15,
            "reinvestment_rate": 52.42,
            "research_to_sale_ratio": 12.57,
            "price_fair": 98.96,
            "eps_avg_yearly": 2.83,
            "eps_latest_yearly": 1.84,
            "eps_growth_yearly": 306.59
        },
        "20222": {
            "year_quarter": 20222,
            "year": 2022,
            "quarter": 2,
            "eps": -0.24,
            "eps_growth_year": -124.42,
            "eps_4q": 1.81,
            "eps_4q_growth_year": -56.63,
            "roe": -1.69,
            "roe_4q": 9.43,
            "gross_profit": 2778000,
            "gross_margin": 40.82,
            "gross_margin_4q_avg": 43.52,
            "net_income": -341000,
            "net_income_4q": null,
            "revenue": 6806000,
            "revenue_4q": null,
            "common_shares": 131,
            "book_valuer_per_share": 6.59,
            "book_valuer_per_share_4q_avg": 7.79,
            "equity": 19767000,
            "current_ratio": 122.52,
            "debt_ratio": 74.6,
            "inventory_turnover_ratio": null,
            "account_receivable_turnover_ratio": 0.16,
            "reinvestment_rate": 51.25,
            "research_to_sale_ratio": 11.97,
            "price_fair": 100.43,
            "eps_avg_yearly": 2.87,
            "eps_latest_yearly": 1.84,
            "eps_growth_yearly": 327.51
        },
        "20223": {
            "year_quarter": 20223,
            "year": 2022,
            "quarter": 3,
            "eps": 1.19,
            "eps_growth_year": 29.87,
            "eps_4q": 2.08,
            "eps_4q_growth_year": -50.59,
            "roe": 6.64,
            "roe_4q": 11.01,
            "gross_profit": 2982000,
            "gross_margin": 43.56,
            "gross_margin_4q_avg": 42.9,
            "net_income": 1330000,
            "net_income_4q": null,
            "revenue": 6846000,
            "revenue_4q": null,
            "common_shares": 131,
            "book_valuer_per_share": 7.29,
            "book_valuer_per_share_4q_avg": 7.12,
            "equity": 20264000,
            "current_ratio": 127.48,
            "debt_ratio": 73.49,
            "inventory_turnover_ratio": null,
            "account_receivable_turnover_ratio": 0.16,
            "reinvestment_rate": 37.85,
            "research_to_sale_ratio": 11.7,
            "price_fair": 103.4,
            "eps_avg_yearly": 2.95,
            "eps_latest_yearly": 1.84,
            "eps_growth_yearly": 357.65
        },
        "20224": {
            "year_quarter": 20224,
            "year": 2022,
            "quarter": 4,
            "eps": 0.82,
            "eps_growth_year": 21.49,
            "eps_4q": 2.23,
            "eps_4q_growth_year": -37.15,
            "roe": 4.54,
            "roe_4q": 11.89,
            "gross_profit": 3130000,
            "gross_margin": 42.39,
            "gross_margin_4q_avg": 42.35,
            "net_income": 921000,
            "net_income_4q": null,
            "revenue": 7383000,
            "revenue_4q": null,
            "common_shares": 131,
            "book_valuer_per_share": 7.29,
            "book_valuer_per_share_4q_avg": 7.03,
            "equity": 20274000,
            "current_ratio": 127.59,
            "debt_ratio": 74.21,
            "inventory_turnover_ratio": null,
            "account_receivable_turnover_ratio": 0.17,
            "reinvestment_rate": 29.41,
            "research_to_sale_ratio": 11.13,
            "price_fair": 106.6,
            "eps_avg_yearly": 3.05,
            "eps_latest_yearly": 3.28,
            "eps_growth_yearly": 343.33
        },
        "20231": {
            "year_quarter": 20231,
            "year": 2023,
            "quarter": 1,
            "eps": 0.81,
            "eps_growth_year": 76,
            "eps_4q": 2.58,
            "eps_4q_growth_year": -15.54,
            "roe": 3.96,
            "roe_4q": 13.450000000000001,
            "gross_profit": 2827000,
            "gross_margin": 40.16,
            "gross_margin_4q_avg": 41.73,
            "net_income": 795000,
            "net_income_4q": null,
            "revenue": 7040000,
            "revenue_4q": null,
            "common_shares": 131,
            "book_valuer_per_share": 7.07,
            "book_valuer_per_share_4q_avg": 7.06,
            "equity": 19858000,
            "current_ratio": 128.81,
            "debt_ratio": 74.27,
            "inventory_turnover_ratio": null,
            "account_receivable_turnover_ratio": 0.16,
            "reinvestment_rate": 20.77,
            "research_to_sale_ratio": 10.24,
            "price_fair": 107.9,
            "eps_avg_yearly": 3.08,
            "eps_latest_yearly": 3.24,
            "eps_growth_yearly": 332.69
        },
        "20232": {
            "year_quarter": 20232,
            "year": 2023,
            "quarter": 2,
            "eps": 0.94,
            "eps_growth_year": null,
            "eps_4q": 3.76,
            "eps_4q_growth_year": 107.91,
            "roe": 5.21,
            "roe_4q": 20.35,
            "gross_profit": 2856000,
            "gross_margin": 39.19,
            "gross_margin_4q_avg": 41.33,
            "net_income": 1029000,
            "net_income_4q": null,
            "revenue": 7287000,
            "revenue_4q": null,
            "common_shares": 132,
            "book_valuer_per_share": 7.22,
            "book_valuer_per_share_4q_avg": 7.22,
            "equity": 19661000,
            "current_ratio": 129.63,
            "debt_ratio": 73.64,
            "inventory_turnover_ratio": null,
            "account_receivable_turnover_ratio": 0.17,
            "reinvestment_rate": 15.87,
            "research_to_sale_ratio": 10.2,
            "price_fair": 110.4,
            "eps_avg_yearly": 3.15,
            "eps_latest_yearly": 3.76,
            "eps_growth_yearly": 336.86
        },
        "20233": {
            "year_quarter": 20233,
            "year": 2023,
            "quarter": 3,
            "eps": 0.96,
            "eps_growth_year": -19.5,
            "eps_4q": 3.53,
            "eps_4q_growth_year": 69.45,
            "roe": 5.18,
            "roe_4q": 18.89,
            "gross_profit": 2895000,
            "gross_margin": 39.03,
            "gross_margin_4q_avg": 40.19,
            "net_income": 1020000,
            "net_income_4q": null,
            "revenue": 7418000,
            "revenue_4q": null,
            "common_shares": 132,
            "book_valuer_per_share": 7.63,
            "book_valuer_per_share_4q_avg": 7.3,
            "equity": 19740000,
            "current_ratio": 130.37,
            "debt_ratio": 74.18,
            "inventory_turnover_ratio": null,
            "account_receivable_turnover_ratio": 0.17,
            "reinvestment_rate": 8.85,
            "research_to_sale_ratio": 9.96,
            "price_fair": 116.1,
            "eps_avg_yearly": 3.32,
            "eps_latest_yearly": 3.84,
            "eps_growth_yearly": 349.89
        },
        "20234": {
            "year_quarter": 20234,
            "year": 2023,
            "quarter": 4,
            "eps": 1.07,
            "eps_growth_year": 30.13,
            "eps_4q": 3.78,
            "eps_4q_growth_year": 69.51,
            "roe": 6.87,
            "roe_4q": 21.220000000000002,
            "gross_profit": 3207000,
            "gross_margin": 39.96,
            "gross_margin_4q_avg": 39.59,
            "net_income": 1402000,
            "net_income_4q": null,
            "revenue": 8026000,
            "revenue_4q": null,
            "common_shares": 132,
            "book_valuer_per_share": 8.85,
            "book_valuer_per_share_4q_avg": 7.69,
            "equity": 21051000,
            "current_ratio": 129.1,
            "debt_ratio": 74.38,
            "inventory_turnover_ratio": null,
            "account_receivable_turnover_ratio": 0.18,
            "reinvestment_rate": 3.01,
            "research_to_sale_ratio": 9.59,
            "price_fair": 122.5,
            "eps_avg_yearly": 3.5,
            "eps_latest_yearly": 4.28,
            "eps_growth_yearly": 350.23
        }
    },
    "months": {
        "2015-07": {
            "month": "2015-07",
            "price": "38.37",
            "revenue": 0
        },
        "2015-08": {
            "month": "2015-08",
            "price": "36.95",
            "revenue": 0
        },
        "2015-09": {
            "month": "2015-09",
            "price": "33.59",
            "revenue": 0
        },
        "2015-10": {
            "month": "2015-10",
            "price": "34.00",
            "revenue": 0
        },
        "2015-11": {
            "month": "2015-11",
            "price": "36.13",
            "revenue": 0
        },
        "2015-12": {
            "month": "2015-12",
            "price": "35.79",
            "revenue": 0
        },
        "2016-01": {
            "month": "2016-01",
            "price": "32.84",
            "revenue": 0
        },
        "2016-02": {
            "month": "2016-02",
            "price": "35.72",
            "revenue": 0
        },
        "2016-03": {
            "month": "2016-03",
            "price": "39.35",
            "revenue": 0
        },
        "2016-04": {
            "month": "2016-04",
            "price": "39.17",
            "revenue": 0
        },
        "2016-05": {
            "month": "2016-05",
            "price": "38.80",
            "revenue": 0
        },
        "2016-06": {
            "month": "2016-06",
            "price": "36.79",
            "revenue": 0
        },
        "2016-07": {
            "month": "2016-07",
            "price": "38.02",
            "revenue": 0
        },
        "2016-08": {
            "month": "2016-08",
            "price": "37.74",
            "revenue": 0
        },
        "2016-09": {
            "month": "2016-09",
            "price": "39.59",
            "revenue": 0
        },
        "2016-10": {
            "month": "2016-10",
            "price": "40.82",
            "revenue": 0
        },
        "2016-11": {
            "month": "2016-11",
            "price": "40.32",
            "revenue": 0
        },
        "2016-12": {
            "month": "2016-12",
            "price": "39.44",
            "revenue": 0
        },
        "2017-01": {
            "month": "2017-01",
            "price": "41.15",
            "revenue": 0
        },
        "2017-02": {
            "month": "2017-02",
            "price": "41.28",
            "revenue": 0
        },
        "2017-03": {
            "month": "2017-03",
            "price": "42.89",
            "revenue": 0
        },
        "2017-04": {
            "month": "2017-04",
            "price": "43.70",
            "revenue": 0
        },
        "2017-05": {
            "month": "2017-05",
            "price": "49.78",
            "revenue": 0
        },
        "2017-06": {
            "month": "2017-06",
            "price": "53.22",
            "revenue": 0
        },
        "2017-07": {
            "month": "2017-07",
            "price": "57.12",
            "revenue": 0
        },
        "2017-08": {
            "month": "2017-08",
            "price": "59.72",
            "revenue": 0
        },
        "2017-09": {
            "month": "2017-09",
            "price": "62.90",
            "revenue": 0
        },
        "2017-10": {
            "month": "2017-10",
            "price": "68.11",
            "revenue": 0
        },
        "2017-11": {
            "month": "2017-11",
            "price": "75.27",
            "revenue": 0
        },
        "2017-12": {
            "month": "2017-12",
            "price": "73.82",
            "revenue": 0
        },
        "2018-01": {
            "month": "2018-01",
            "price": "81.37",
            "revenue": 0
        },
        "2018-02": {
            "month": "2018-02",
            "price": "76.91",
            "revenue": 0
        },
        "2018-03": {
            "month": "2018-03",
            "price": "79.44",
            "revenue": 0
        },
        "2018-04": {
            "month": "2018-04",
            "price": "76.53",
            "revenue": 0
        },
        "2018-05": {
            "month": "2018-05",
            "price": "78.36",
            "revenue": 0
        },
        "2018-06": {
            "month": "2018-06",
            "price": "84.24",
            "revenue": 0
        },
        "2018-07": {
            "month": "2018-07",
            "price": "86.86",
            "revenue": 0
        },
        "2018-08": {
            "month": "2018-08",
            "price": "87.47",
            "revenue": 0
        },
        "2018-09": {
            "month": "2018-09",
            "price": "90.10",
            "revenue": 0
        },
        "2018-10": {
            "month": "2018-10",
            "price": "82.25",
            "revenue": 0
        },
        "2018-11": {
            "month": "2018-11",
            "price": "83.74",
            "revenue": 0
        },
        "2018-12": {
            "month": "2018-12",
            "price": "84.05",
            "revenue": 0
        },
        "2019-01": {
            "month": "2019-01",
            "price": "89.82",
            "revenue": 0
        },
        "2019-02": {
            "month": "2019-02",
            "price": "94.17",
            "revenue": 0
        },
        "2019-03": {
            "month": "2019-03",
            "price": "99.97",
            "revenue": 0
        },
        "2019-04": {
            "month": "2019-04",
            "price": "107.67",
            "revenue": 0
        },
        "2019-05": {
            "month": "2019-05",
            "price": "110.70",
            "revenue": 0
        },
        "2019-06": {
            "month": "2019-06",
            "price": "114.30",
            "revenue": 0
        },
        "2019-07": {
            "month": "2019-07",
            "price": "117.47",
            "revenue": 0
        },
        "2019-08": {
            "month": "2019-08",
            "price": "106.75",
            "revenue": 0
        },
        "2019-09": {
            "month": "2019-09",
            "price": "105.86",
            "revenue": 0
        },
        "2019-10": {
            "month": "2019-10",
            "price": "102.26",
            "revenue": 0
        },
        "2019-11": {
            "month": "2019-11",
            "price": "103.47",
            "revenue": 0
        },
        "2019-12": {
            "month": "2019-12",
            "price": "107.05",
            "revenue": 0
        },
        "2020-01": {
            "month": "2020-01",
            "price": "114.23",
            "revenue": 0
        },
        "2020-02": {
            "month": "2020-02",
            "price": "117.64",
            "revenue": 0
        },
        "2020-03": {
            "month": "2020-03",
            "price": "100.50",
            "revenue": 0
        },
        "2020-04": {
            "month": "2020-04",
            "price": "108.93",
            "revenue": 0
        },
        "2020-05": {
            "month": "2020-05",
            "price": "142.32",
            "revenue": 0
        },
        "2020-06": {
            "month": "2020-06",
            "price": "162.39",
            "revenue": 0
        },
        "2020-07": {
            "month": "2020-07",
            "price": "178.07",
            "revenue": 0
        },
        "2020-08": {
            "month": "2020-08",
            "price": "197.79",
            "revenue": 0
        },
        "2020-09": {
            "month": "2020-09",
            "price": "189.65",
            "revenue": 0
        },
        "2020-10": {
            "month": "2020-10",
            "price": "198.91",
            "revenue": 0
        },
        "2020-11": {
            "month": "2020-11",
            "price": "195.60",
            "revenue": 0
        },
        "2020-12": {
            "month": "2020-12",
            "price": "226.04",
            "revenue": 0
        },
        "2021-01": {
            "month": "2021-01",
            "price": "239.79",
            "revenue": 0
        },
        "2021-02": {
            "month": "2021-02",
            "price": "274.43",
            "revenue": 0
        },
        "2021-03": {
            "month": "2021-03",
            "price": "244.93",
            "revenue": 0
        },
        "2021-04": {
            "month": "2021-04",
            "price": "264.83",
            "revenue": 0
        },
        "2021-05": {
            "month": "2021-05",
            "price": "250.62",
            "revenue": 0
        },
        "2021-06": {
            "month": "2021-06",
            "price": "275.74",
            "revenue": 0
        },
        "2021-07": {
            "month": "2021-07",
            "price": "296.91",
            "revenue": 0
        },
        "2021-08": {
            "month": "2021-08",
            "price": "276.53",
            "revenue": 0
        },
        "2021-09": {
            "month": "2021-09",
            "price": "278.06",
            "revenue": 0
        },
        "2021-10": {
            "month": "2021-10",
            "price": "254.66",
            "revenue": 0
        },
        "2021-11": {
            "month": "2021-11",
            "price": "207.13",
            "revenue": 0
        },
        "2021-12": {
            "month": "2021-12",
            "price": "188.67",
            "revenue": 0
        },
        "2022-01": {
            "month": "2022-01",
            "price": "176.50",
            "revenue": 0
        },
        "2022-02": {
            "month": "2022-02",
            "price": "117.81",
            "revenue": 0
        },
        "2022-03": {
            "month": "2022-03",
            "price": "107.95",
            "revenue": 0
        },
        "2022-04": {
            "month": "2022-04",
            "price": "101.36",
            "revenue": 0
        },
        "2022-05": {
            "month": "2022-05",
            "price": "81.71",
            "revenue": 0
        },
        "2022-06": {
            "month": "2022-06",
            "price": "77.89",
            "revenue": 0
        },
        "2022-07": {
            "month": "2022-07",
            "price": "76.88",
            "revenue": 0
        },
        "2022-08": {
            "month": "2022-08",
            "price": "95.89",
            "revenue": 0
        },
        "2022-09": {
            "month": "2022-09",
            "price": "91.99",
            "revenue": 0
        },
        "2022-10": {
            "month": "2022-10",
            "price": "86.46",
            "revenue": 0
        },
        "2022-11": {
            "month": "2022-11",
            "price": "82.09",
            "revenue": 0
        },
        "2022-12": {
            "month": "2022-12",
            "price": "71.55",
            "revenue": 0
        },
        "2023-01": {
            "month": "2023-01",
            "price": "78.66",
            "revenue": 0
        },
        "2023-02": {
            "month": "2023-02",
            "price": "78.56",
            "revenue": 0
        },
        "2023-03": {
            "month": "2023-03",
            "price": "74.32",
            "revenue": 0
        },
        "2023-04": {
            "month": "2023-04",
            "price": "74.63",
            "revenue": 0
        },
        "2023-05": {
            "month": "2023-05",
            "price": "65.16",
            "revenue": 0
        },
        "2023-06": {
            "month": "2023-06",
            "price": "65.49",
            "revenue": 0
        },
        "2023-07": {
            "month": "2023-07",
            "price": "71.74",
            "revenue": 0
        },
        "2023-08": {
            "month": "2023-08",
            "price": "62.80",
            "revenue": 0
        },
        "2023-09": {
            "month": "2023-09",
            "price": "61.16",
            "revenue": 0
        },
        "2023-10": {
            "month": "2023-10",
            "price": "55.36",
            "revenue": 0
        },
        "2023-11": {
            "month": "2023-11",
            "price": "55.90",
            "revenue": 0
        },
        "2023-12": {
            "month": "2023-12",
            "price": "60.85",
            "revenue": 0
        },
        "2024-01": {
            "month": "2024-01",
            "price": "61.61",
            "revenue": 0
        },
        "2024-02": {
            "month": "2024-02",
            "price": "59.89",
            "revenue": 0
        },
        "2024-03": {
            "month": "2024-03",
            "price": "62.61",
            "revenue": 0
        }
    }
}
