{
    "summary": {
        "stock_name": "Qualcomm Inc",
        "stock_id": "QCOM",
        "category": "Computer and Technology",
        "main_business": "高通公司於1985年在加利福尼亞州成立，並於1991年在特拉華州重新成立。該公司是無線行業基礎技術開發和商業化的全球領導者。該公司的技術和產品用於移動裝置和其他無線產品，包括網路裝置，寬頻閘道器裝置，消費電子裝置和其他連線的裝置。",
        "website_url": "https://www.qualcomm.com/",
        "ceo": "Cristiano R. Amon",
        "pe_ratio": 22,
        "report_year_from": 1996,
        "report_year_to": 2024,
        "age": 28,
        "eps_negative_percentage": 4,
        "eps_growth_avg": {
            "last_all": 21.92,
            "last_2y": 34.14,
            "last_4y": 50.61,
            "last_8y": 7.29,
            "last_12y": 12.74,
            "last_16y": 12.61,
            "last_20y": 18.01,
            "at_2006_last_3y": 39.62,
            "at_2007_last_3y": 34.21,
            "at_2008_last_3y": 20.75,
            "at_2009_last_3y": 9.13,
            "at_2010_last_3y": 12.22,
            "at_2011_last_3y": 11.35,
            "at_2012_last_3y": 12.26,
            "at_2013_last_3y": 25.51,
            "at_2014_last_3y": 23.65,
            "at_2015_last_3y": 9.04,
            "at_2016_last_3y": 8,
            "at_2017_last_3y": -6.27,
            "at_2018_last_3y": -36.03,
            "at_2019_last_3y": -39.35,
            "at_2020_last_3y": -9.08,
            "at_2021_last_3y": 33.33,
            "at_2022_last_3y": 78.28,
            "at_2023_last_3y": 50.61,
            "at_2024_last_3y": 50.61,
            "at_2006_last_all": 51.69,
            "at_2007_last_all": 49.05,
            "at_2008_last_all": 43.42,
            "at_2009_last_all": 35.1,
            "at_2010_last_all": 34.15,
            "at_2011_last_all": 33.97,
            "at_2012_last_all": 32.09,
            "at_2013_last_all": 31.91,
            "at_2014_last_all": 30.92,
            "at_2015_last_all": 26.85,
            "at_2016_last_all": 25.67,
            "at_2017_last_all": 22.36,
            "at_2018_last_all": 15.16,
            "at_2019_last_all": 15.16,
            "at_2020_last_all": 19.88,
            "at_2021_last_all": 24.09,
            "at_2022_last_all": 24.63,
            "at_2023_last_all": 21.92,
            "at_2024_last_all": 21.92
        },
        "latest_eps": 7.58,
        "latest_price": 164.1,
        "latest_roe": 37.07,
        "latest_gross_margin": 56.6,
        "latest_equity": 23058000,
        "latest_revenue": 9935000,
        "latest_gross_profit": 5623000,
        "latest_net_income": 2811000,
        "latest_debt_ratio": 55.77,
        "latest_current_ratio": 255.63,
        "latest_account_receivable_turnover_ratio": 2.97,
        "latest_inventory_turnover_ratio": 0.68,
        "latest_reinvestment_rate": 0.38,
        "latest_research_to_sale_ratio": 21.1
    },
    "eps_dividends": {
        "2001": {
            "cash": 0,
            "stock": 0,
            "eps": 0.03
        },
        "2002": {
            "cash": 0,
            "stock": 0,
            "eps": 0.4
        },
        "2003": {
            "cash": 0,
            "stock": 0,
            "eps": 0.63
        },
        "2004": {
            "cash": 0,
            "stock": 0,
            "eps": 1.03
        },
        "2005": {
            "cash": 0,
            "stock": 0,
            "eps": 1.27
        },
        "2006": {
            "cash": 0,
            "stock": 0,
            "eps": 1.45
        },
        "2007": {
            "cash": 0,
            "stock": 0,
            "eps": 1.97
        },
        "2008": {
            "cash": 0,
            "stock": 0,
            "eps": 2.16
        },
        "2009": {
            "cash": 0,
            "stock": 0,
            "eps": 1.66
        },
        "2010": {
            "cash": 0,
            "stock": 0,
            "eps": 2.1
        },
        "2011": {
            "cash": 0,
            "stock": 0,
            "eps": 2.78
        },
        "2012": {
            "cash": 0,
            "stock": 0,
            "eps": 3.15
        },
        "2013": {
            "cash": 0,
            "stock": 0,
            "eps": 4.09
        },
        "2014": {
            "cash": 0,
            "stock": 0,
            "eps": 4.87
        },
        "2015": {
            "cash": 0,
            "stock": 0,
            "eps": 3.6
        },
        "2016": {
            "cash": 0,
            "stock": 0,
            "eps": 3.93
        },
        "2017": {
            "cash": 0,
            "stock": 0,
            "eps": 2.86
        },
        "2018": {
            "cash": 0,
            "stock": 0,
            "eps": -1.96
        },
        "2019": {
            "cash": 0,
            "stock": 0,
            "eps": 1.6
        },
        "2020": {
            "cash": 0,
            "stock": 0,
            "eps": 3.34
        },
        "2021": {
            "cash": 0,
            "stock": 0,
            "eps": 7.89
        },
        "2022": {
            "cash": 0,
            "stock": 0,
            "eps": 10.64
        },
        "2023": {
            "cash": 0,
            "stock": 0,
            "eps": 7.19
        },
        "2024": {
            "cash": 0,
            "stock": 0,
            "eps": 2.48
        }
    },
    "dividends": [],
    "prices": {
        "200101": "38.07",
        "200102": "38.26",
        "200103": "28.04",
        "200104": "26.81",
        "200105": "31.56",
        "200106": "28.18",
        "200107": "30.89",
        "200108": "32.18",
        "200109": "24.04",
        "200110": "23.85",
        "200111": "28.77",
        "200112": "27.33",
        "200201": "23.16",
        "200202": "18.88",
        "200203": "20.31",
        "200204": "17.68",
        "200205": "15.03",
        "200206": "14.75",
        "200207": "13.96",
        "200208": "13.74",
        "200209": "13.93",
        "200210": "16.49",
        "200211": "18.85",
        "200212": "19.47",
        "200301": "18.72",
        "200302": "17.80",
        "200303": "18.45",
        "200304": "16.46",
        "200305": "15.74",
        "200306": "17.39",
        "200307": "18.75",
        "200308": "19.08",
        "200309": "21.39",
        "200310": "22.31",
        "200311": "23.15",
        "200312": "25.17",
        "200401": "28.89",
        "200402": "29.63",
        "200403": "31.69",
        "200404": "33.26",
        "200405": "32.34",
        "200406": "34.31",
        "200407": "35.07",
        "200408": "36.07",
        "200409": "39.14",
        "200410": "41.73",
        "200411": "40.21",
        "200412": "43.48",
        "200501": "40.30",
        "200502": "35.94",
        "200503": "36.60",
        "200504": "34.39",
        "200505": "36.18",
        "200506": "35.49",
        "200507": "36.43",
        "200508": "39.90",
        "200509": "42.87",
        "200510": "43.50",
        "200511": "44.88",
        "200512": "44.58",
        "200601": "47.48",
        "200602": "47.05",
        "200603": "49.22",
        "200604": "51.62",
        "200605": "48.66",
        "200606": "42.99",
        "200607": "36.62",
        "200608": "35.91",
        "200609": "37.58",
        "200610": "37.36",
        "200611": "36.65",
        "200612": "38.42",
        "200701": "38.40",
        "200702": "39.90",
        "200703": "41.77",
        "200704": "43.48",
        "200705": "44.34",
        "200706": "42.57",
        "200707": "43.52",
        "200708": "38.78",
        "200709": "39.84",
        "200710": "41.76",
        "200711": "40.45",
        "200712": "39.78",
        "200801": "38.78",
        "200802": "42.16",
        "200803": "39.96",
        "200804": "42.25",
        "200805": "45.81",
        "200806": "47.71",
        "200807": "48.40",
        "200808": "54.80",
        "200809": "46.66",
        "200810": "38.75",
        "200811": "33.43",
        "200812": "33.52",
        "200901": "35.62",
        "200902": "34.60",
        "200903": "36.50",
        "200904": "41.06",
        "200905": "42.18",
        "200906": "45.19",
        "200907": "45.82",
        "200908": "46.38",
        "200909": "45.41",
        "200910": "41.68",
        "200911": "44.57",
        "200912": "45.32",
        "201001": "47.24",
        "201002": "38.51",
        "201003": "39.68",
        "201004": "41.23",
        "201005": "36.73",
        "201006": "35.05",
        "201007": "36.24",
        "201008": "38.65",
        "201009": "42.26",
        "201010": "44.48",
        "201011": "47.30",
        "201012": "49.25",
        "201101": "52.15",
        "201102": "57.18",
        "201103": "54.39",
        "201104": "54.52",
        "201105": "56.86",
        "201106": "55.23",
        "201107": "56.79",
        "201108": "49.88",
        "201109": "51.38",
        "201110": "52.08",
        "201111": "54.95",
        "201112": "54.12",
        "201201": "57.14",
        "201202": "61.97",
        "201203": "65.33",
        "201204": "65.44",
        "201205": "60.02",
        "201206": "56.51",
        "201207": "56.47",
        "201208": "61.70",
        "201209": "63.08",
        "201210": "59.99",
        "201211": "61.56",
        "201212": "62.64",
        "201301": "64.42",
        "201302": "65.87",
        "201303": "66.26",
        "201304": "64.92",
        "201305": "64.47",
        "201306": "61.82",
        "201307": "61.93",
        "201308": "66.48",
        "201309": "68.51",
        "201310": "67.90",
        "201311": "70.75",
        "201312": "73.20",
        "201401": "73.77",
        "201402": "74.95",
        "201403": "77.18",
        "201404": "79.31",
        "201405": "79.77",
        "201406": "79.40",
        "201407": "78.87",
        "201408": "74.93",
        "201409": "75.54",
        "201410": "74.23",
        "201411": "71.97",
        "201412": "73.15",
        "201501": "71.74",
        "201502": "69.73",
        "201503": "69.94",
        "201504": "68.44",
        "201505": "69.51",
        "201506": "66.84",
        "201507": "63.28",
        "201508": "60.45",
        "201509": "54.34",
        "201510": "58.29",
        "201511": "52.27",
        "201512": "49.39",
        "201601": "46.94",
        "201602": "47.13",
        "201603": "51.77",
        "201604": "51.43",
        "201605": "52.78",
        "201606": "53.82",
        "201607": "56.73",
        "201608": "62.21",
        "201609": "63.17",
        "201610": "67.18",
        "201611": "67.32",
        "201612": "67.05",
        "201701": "61.55",
        "201702": "55.07",
        "201703": "57.38",
        "201704": "54.19",
        "201705": "56.12",
        "201706": "57.06",
        "201707": "54.81",
        "201708": "52.56",
        "201709": "51.36",
        "201710": "52.92",
        "201711": "64.85",
        "201712": "64.72",
        "201801": "67.01",
        "201802": "64.72",
        "201803": "59.53",
        "201804": "53.24",
        "201805": "55.65",
        "201806": "58.57",
        "201807": "59.09",
        "201808": "66.32",
        "201809": "72.63",
        "201810": "66.72",
        "201811": "57.65",
        "201812": "56.85",
        "201901": "54.25",
        "201902": "51.68",
        "201903": "55.79",
        "201904": "69.57",
        "201905": "78.80",
        "201906": "70.95",
        "201907": "75.44",
        "201908": "72.84",
        "201909": "77.73",
        "201910": "77.71",
        "201911": "87.48",
        "201912": "86.55",
        "202001": "89.79",
        "202002": "86.68",
        "202003": "70.47",
        "202004": "73.68",
        "202005": "78.57",
        "202006": "87.90",
        "202007": "93.29",
        "202008": "112.83",
        "202009": "114.95",
        "202010": "125.13",
        "202011": "142.53",
        "202012": "150.47",
        "202101": "157.81",
        "202102": "146.59",
        "202103": "131.12",
        "202104": "137.63",
        "202105": "132.03",
        "202106": "135.67",
        "202107": "142.30",
        "202108": "145.60",
        "202109": "137.55",
        "202110": "129.45",
        "202111": "168.46",
        "202112": "181.36",
        "202201": "176.97",
        "202202": "172.83",
        "202203": "155.47",
        "202204": "139.65",
        "202205": "136.55",
        "202206": "131.38",
        "202207": "141.62",
        "202208": "145.35",
        "202209": "124.65",
        "202210": "115.97",
        "202211": "118.41",
        "202212": "116.63",
        "202301": "122.16",
        "202302": "129.99",
        "202303": "121.54",
        "202304": "119.55",
        "202305": "107.80",
        "202306": "118.28",
        "202307": "122.18",
        "202308": "114.99",
        "202309": "111.02",
        "202310": "109.66",
        "202311": "124.51",
        "202312": "138.77",
        "202401": "144.57",
        "202402": "151.22",
        "202403": "168.11"
    },
    "quarters": {
        "20012": {
            "year_quarter": 20012,
            "year": 2001,
            "quarter": 2,
            "eps": 0.11,
            "eps_growth_year": -43.6,
            "eps_4q": 0.38,
            "eps_4q_growth_year": -25.09,
            "roe": 2.14,
            "roe_4q": 2.14,
            "gross_profit": 460310,
            "gross_margin": 64.19,
            "gross_margin_4q_avg": 64.19,
            "net_income": 109721,
            "net_income_4q": null,
            "revenue": 717148,
            "revenue_4q": null,
            "common_shares": 76,
            "book_valuer_per_share": 3,
            "book_valuer_per_share_4q_avg": 3,
            "equity": 5246044,
            "current_ratio": 683.04,
            "debt_ratio": 11.01,
            "inventory_turnover_ratio": 3.05,
            "account_receivable_turnover_ratio": 1.02,
            "reinvestment_rate": 45.97,
            "research_to_sale_ratio": 14.82,
            "price_fair": 0,
            "eps_avg_yearly": 0,
            "eps_latest_yearly": 0,
            "eps_growth_yearly": 0
        },
        "20013": {
            "year_quarter": 20013,
            "year": 2001,
            "quarter": 3,
            "eps": -0.09,
            "eps_growth_year": -164.59,
            "eps_4q": 0.16,
            "eps_4q_growth_year": -71.62,
            "roe": -3.72,
            "roe_4q": -1.58,
            "gross_profit": 420667,
            "gross_margin": 64.07,
            "gross_margin_4q_avg": 64.13,
            "net_income": -193516,
            "net_income_4q": null,
            "revenue": 656598,
            "revenue_4q": null,
            "common_shares": 76,
            "book_valuer_per_share": 2.96,
            "book_valuer_per_share_4q_avg": 2.98,
            "equity": 5152476,
            "current_ratio": 827.95,
            "debt_ratio": 10.5,
            "inventory_turnover_ratio": 2.32,
            "account_receivable_turnover_ratio": 0.77,
            "reinvestment_rate": 128.23,
            "research_to_sale_ratio": 16.36,
            "price_fair": 0,
            "eps_avg_yearly": 0,
            "eps_latest_yearly": 0,
            "eps_growth_yearly": 0
        },
        "20014": {
            "year_quarter": 20014,
            "year": 2001,
            "quarter": 4,
            "eps": 0.01,
            "eps_growth_year": -94.54,
            "eps_4q": 0.04,
            "eps_4q_growth_year": -93.44,
            "roe": -1.51,
            "roe_4q": -3.0900000000000003,
            "gross_profit": 409427,
            "gross_margin": 62.91,
            "gross_margin_4q_avg": 63.72,
            "net_income": -75058,
            "net_income_4q": null,
            "revenue": 650831,
            "revenue_4q": null,
            "common_shares": 76,
            "book_valuer_per_share": 2.77,
            "book_valuer_per_share_4q_avg": 2.91,
            "equity": 4812415,
            "current_ratio": 586.34,
            "debt_ratio": 15.12,
            "inventory_turnover_ratio": 2.32,
            "account_receivable_turnover_ratio": 0.87,
            "reinvestment_rate": 92.27,
            "research_to_sale_ratio": 17.67,
            "price_fair": 0,
            "eps_avg_yearly": 0,
            "eps_latest_yearly": 0,
            "eps_growth_yearly": 0
        },
        "20021": {
            "year_quarter": 20021,
            "year": 2002,
            "quarter": 1,
            "eps": 0.13,
            "eps_growth_year": 879.3,
            "eps_4q": 0.15,
            "eps_4q_growth_year": -67.45,
            "roe": 2.81,
            "roe_4q": -0.2799999999999998,
            "gross_profit": 453445,
            "gross_margin": 64.9,
            "gross_margin_4q_avg": 64.02,
            "net_income": 139233,
            "net_income_4q": null,
            "revenue": 698642,
            "revenue_4q": null,
            "common_shares": 77,
            "book_valuer_per_share": 2.99,
            "book_valuer_per_share_4q_avg": 2.93,
            "equity": 5110982,
            "current_ratio": 460.77,
            "debt_ratio": 19.29,
            "inventory_turnover_ratio": 2.7,
            "account_receivable_turnover_ratio": 1.26,
            "reinvestment_rate": 154.32,
            "research_to_sale_ratio": 15.3,
            "price_fair": 0,
            "eps_avg_yearly": 0,
            "eps_latest_yearly": 0,
            "eps_growth_yearly": 0
        },
        "20022": {
            "year_quarter": 20022,
            "year": 2002,
            "quarter": 2,
            "eps": 0.07,
            "eps_growth_year": -36.79,
            "eps_4q": 0.11,
            "eps_4q_growth_year": -70.68,
            "roe": 0.85,
            "roe_4q": -1.5699999999999998,
            "gross_profit": 404201,
            "gross_margin": 58.07,
            "gross_margin_4q_avg": 62.49,
            "net_income": 43930,
            "net_income_4q": null,
            "revenue": 696115,
            "revenue_4q": null,
            "common_shares": 77,
            "book_valuer_per_share": 3.09,
            "book_valuer_per_share_4q_avg": 2.95,
            "equity": 5220173,
            "current_ratio": 456.01,
            "debt_ratio": 18.3,
            "inventory_turnover_ratio": 3.56,
            "account_receivable_turnover_ratio": 1.28,
            "reinvestment_rate": 202.06,
            "research_to_sale_ratio": 16.77,
            "price_fair": 0.84,
            "eps_avg_yearly": 0.28,
            "eps_latest_yearly": 0.28,
            "eps_growth_yearly": -184.62
        },
        "20023": {
            "year_quarter": 20023,
            "year": 2002,
            "quarter": 3,
            "eps": 0.04,
            "eps_growth_year": null,
            "eps_4q": 0.24,
            "eps_4q_growth_year": 50.65,
            "roe": -0.26,
            "roe_4q": 1.89,
            "gross_profit": 482755,
            "gross_margin": 62.62,
            "gross_margin_4q_avg": 62.13,
            "net_income": -13768,
            "net_income_4q": null,
            "revenue": 770917,
            "revenue_4q": null,
            "common_shares": 78,
            "book_valuer_per_share": 3.11,
            "book_valuer_per_share_4q_avg": 2.99,
            "equity": 5245462,
            "current_ratio": 557.44,
            "debt_ratio": 16.64,
            "inventory_turnover_ratio": 3.65,
            "account_receivable_turnover_ratio": 1.45,
            "reinvestment_rate": 167.6,
            "research_to_sale_ratio": 15.32,
            "price_fair": 0.66,
            "eps_avg_yearly": 0.22,
            "eps_latest_yearly": 0.16,
            "eps_growth_yearly": -178.02
        },
        "20024": {
            "year_quarter": 20024,
            "year": 2002,
            "quarter": 4,
            "eps": 0.16,
            "eps_growth_year": 2213.54,
            "eps_4q": 0.39,
            "eps_4q_growth_year": 936.66,
            "roe": 3.58,
            "roe_4q": 6.98,
            "gross_profit": 561799,
            "gross_margin": 64.29,
            "gross_margin_4q_avg": 62.47,
            "net_income": 190282,
            "net_income_4q": null,
            "revenue": 873886,
            "revenue_4q": null,
            "common_shares": 79,
            "book_valuer_per_share": 3.24,
            "book_valuer_per_share_4q_avg": 3.11,
            "equity": 5391956,
            "current_ratio": 583.83,
            "debt_ratio": 17.12,
            "inventory_turnover_ratio": 3.72,
            "account_receivable_turnover_ratio": 1.18,
            "reinvestment_rate": 106.36,
            "research_to_sale_ratio": 12.58,
            "price_fair": 12.6,
            "eps_avg_yearly": 0.36,
            "eps_latest_yearly": 0.64,
            "eps_growth_yearly": 281.32
        },
        "20031": {
            "year_quarter": 20031,
            "year": 2003,
            "quarter": 1,
            "eps": 0.17,
            "eps_growth_year": 35.12,
            "eps_4q": 0.43,
            "eps_4q_growth_year": 187.92,
            "roe": 4.89,
            "roe_4q": 9.059999999999999,
            "gross_profit": 716785,
            "gross_margin": 67.1,
            "gross_margin_4q_avg": 63.02,
            "net_income": 276319,
            "net_income_4q": null,
            "revenue": 1068262,
            "revenue_4q": null,
            "common_shares": 80,
            "book_valuer_per_share": 3.52,
            "book_valuer_per_share_4q_avg": 3.24,
            "equity": 5901009,
            "current_ratio": 667.06,
            "debt_ratio": 16.04,
            "inventory_turnover_ratio": 3.59,
            "account_receivable_turnover_ratio": 1.34,
            "reinvestment_rate": 92.82,
            "research_to_sale_ratio": 10.53,
            "price_fair": 15.4,
            "eps_avg_yearly": 0.44,
            "eps_latest_yearly": 0.68,
            "eps_growth_yearly": 217.24
        },
        "20032": {
            "year_quarter": 20032,
            "year": 2003,
            "quarter": 2,
            "eps": 0.16,
            "eps_growth_year": 136.79,
            "eps_4q": 0.52,
            "eps_4q_growth_year": 369.89,
            "roe": 3.99,
            "roe_4q": 12.2,
            "gross_profit": 675924,
            "gross_margin": 66.45,
            "gross_margin_4q_avg": 65.12,
            "net_income": 257677,
            "net_income_4q": null,
            "revenue": 1017129,
            "revenue_4q": null,
            "common_shares": 80,
            "book_valuer_per_share": 4.22,
            "book_valuer_per_share_4q_avg": 3.52,
            "equity": 7020769,
            "current_ratio": 685.49,
            "debt_ratio": 14.57,
            "inventory_turnover_ratio": 2.64,
            "account_receivable_turnover_ratio": 1.69,
            "reinvestment_rate": 70.75,
            "research_to_sale_ratio": 12.96,
            "price_fair": 16.8,
            "eps_avg_yearly": 0.48,
            "eps_latest_yearly": 0.64,
            "eps_growth_yearly": 169.09
        },
        "20033": {
            "year_quarter": 20033,
            "year": 2003,
            "quarter": 3,
            "eps": 0.15,
            "eps_growth_year": 304.12,
            "eps_4q": 0.63,
            "eps_4q_growth_year": 169.46,
            "roe": 3.39,
            "roe_4q": 15.85,
            "gross_profit": 605299,
            "gross_margin": 67.89,
            "gross_margin_4q_avg": 66.43,
            "net_income": 241072,
            "net_income_4q": null,
            "revenue": 891592,
            "revenue_4q": null,
            "common_shares": 80,
            "book_valuer_per_share": 4.33,
            "book_valuer_per_share_4q_avg": 3.83,
            "equity": 7205545,
            "current_ratio": 690.61,
            "debt_ratio": 14.93,
            "inventory_turnover_ratio": 2.09,
            "account_receivable_turnover_ratio": 1.53,
            "reinvestment_rate": 53.24,
            "research_to_sale_ratio": 15.22,
            "price_fair": 17.5,
            "eps_avg_yearly": 0.5,
            "eps_latest_yearly": 0.6,
            "eps_growth_yearly": 136.74
        },
        "20034": {
            "year_quarter": 20034,
            "year": 2003,
            "quarter": 4,
            "eps": 0.15,
            "eps_growth_year": -2.79,
            "eps_4q": 0.63,
            "eps_4q_growth_year": 62.63,
            "roe": 3.43,
            "roe_4q": 15.7,
            "gross_profit": 580992,
            "gross_margin": 66.78,
            "gross_margin_4q_avg": 67.06,
            "net_income": 253932,
            "net_income_4q": null,
            "revenue": 870017,
            "revenue_4q": null,
            "common_shares": 81,
            "book_valuer_per_share": 4.54,
            "book_valuer_per_share_4q_avg": 4.15,
            "equity": 7598572,
            "current_ratio": 736.05,
            "debt_ratio": 13.87,
            "inventory_turnover_ratio": 2.48,
            "account_receivable_turnover_ratio": 1.56,
            "reinvestment_rate": 57.3,
            "research_to_sale_ratio": 16.44,
            "price_fair": 18,
            "eps_avg_yearly": 0.51,
            "eps_latest_yearly": 0.6,
            "eps_growth_yearly": 117.2
        },
        "20041": {
            "year_quarter": 20041,
            "year": 2004,
            "quarter": 1,
            "eps": 0.25,
            "eps_growth_year": 46.23,
            "eps_4q": 0.71,
            "eps_4q_growth_year": 64.18,
            "roe": 5.29,
            "roe_4q": 16.1,
            "gross_profit": 835000,
            "gross_margin": 69.29,
            "gross_margin_4q_avg": 67.6,
            "net_income": 411000,
            "net_income_4q": null,
            "revenue": 1205000,
            "revenue_4q": null,
            "common_shares": 81,
            "book_valuer_per_share": 4.72,
            "book_valuer_per_share_4q_avg": 4.45,
            "equity": 7929120,
            "current_ratio": 928.71,
            "debt_ratio": 12.22,
            "inventory_turnover_ratio": 3.77,
            "account_receivable_turnover_ratio": 2.11,
            "reinvestment_rate": 32.45,
            "research_to_sale_ratio": 12.45,
            "price_fair": 20.13,
            "eps_avg_yearly": 0.58,
            "eps_latest_yearly": 1,
            "eps_growth_yearly": 135.89
        },
        "20042": {
            "year_quarter": 20042,
            "year": 2004,
            "quarter": 2,
            "eps": 0.26,
            "eps_growth_year": 67.48,
            "eps_4q": 0.82,
            "eps_4q_growth_year": 55.94,
            "roe": 5.35,
            "roe_4q": 17.46,
            "gross_profit": 881000,
            "gross_margin": 72.45,
            "gross_margin_4q_avg": 69.1,
            "net_income": 441000,
            "net_income_4q": null,
            "revenue": 1216000,
            "revenue_4q": null,
            "common_shares": 82,
            "book_valuer_per_share": 5.07,
            "book_valuer_per_share_4q_avg": 4.67,
            "equity": 8556309,
            "current_ratio": 850.47,
            "debt_ratio": 11.33,
            "inventory_turnover_ratio": 3.66,
            "account_receivable_turnover_ratio": 1.94,
            "reinvestment_rate": 22.59,
            "research_to_sale_ratio": 13.9,
            "price_fair": 21.93,
            "eps_avg_yearly": 0.63,
            "eps_latest_yearly": 1.04,
            "eps_growth_yearly": 122.57
        },
        "20043": {
            "year_quarter": 20043,
            "year": 2004,
            "quarter": 3,
            "eps": 0.29,
            "eps_growth_year": 93.71,
            "eps_4q": 0.95,
            "eps_4q_growth_year": 50.38,
            "roe": 5.49,
            "roe_4q": 19.56,
            "gross_profit": 972000,
            "gross_margin": 72.48,
            "gross_margin_4q_avg": 70.25,
            "net_income": 486000,
            "net_income_4q": null,
            "revenue": 1341000,
            "revenue_4q": null,
            "common_shares": 82,
            "book_valuer_per_share": 5.41,
            "book_valuer_per_share_4q_avg": 4.94,
            "equity": 9141251,
            "current_ratio": 881.26,
            "debt_ratio": 10.57,
            "inventory_turnover_ratio": 3.57,
            "account_receivable_turnover_ratio": 1.79,
            "reinvestment_rate": 39.85,
            "research_to_sale_ratio": 14.47,
            "price_fair": 23.8,
            "eps_avg_yearly": 0.68,
            "eps_latest_yearly": 1.16,
            "eps_growth_yearly": 114.92
        },
        "20044": {
            "year_quarter": 20044,
            "year": 2004,
            "quarter": 4,
            "eps": 0.23,
            "eps_growth_year": 48.03,
            "eps_4q": 1.03,
            "eps_4q_growth_year": 63.21,
            "roe": 4.12,
            "roe_4q": 20.25,
            "gross_profit": 708000,
            "gross_margin": 63.33,
            "gross_margin_4q_avg": 69.39,
            "net_income": 387000,
            "net_income_4q": null,
            "revenue": 1118000,
            "revenue_4q": null,
            "common_shares": 0,
            "book_valuer_per_share": 5.69,
            "book_valuer_per_share_4q_avg": 5.22,
            "equity": 9664000,
            "current_ratio": 808.39,
            "debt_ratio": 10.68,
            "inventory_turnover_ratio": 3.11,
            "account_receivable_turnover_ratio": 1.51,
            "reinvestment_rate": 57.49,
            "research_to_sale_ratio": 18.6,
            "price_fair": 24.56,
            "eps_avg_yearly": 0.7,
            "eps_latest_yearly": 0.92,
            "eps_growth_yearly": 96.95
        },
        "20051": {
            "year_quarter": 20051,
            "year": 2005,
            "quarter": 1,
            "eps": 0.3,
            "eps_growth_year": 21.56,
            "eps_4q": 1.08,
            "eps_4q_growth_year": 52.71,
            "roe": 5.13,
            "roe_4q": 20.09,
            "gross_profit": 960000,
            "gross_margin": 69.06,
            "gross_margin_4q_avg": 69.33,
            "net_income": 513000,
            "net_income_4q": null,
            "revenue": 1390000,
            "revenue_4q": null,
            "common_shares": null,
            "book_valuer_per_share": 5.97,
            "book_valuer_per_share_4q_avg": 5.54,
            "equity": 10339000,
            "current_ratio": 771.06,
            "debt_ratio": 10.61,
            "inventory_turnover_ratio": 2.77,
            "account_receivable_turnover_ratio": 2.24,
            "reinvestment_rate": 52.41,
            "research_to_sale_ratio": 16.4,
            "price_fair": 26.02,
            "eps_avg_yearly": 0.74,
            "eps_latest_yearly": 1.2,
            "eps_growth_yearly": 99.02
        },
        "20052": {
            "year_quarter": 20052,
            "year": 2005,
            "quarter": 2,
            "eps": 0.32,
            "eps_growth_year": 19.49,
            "eps_4q": 1.13,
            "eps_4q_growth_year": 39.11,
            "roe": 5.1,
            "roe_4q": 19.840000000000003,
            "gross_profit": 979000,
            "gross_margin": 71.72,
            "gross_margin_4q_avg": 69.15,
            "net_income": 532000,
            "net_income_4q": null,
            "revenue": 1365000,
            "revenue_4q": null,
            "common_shares": null,
            "book_valuer_per_share": 6.09,
            "book_valuer_per_share_4q_avg": 5.79,
            "equity": 10526000,
            "current_ratio": 751.54,
            "debt_ratio": 10.87,
            "inventory_turnover_ratio": 2.47,
            "account_receivable_turnover_ratio": 2.34,
            "reinvestment_rate": 38.39,
            "research_to_sale_ratio": 18.46,
            "price_fair": 27.46,
            "eps_avg_yearly": 0.78,
            "eps_latest_yearly": 1.28,
            "eps_growth_yearly": 93.45
        },
        "20053": {
            "year_quarter": 20053,
            "year": 2005,
            "quarter": 3,
            "eps": 0.33,
            "eps_growth_year": 15.32,
            "eps_4q": 1.18,
            "eps_4q_growth_year": 23.38,
            "roe": 5.34,
            "roe_4q": 19.69,
            "gross_profit": 969000,
            "gross_margin": 71.35,
            "gross_margin_4q_avg": 68.87,
            "net_income": 560000,
            "net_income_4q": null,
            "revenue": 1358000,
            "revenue_4q": null,
            "common_shares": null,
            "book_valuer_per_share": 6.09,
            "book_valuer_per_share_4q_avg": 5.96,
            "equity": 10447000,
            "current_ratio": 852.22,
            "debt_ratio": 9.77,
            "inventory_turnover_ratio": 2.26,
            "account_receivable_turnover_ratio": 2.38,
            "reinvestment_rate": 44.75,
            "research_to_sale_ratio": 19.07,
            "price_fair": 28.8,
            "eps_avg_yearly": 0.82,
            "eps_latest_yearly": 1.32,
            "eps_growth_yearly": 87.67
        },
        "20054": {
            "year_quarter": 20054,
            "year": 2005,
            "quarter": 4,
            "eps": 0.32,
            "eps_growth_year": 41.82,
            "eps_4q": 1.27,
            "eps_4q_growth_year": 23.78,
            "roe": 4.99,
            "roe_4q": 20.56,
            "gross_profit": 1119000,
            "gross_margin": 71.73,
            "gross_margin_4q_avg": 70.97,
            "net_income": 538000,
            "net_income_4q": null,
            "revenue": 1560000,
            "revenue_4q": null,
            "common_shares": 0,
            "book_valuer_per_share": 6.43,
            "book_valuer_per_share_4q_avg": 6.15,
            "equity": 11119000,
            "current_ratio": 728.13,
            "debt_ratio": 10.9,
            "inventory_turnover_ratio": 2.42,
            "account_receivable_turnover_ratio": 2.65,
            "reinvestment_rate": 32.7,
            "research_to_sale_ratio": 17.37,
            "price_fair": 29.87,
            "eps_avg_yearly": 0.85,
            "eps_latest_yearly": 1.28,
            "eps_growth_yearly": 81.02
        },
        "20061": {
            "year_quarter": 20061,
            "year": 2006,
            "quarter": 1,
            "eps": 0.37,
            "eps_growth_year": 21.56,
            "eps_4q": 1.34,
            "eps_4q_growth_year": 23.67,
            "roe": 5.37,
            "roe_4q": 20.799999999999997,
            "gross_profit": 1225000,
            "gross_margin": 70.36,
            "gross_margin_4q_avg": 71.29,
            "net_income": 620000,
            "net_income_4q": null,
            "revenue": 1741000,
            "revenue_4q": null,
            "common_shares": 0,
            "book_valuer_per_share": 6.91,
            "book_valuer_per_share_4q_avg": 6.38,
            "equity": 11972000,
            "current_ratio": 724.05,
            "debt_ratio": 10.85,
            "inventory_turnover_ratio": 2.77,
            "account_receivable_turnover_ratio": 2.74,
            "reinvestment_rate": 31.37,
            "research_to_sale_ratio": 19.59,
            "price_fair": 31.24,
            "eps_avg_yearly": 0.89,
            "eps_latest_yearly": 1.48,
            "eps_growth_yearly": 79.86
        },
        "20062": {
            "year_quarter": 20062,
            "year": 2006,
            "quarter": 2,
            "eps": 0.35,
            "eps_growth_year": 10.58,
            "eps_4q": 1.37,
            "eps_4q_growth_year": 21.01,
            "roe": 4.67,
            "roe_4q": 20.369999999999997,
            "gross_profit": 1313000,
            "gross_margin": 71.59,
            "gross_margin_4q_avg": 71.26,
            "net_income": 593000,
            "net_income_4q": null,
            "revenue": 1834000,
            "revenue_4q": null,
            "common_shares": 0,
            "book_valuer_per_share": 7.4,
            "book_valuer_per_share_4q_avg": 6.71,
            "equity": 13400000,
            "current_ratio": 758.49,
            "debt_ratio": 9.82,
            "inventory_turnover_ratio": 2.52,
            "account_receivable_turnover_ratio": 2.83,
            "reinvestment_rate": 39.69,
            "research_to_sale_ratio": 21.26,
            "price_fair": 33.69,
            "eps_avg_yearly": 0.96,
            "eps_latest_yearly": 1.4,
            "eps_growth_yearly": 90.05
        },
        "20063": {
            "year_quarter": 20063,
            "year": 2006,
            "quarter": 3,
            "eps": 0.37,
            "eps_growth_year": 12.48,
            "eps_4q": 1.41,
            "eps_4q_growth_year": 19.99,
            "roe": 4.87,
            "roe_4q": 19.9,
            "gross_profit": 1392000,
            "gross_margin": 71.35,
            "gross_margin_4q_avg": 71.26,
            "net_income": 643000,
            "net_income_4q": null,
            "revenue": 1951000,
            "revenue_4q": null,
            "common_shares": 0,
            "book_valuer_per_share": 7.1,
            "book_valuer_per_share_4q_avg": 6.96,
            "equity": 12998000,
            "current_ratio": 544.46,
            "debt_ratio": 11.66,
            "inventory_turnover_ratio": 2.34,
            "account_receivable_turnover_ratio": 3.09,
            "reinvestment_rate": 53.04,
            "research_to_sale_ratio": 20.25,
            "price_fair": 36.58,
            "eps_avg_yearly": 1.05,
            "eps_latest_yearly": 1.48,
            "eps_growth_yearly": 102.19
        },
        "20064": {
            "year_quarter": 20064,
            "year": 2006,
            "quarter": 4,
            "eps": 0.36,
            "eps_growth_year": 12.37,
            "eps_4q": 1.45,
            "eps_4q_growth_year": 14.13,
            "roe": 4.65,
            "roe_4q": 19.56,
            "gross_profit": 1413000,
            "gross_margin": 70.69,
            "gross_margin_4q_avg": 71,
            "net_income": 614000,
            "net_income_4q": null,
            "revenue": 1999000,
            "revenue_4q": null,
            "common_shares": null,
            "book_valuer_per_share": 7.37,
            "book_valuer_per_share_4q_avg": 7.2,
            "equity": 13406000,
            "current_ratio": 495.71,
            "debt_ratio": 11.85,
            "inventory_turnover_ratio": 2.3,
            "account_receivable_turnover_ratio": 2.87,
            "reinvestment_rate": 58.62,
            "research_to_sale_ratio": 20.61,
            "price_fair": 38.33,
            "eps_avg_yearly": 1.1,
            "eps_latest_yearly": 1.44,
            "eps_growth_yearly": 26.52
        },
        "20071": {
            "year_quarter": 20071,
            "year": 2007,
            "quarter": 1,
            "eps": 0.38,
            "eps_growth_year": 2.61,
            "eps_4q": 1.46,
            "eps_4q_growth_year": 9.31,
            "roe": 4.69,
            "roe_4q": 18.880000000000003,
            "gross_profit": 1385000,
            "gross_margin": 68.6,
            "gross_margin_4q_avg": 70.56,
            "net_income": 647000,
            "net_income_4q": null,
            "revenue": 2019000,
            "revenue_4q": null,
            "common_shares": null,
            "book_valuer_per_share": 7.77,
            "book_valuer_per_share_4q_avg": 7.41,
            "equity": 14175000,
            "current_ratio": 419.74,
            "debt_ratio": 13.24,
            "inventory_turnover_ratio": 2.19,
            "account_receivable_turnover_ratio": 2.9,
            "reinvestment_rate": 61.62,
            "research_to_sale_ratio": 21.84,
            "price_fair": 40.16,
            "eps_avg_yearly": 1.15,
            "eps_latest_yearly": 1.52,
            "eps_growth_yearly": 26.34
        },
        "20072": {
            "year_quarter": 20072,
            "year": 2007,
            "quarter": 2,
            "eps": 0.44,
            "eps_growth_year": 26.15,
            "eps_4q": 1.55,
            "eps_4q_growth_year": 13.3,
            "roe": 4.97,
            "roe_4q": 19.18,
            "gross_profit": 1587000,
            "gross_margin": 71.45,
            "gross_margin_4q_avg": 70.52,
            "net_income": 726000,
            "net_income_4q": null,
            "revenue": 2221000,
            "revenue_4q": null,
            "common_shares": null,
            "book_valuer_per_share": 8.23,
            "book_valuer_per_share_4q_avg": 7.62,
            "equity": 15030000,
            "current_ratio": 442.39,
            "debt_ratio": 12.89,
            "inventory_turnover_ratio": 1.87,
            "account_receivable_turnover_ratio": 3.16,
            "reinvestment_rate": 60.58,
            "research_to_sale_ratio": 20.44,
            "price_fair": 42.61,
            "eps_avg_yearly": 1.22,
            "eps_latest_yearly": 1.76,
            "eps_growth_yearly": 31.76
        },
        "20073": {
            "year_quarter": 20073,
            "year": 2007,
            "quarter": 3,
            "eps": 0.47,
            "eps_growth_year": 25.97,
            "eps_4q": 1.65,
            "eps_4q_growth_year": 16.85,
            "roe": 5.15,
            "roe_4q": 19.46,
            "gross_profit": 1637000,
            "gross_margin": 70.41,
            "gross_margin_4q_avg": 70.29,
            "net_income": 798000,
            "net_income_4q": null,
            "revenue": 2325000,
            "revenue_4q": null,
            "common_shares": null,
            "book_valuer_per_share": 8.74,
            "book_valuer_per_share_4q_avg": 8.03,
            "equity": 15932000,
            "current_ratio": 429.63,
            "debt_ratio": 13.63,
            "inventory_turnover_ratio": 1.85,
            "account_receivable_turnover_ratio": 3.15,
            "reinvestment_rate": 57.33,
            "research_to_sale_ratio": 19.53,
            "price_fair": 45.41,
            "eps_avg_yearly": 1.3,
            "eps_latest_yearly": 1.88,
            "eps_growth_yearly": 35.03
        },
        "20074": {
            "year_quarter": 20074,
            "year": 2007,
            "quarter": 4,
            "eps": 0.68,
            "eps_growth_year": 86.4,
            "eps_4q": 1.97,
            "eps_4q_growth_year": 35.29,
            "roe": 7.13,
            "roe_4q": 21.94,
            "gross_profit": 1581000,
            "gross_margin": 68.56,
            "gross_margin_4q_avg": 69.76,
            "net_income": 1132000,
            "net_income_4q": null,
            "revenue": 2306000,
            "revenue_4q": null,
            "common_shares": null,
            "book_valuer_per_share": 8.82,
            "book_valuer_per_share_4q_avg": 8.39,
            "equity": 15835000,
            "current_ratio": 390.66,
            "debt_ratio": 14.38,
            "inventory_turnover_ratio": 1.68,
            "account_receivable_turnover_ratio": 3.12,
            "reinvestment_rate": 59.13,
            "research_to_sale_ratio": 20.86,
            "price_fair": 50.05,
            "eps_avg_yearly": 1.43,
            "eps_latest_yearly": 2.72,
            "eps_growth_yearly": 46.2
        },
        "20081": {
            "year_quarter": 20081,
            "year": 2008,
            "quarter": 1,
            "eps": 0.49,
            "eps_growth_year": 30.26,
            "eps_4q": 2.08,
            "eps_4q_growth_year": 42.17,
            "roe": 4.88,
            "roe_4q": 22.13,
            "gross_profit": 1657000,
            "gross_margin": 67.91,
            "gross_margin_4q_avg": 69.58,
            "net_income": 767000,
            "net_income_4q": null,
            "revenue": 2440000,
            "revenue_4q": null,
            "common_shares": null,
            "book_valuer_per_share": 8.66,
            "book_valuer_per_share_4q_avg": 8.61,
            "equity": 15610000,
            "current_ratio": 429.76,
            "debt_ratio": 14.92,
            "inventory_turnover_ratio": 1.58,
            "account_receivable_turnover_ratio": 3.44,
            "reinvestment_rate": 44.71,
            "research_to_sale_ratio": 20.94,
            "price_fair": 48.49,
            "eps_avg_yearly": 1.49,
            "eps_latest_yearly": 1.96,
            "eps_growth_yearly": 22.54
        },
        "20082": {
            "year_quarter": 20082,
            "year": 2008,
            "quarter": 2,
            "eps": 0.5,
            "eps_growth_year": 13.3,
            "eps_4q": 2.14,
            "eps_4q_growth_year": 37.59,
            "roe": 4.93,
            "roe_4q": 22.089999999999996,
            "gross_profit": 1786000,
            "gross_margin": 68.53,
            "gross_margin_4q_avg": 68.85,
            "net_income": 766000,
            "net_income_4q": null,
            "revenue": 2606000,
            "revenue_4q": null,
            "common_shares": null,
            "book_valuer_per_share": 8.63,
            "book_valuer_per_share_4q_avg": 8.71,
            "equity": 15477000,
            "current_ratio": 409.76,
            "debt_ratio": 14.74,
            "inventory_turnover_ratio": 1.45,
            "account_receivable_turnover_ratio": 3.64,
            "reinvestment_rate": 40.24,
            "research_to_sale_ratio": 21.22,
            "price_fair": 49.69,
            "eps_avg_yearly": 1.55,
            "eps_latest_yearly": 2,
            "eps_growth_yearly": 22.05
        },
        "20083": {
            "year_quarter": 20083,
            "year": 2008,
            "quarter": 3,
            "eps": 0.49,
            "eps_growth_year": 4.79,
            "eps_4q": 2.16,
            "eps_4q_growth_year": 30.85,
            "roe": 4.63,
            "roe_4q": 21.569999999999997,
            "gross_profit": 1873000,
            "gross_margin": 67.81,
            "gross_margin_4q_avg": 68.2,
            "net_income": 748000,
            "net_income_4q": null,
            "revenue": 2762000,
            "revenue_4q": null,
            "common_shares": 0,
            "book_valuer_per_share": 9.33,
            "book_valuer_per_share_4q_avg": 8.86,
            "equity": 16826000,
            "current_ratio": 429.23,
            "debt_ratio": 14.14,
            "inventory_turnover_ratio": 1.45,
            "account_receivable_turnover_ratio": 3.36,
            "reinvestment_rate": 39.22,
            "research_to_sale_ratio": 21.58,
            "price_fair": 45.87,
            "eps_avg_yearly": 1.6,
            "eps_latest_yearly": 1.96,
            "eps_growth_yearly": 18.67
        },
        "20084": {
            "year_quarter": 20084,
            "year": 2008,
            "quarter": 4,
            "eps": 0.68,
            "eps_growth_year": 0.27,
            "eps_4q": 2.16,
            "eps_4q_growth_year": 9.99,
            "roe": 5.06,
            "roe_4q": 19.5,
            "gross_profit": 2412000,
            "gross_margin": 72.37,
            "gross_margin_4q_avg": 69.16,
            "net_income": 879000,
            "net_income_4q": null,
            "revenue": 3333000,
            "revenue_4q": null,
            "common_shares": 0,
            "book_valuer_per_share": 8.05,
            "book_valuer_per_share_4q_avg": 8.67,
            "equity": 17944000,
            "current_ratio": 486.56,
            "debt_ratio": 27.39,
            "inventory_turnover_ratio": 1.62,
            "account_receivable_turnover_ratio": 1.31,
            "reinvestment_rate": 39.62,
            "research_to_sale_ratio": 18.63,
            "price_fair": 59.94,
            "eps_avg_yearly": 1.71,
            "eps_latest_yearly": 2.72,
            "eps_growth_yearly": 33.54
        },
        "20091": {
            "year_quarter": 20091,
            "year": 2009,
            "quarter": 1,
            "eps": 0.38,
            "eps_growth_year": -21.84,
            "eps_4q": 2.06,
            "eps_4q_growth_year": -1.15,
            "roe": 1.94,
            "roe_4q": 16.56,
            "gross_profit": 1762000,
            "gross_margin": 70,
            "gross_margin_4q_avg": 69.68,
            "net_income": 341000,
            "net_income_4q": null,
            "revenue": 2517000,
            "revenue_4q": null,
            "common_shares": 0,
            "book_valuer_per_share": 7.62,
            "book_valuer_per_share_4q_avg": 8.41,
            "equity": 17137000,
            "current_ratio": 528.82,
            "debt_ratio": 26.94,
            "inventory_turnover_ratio": 1.54,
            "account_receivable_turnover_ratio": 0.98,
            "reinvestment_rate": 33.08,
            "research_to_sale_ratio": 24,
            "price_fair": 43.14,
            "eps_avg_yearly": 1.73,
            "eps_latest_yearly": 1.52,
            "eps_growth_yearly": 14.9
        },
        "20092": {
            "year_quarter": 20092,
            "year": 2009,
            "quarter": 2,
            "eps": 0.2,
            "eps_growth_year": -59.5,
            "eps_4q": 1.76,
            "eps_4q_growth_year": -17.71,
            "roe": -1.69,
            "roe_4q": 9.94,
            "gross_profit": 1717000,
            "gross_margin": 69.94,
            "gross_margin_4q_avg": 70.03,
            "net_income": -289000,
            "net_income_4q": null,
            "revenue": 2455000,
            "revenue_4q": null,
            "common_shares": null,
            "book_valuer_per_share": 7.55,
            "book_valuer_per_share_4q_avg": 8.14,
            "equity": 17113000,
            "current_ratio": 497.65,
            "debt_ratio": 28.94,
            "inventory_turnover_ratio": 1.7,
            "account_receivable_turnover_ratio": 2.81,
            "reinvestment_rate": 37.59,
            "research_to_sale_ratio": 24.6,
            "price_fair": 19.39,
            "eps_avg_yearly": 1.7,
            "eps_latest_yearly": 0.8,
            "eps_growth_yearly": 1.39
        },
        "20093": {
            "year_quarter": 20093,
            "year": 2009,
            "quarter": 3,
            "eps": 0.49,
            "eps_growth_year": -0.59,
            "eps_4q": 1.76,
            "eps_4q_growth_year": -18.71,
            "roe": 4.11,
            "roe_4q": 9.42,
            "gross_profit": 1889000,
            "gross_margin": 68.62,
            "gross_margin_4q_avg": 70.23,
            "net_income": 737000,
            "net_income_4q": null,
            "revenue": 2753000,
            "revenue_4q": null,
            "common_shares": 0,
            "book_valuer_per_share": 8.48,
            "book_valuer_per_share_4q_avg": 7.93,
            "equity": 18711000,
            "current_ratio": 494.56,
            "debt_ratio": 27.23,
            "inventory_turnover_ratio": 2.2,
            "account_receivable_turnover_ratio": 3.15,
            "reinvestment_rate": 48.31,
            "research_to_sale_ratio": 22.45,
            "price_fair": 60.99,
            "eps_avg_yearly": 1.74,
            "eps_latest_yearly": 1.96,
            "eps_growth_yearly": 36.86
        },
        "20094": {
            "year_quarter": 20094,
            "year": 2009,
            "quarter": 4,
            "eps": 0.59,
            "eps_growth_year": -12.74,
            "eps_4q": 1.67,
            "eps_4q_growth_year": -22.79,
            "roe": 4.11,
            "roe_4q": 8.47,
            "gross_profit": 1866000,
            "gross_margin": 69.37,
            "gross_margin_4q_avg": 69.48,
            "net_income": 802000,
            "net_income_4q": null,
            "revenue": 2690000,
            "revenue_4q": null,
            "common_shares": 0,
            "book_valuer_per_share": 9.44,
            "book_valuer_per_share_4q_avg": 8.27,
            "equity": 20316000,
            "current_ratio": 446.85,
            "debt_ratio": 25.98,
            "inventory_turnover_ratio": 1.99,
            "account_receivable_turnover_ratio": 3.27,
            "reinvestment_rate": 52.19,
            "research_to_sale_ratio": 22.83,
            "price_fair": 63.35,
            "eps_avg_yearly": 1.81,
            "eps_latest_yearly": 2.36,
            "eps_growth_yearly": 42.72
        },
        "20101": {
            "year_quarter": 20101,
            "year": 2010,
            "quarter": 1,
            "eps": 0.52,
            "eps_growth_year": 37.12,
            "eps_4q": 1.81,
            "eps_4q_growth_year": -11.87,
            "roe": 4.04,
            "roe_4q": 10.570000000000002,
            "gross_profit": 1854000,
            "gross_margin": 69.44,
            "gross_margin_4q_avg": 69.34,
            "net_income": 841000,
            "net_income_4q": null,
            "revenue": 2670000,
            "revenue_4q": null,
            "common_shares": 0,
            "book_valuer_per_share": 9.99,
            "book_valuer_per_share_4q_avg": 8.87,
            "equity": 21353000,
            "current_ratio": 460.45,
            "debt_ratio": 26.12,
            "inventory_turnover_ratio": 2.03,
            "account_receivable_turnover_ratio": 4.06,
            "reinvestment_rate": 48.12,
            "research_to_sale_ratio": 22.32,
            "price_fair": 64.66,
            "eps_avg_yearly": 1.85,
            "eps_latest_yearly": 2.08,
            "eps_growth_yearly": 35.85
        },
        "20102": {
            "year_quarter": 20102,
            "year": 2010,
            "quarter": 2,
            "eps": 0.47,
            "eps_growth_year": 132.44,
            "eps_4q": 2.08,
            "eps_4q_growth_year": 18.15,
            "roe": 3.68,
            "roe_4q": 15.940000000000001,
            "gross_profit": 1854000,
            "gross_margin": 69.62,
            "gross_margin_4q_avg": 69.26,
            "net_income": 774000,
            "net_income_4q": null,
            "revenue": 2663000,
            "revenue_4q": null,
            "common_shares": 0,
            "book_valuer_per_share": 9.84,
            "book_valuer_per_share_4q_avg": 9.44,
            "equity": 20720000,
            "current_ratio": 379.94,
            "debt_ratio": 27.29,
            "inventory_turnover_ratio": 2.15,
            "account_receivable_turnover_ratio": 4.11,
            "reinvestment_rate": 40.31,
            "research_to_sale_ratio": 24.33,
            "price_fair": 65.71,
            "eps_avg_yearly": 1.88,
            "eps_latest_yearly": 1.88,
            "eps_growth_yearly": 34.79
        },
        "20103": {
            "year_quarter": 20103,
            "year": 2010,
            "quarter": 3,
            "eps": 0.52,
            "eps_growth_year": 5.79,
            "eps_4q": 2.11,
            "eps_4q_growth_year": 19.96,
            "roe": 4.1,
            "roe_4q": 15.93,
            "gross_profit": 1848000,
            "gross_margin": 68.44,
            "gross_margin_4q_avg": 69.22,
            "net_income": 832000,
            "net_income_4q": null,
            "revenue": 2700000,
            "revenue_4q": null,
            "common_shares": 0,
            "book_valuer_per_share": 9.55,
            "book_valuer_per_share_4q_avg": 9.71,
            "equity": 19886000,
            "current_ratio": 223.78,
            "debt_ratio": 32.36,
            "inventory_turnover_ratio": 2.01,
            "account_receivable_turnover_ratio": 3.65,
            "reinvestment_rate": 38.6,
            "research_to_sale_ratio": 23.07,
            "price_fair": 67.03,
            "eps_avg_yearly": 1.92,
            "eps_latest_yearly": 2.08,
            "eps_growth_yearly": 36.02
        },
        "20104": {
            "year_quarter": 20104,
            "year": 2010,
            "quarter": 4,
            "eps": 0.59,
            "eps_growth_year": -0.75,
            "eps_4q": 2.1,
            "eps_4q_growth_year": 25.93,
            "roe": 4.6,
            "roe_4q": 16.419999999999998,
            "gross_profit": 2026000,
            "gross_margin": 68.63,
            "gross_margin_4q_avg": 69.03,
            "net_income": 938000,
            "net_income_4q": null,
            "revenue": 2952000,
            "revenue_4q": null,
            "common_shares": 0,
            "book_valuer_per_share": 10.14,
            "book_valuer_per_share_4q_avg": 9.88,
            "equity": 20858000,
            "current_ratio": 221.89,
            "debt_ratio": 31.77,
            "inventory_turnover_ratio": 1.9,
            "account_receivable_turnover_ratio": 3.86,
            "reinvestment_rate": 37.93,
            "research_to_sale_ratio": 21.27,
            "price_fair": 69.04,
            "eps_avg_yearly": 1.97,
            "eps_latest_yearly": 2.36,
            "eps_growth_yearly": 40.07
        },
        "20111": {
            "year_quarter": 20111,
            "year": 2011,
            "quarter": 1,
            "eps": 0.76,
            "eps_growth_year": 45.78,
            "eps_4q": 2.34,
            "eps_4q_growth_year": 29.31,
            "roe": 5.74,
            "roe_4q": 18.12,
            "gross_profit": 2303000,
            "gross_margin": 68.81,
            "gross_margin_4q_avg": 68.88,
            "net_income": 1251000,
            "net_income_4q": null,
            "revenue": 3347000,
            "revenue_4q": null,
            "common_shares": 0,
            "book_valuer_per_share": 11.16,
            "book_valuer_per_share_4q_avg": 10.17,
            "equity": 22736000,
            "current_ratio": 312.73,
            "debt_ratio": 27.34,
            "inventory_turnover_ratio": 1.89,
            "account_receivable_turnover_ratio": 4.83,
            "reinvestment_rate": 38.41,
            "research_to_sale_ratio": 19.36,
            "price_fair": 72.36,
            "eps_avg_yearly": 2.07,
            "eps_latest_yearly": 3.04,
            "eps_growth_yearly": 45.88
        },
        "20112": {
            "year_quarter": 20112,
            "year": 2011,
            "quarter": 2,
            "eps": 0.81,
            "eps_growth_year": 71.83,
            "eps_4q": 2.68,
            "eps_4q_growth_year": 28.89,
            "roe": 5.3,
            "roe_4q": 19.74,
            "gross_profit": 2811000,
            "gross_margin": 72.64,
            "gross_margin_4q_avg": 69.63,
            "net_income": 1264000,
            "net_income_4q": null,
            "revenue": 3870000,
            "revenue_4q": null,
            "common_shares": 0,
            "book_valuer_per_share": 12.83,
            "book_valuer_per_share_4q_avg": 10.92,
            "equity": 24967000,
            "current_ratio": 338.65,
            "debt_ratio": 26.19,
            "inventory_turnover_ratio": 1.79,
            "account_receivable_turnover_ratio": 5.64,
            "reinvestment_rate": 36.65,
            "research_to_sale_ratio": 19.07,
            "price_fair": 75.6,
            "eps_avg_yearly": 2.16,
            "eps_latest_yearly": 3.24,
            "eps_growth_yearly": 43.58
        },
        "20113": {
            "year_quarter": 20113,
            "year": 2011,
            "quarter": 3,
            "eps": 0.58,
            "eps_growth_year": 12.31,
            "eps_4q": 2.74,
            "eps_4q_growth_year": 30.19,
            "roe": 3.84,
            "roe_4q": 19.48,
            "gross_profit": 2345000,
            "gross_margin": 64.73,
            "gross_margin_4q_avg": 68.7,
            "net_income": 985000,
            "net_income_4q": null,
            "revenue": 3623000,
            "revenue_4q": null,
            "common_shares": 0,
            "book_valuer_per_share": 11.91,
            "book_valuer_per_share_4q_avg": 11.51,
            "equity": 26271000,
            "current_ratio": 287.48,
            "debt_ratio": 25.15,
            "inventory_turnover_ratio": 1.88,
            "account_receivable_turnover_ratio": 4.68,
            "reinvestment_rate": 37.14,
            "research_to_sale_ratio": 20.89,
            "price_fair": 76.56,
            "eps_avg_yearly": 2.19,
            "eps_latest_yearly": 2.32,
            "eps_growth_yearly": 34.77
        },
        "20114": {
            "year_quarter": 20114,
            "year": 2011,
            "quarter": 4,
            "eps": 0.63,
            "eps_growth_year": 6.94,
            "eps_4q": 2.79,
            "eps_4q_growth_year": 32.41,
            "roe": 3.96,
            "roe_4q": 18.84,
            "gross_profit": 2620000,
            "gross_margin": 63.64,
            "gross_margin_4q_avg": 67.46,
            "net_income": 1055000,
            "net_income_4q": null,
            "revenue": 4117000,
            "revenue_4q": null,
            "common_shares": 0,
            "book_valuer_per_share": 12.15,
            "book_valuer_per_share_4q_avg": 12.01,
            "equity": 26951000,
            "current_ratio": 270.24,
            "debt_ratio": 26,
            "inventory_turnover_ratio": 1.97,
            "account_receivable_turnover_ratio": 4.51,
            "reinvestment_rate": 44.31,
            "research_to_sale_ratio": 20.67,
            "price_fair": 76.13,
            "eps_avg_yearly": 2.18,
            "eps_latest_yearly": 2.52,
            "eps_growth_yearly": 25.76
        },
        "20121": {
            "year_quarter": 20121,
            "year": 2012,
            "quarter": 1,
            "eps": 0.83,
            "eps_growth_year": 8.12,
            "eps_4q": 2.85,
            "eps_4q_growth_year": 21.5,
            "roe": 5.05,
            "roe_4q": 18.15,
            "gross_profit": 2927000,
            "gross_margin": 62.53,
            "gross_margin_4q_avg": 65.89,
            "net_income": 1400000,
            "net_income_4q": null,
            "revenue": 4681000,
            "revenue_4q": null,
            "common_shares": 0,
            "book_valuer_per_share": 12.9,
            "book_valuer_per_share_4q_avg": 12.45,
            "equity": 28481000,
            "current_ratio": 281.02,
            "debt_ratio": 24.26,
            "inventory_turnover_ratio": 2.37,
            "account_receivable_turnover_ratio": 4.62,
            "reinvestment_rate": 51.06,
            "research_to_sale_ratio": 18.65,
            "price_fair": 79.1,
            "eps_avg_yearly": 2.26,
            "eps_latest_yearly": 3.32,
            "eps_growth_yearly": 40.68
        },
        "20122": {
            "year_quarter": 20122,
            "year": 2012,
            "quarter": 2,
            "eps": 0.9,
            "eps_growth_year": 11.74,
            "eps_4q": 2.94,
            "eps_4q_growth_year": 9.76,
            "roe": 4.76,
            "roe_4q": 17.61,
            "gross_profit": 3160000,
            "gross_margin": 63.93,
            "gross_margin_4q_avg": 63.71,
            "net_income": 1438000,
            "net_income_4q": null,
            "revenue": 4943000,
            "revenue_4q": null,
            "common_shares": 0,
            "book_valuer_per_share": 14.77,
            "book_valuer_per_share_4q_avg": 12.93,
            "equity": 31882000,
            "current_ratio": 344.94,
            "debt_ratio": 23.23,
            "inventory_turnover_ratio": 2.39,
            "account_receivable_turnover_ratio": 4.45,
            "reinvestment_rate": 55.73,
            "research_to_sale_ratio": 19.3,
            "price_fair": 82.6,
            "eps_avg_yearly": 2.36,
            "eps_latest_yearly": 3.6,
            "eps_growth_yearly": 42.28
        },
        "20123": {
            "year_quarter": 20123,
            "year": 2012,
            "quarter": 3,
            "eps": 0.7,
            "eps_growth_year": 19.85,
            "eps_4q": 3.06,
            "eps_4q_growth_year": 11.43,
            "roe": 3.74,
            "roe_4q": 17.51,
            "gross_profit": 2907000,
            "gross_margin": 62.84,
            "gross_margin_4q_avg": 63.24,
            "net_income": 1206000,
            "net_income_4q": null,
            "revenue": 4626000,
            "revenue_4q": null,
            "common_shares": 0,
            "book_valuer_per_share": 14.54,
            "book_valuer_per_share_4q_avg": 13.59,
            "equity": 32584000,
            "current_ratio": 296.9,
            "debt_ratio": 23.23,
            "inventory_turnover_ratio": 2.15,
            "account_receivable_turnover_ratio": 3.79,
            "reinvestment_rate": 62.66,
            "research_to_sale_ratio": 21.05,
            "price_fair": 84.44,
            "eps_avg_yearly": 2.41,
            "eps_latest_yearly": 2.8,
            "eps_growth_yearly": 37.22
        },
        "20124": {
            "year_quarter": 20124,
            "year": 2012,
            "quarter": 4,
            "eps": 0.72,
            "eps_growth_year": 14.68,
            "eps_4q": 3.15,
            "eps_4q_growth_year": 13.12,
            "roe": 3.75,
            "roe_4q": 17.3,
            "gross_profit": 3031000,
            "gross_margin": 62.23,
            "gross_margin_4q_avg": 62.88,
            "net_income": 1239000,
            "net_income_4q": null,
            "revenue": 4871000,
            "revenue_4q": null,
            "common_shares": 0,
            "book_valuer_per_share": 15.63,
            "book_valuer_per_share_4q_avg": 14.46,
            "equity": 33523000,
            "current_ratio": 295.08,
            "debt_ratio": 22.06,
            "inventory_turnover_ratio": 1.99,
            "account_receivable_turnover_ratio": 3.6,
            "reinvestment_rate": 74.62,
            "research_to_sale_ratio": 22.87,
            "price_fair": 84.79,
            "eps_avg_yearly": 2.42,
            "eps_latest_yearly": 2.88,
            "eps_growth_yearly": 28.24
        },
        "20131": {
            "year_quarter": 20131,
            "year": 2013,
            "quarter": 1,
            "eps": 1.09,
            "eps_growth_year": 32.28,
            "eps_4q": 3.42,
            "eps_4q_growth_year": 20.02,
            "roe": 5.53,
            "roe_4q": 17.78,
            "gross_profit": 3781000,
            "gross_margin": 62.83,
            "gross_margin_4q_avg": 62.96,
            "net_income": 1903000,
            "net_income_4q": null,
            "revenue": 6018000,
            "revenue_4q": null,
            "common_shares": 0,
            "book_valuer_per_share": 16.65,
            "book_valuer_per_share_4q_avg": 15.4,
            "equity": 35334000,
            "current_ratio": 341.72,
            "debt_ratio": 21.2,
            "inventory_turnover_ratio": 1.94,
            "account_receivable_turnover_ratio": 3.88,
            "reinvestment_rate": 68.24,
            "research_to_sale_ratio": 18.38,
            "price_fair": 91,
            "eps_avg_yearly": 2.6,
            "eps_latest_yearly": 4.36,
            "eps_growth_yearly": 52.12
        },
        "20132": {
            "year_quarter": 20132,
            "year": 2013,
            "quarter": 2,
            "eps": 1.06,
            "eps_growth_year": 18.21,
            "eps_4q": 3.58,
            "eps_4q_growth_year": 21.73,
            "roe": 5.11,
            "roe_4q": 18.130000000000003,
            "gross_profit": 3752000,
            "gross_margin": 61.27,
            "gross_margin_4q_avg": 62.29,
            "net_income": 1863000,
            "net_income_4q": null,
            "revenue": 6124000,
            "revenue_4q": null,
            "common_shares": null,
            "book_valuer_per_share": 17.9,
            "book_valuer_per_share_4q_avg": 16.18,
            "equity": 37611000,
            "current_ratio": 337.56,
            "debt_ratio": 20.98,
            "inventory_turnover_ratio": 1.72,
            "account_receivable_turnover_ratio": 3.46,
            "reinvestment_rate": 64.51,
            "research_to_sale_ratio": 19.82,
            "price_fair": 98.53,
            "eps_avg_yearly": 2.82,
            "eps_latest_yearly": 4.24,
            "eps_growth_yearly": 63.27
        },
        "20133": {
            "year_quarter": 20133,
            "year": 2013,
            "quarter": 3,
            "eps": 0.97,
            "eps_growth_year": 38.76,
            "eps_4q": 3.85,
            "eps_4q_growth_year": 25.99,
            "roe": 4.2,
            "roe_4q": 18.59,
            "gross_profit": 3746000,
            "gross_margin": 60,
            "gross_margin_4q_avg": 61.58,
            "net_income": 1578000,
            "net_income_4q": null,
            "revenue": 6243000,
            "revenue_4q": null,
            "common_shares": 0,
            "book_valuer_per_share": 17.94,
            "book_valuer_per_share_4q_avg": 17.03,
            "equity": 37578000,
            "current_ratio": 317.66,
            "debt_ratio": 19.72,
            "inventory_turnover_ratio": 1.56,
            "account_receivable_turnover_ratio": 3.25,
            "reinvestment_rate": 66.63,
            "research_to_sale_ratio": 20.79,
            "price_fair": 102.44,
            "eps_avg_yearly": 2.94,
            "eps_latest_yearly": 3.88,
            "eps_growth_yearly": 24.9
        },
        "20134": {
            "year_quarter": 20134,
            "year": 2013,
            "quarter": 4,
            "eps": 0.97,
            "eps_growth_year": 33.79,
            "eps_4q": 4.1,
            "eps_4q_growth_year": 30.05,
            "roe": 4.08,
            "roe_4q": 18.92,
            "gross_profit": 3767000,
            "gross_margin": 58.12,
            "gross_margin_4q_avg": 60.56,
            "net_income": 1501000,
            "net_income_4q": null,
            "revenue": 6481000,
            "revenue_4q": null,
            "common_shares": 0,
            "book_valuer_per_share": 17.54,
            "book_valuer_per_share_4q_avg": 17.51,
            "equity": 36088000,
            "current_ratio": 375.12,
            "debt_ratio": 20.71,
            "inventory_turnover_ratio": 1.79,
            "account_receivable_turnover_ratio": 3.17,
            "reinvestment_rate": 41.45,
            "research_to_sale_ratio": 20.81,
            "price_fair": 90.29,
            "eps_avg_yearly": 3.03,
            "eps_latest_yearly": 3.88,
            "eps_growth_yearly": 19.8
        },
        "20141": {
            "year_quarter": 20141,
            "year": 2014,
            "quarter": 1,
            "eps": 1.12,
            "eps_growth_year": 2,
            "eps_4q": 4.12,
            "eps_4q_growth_year": 20.54,
            "roe": 3.95,
            "roe_4q": 17.34,
            "gross_profit": 3977000,
            "gross_margin": 60.06,
            "gross_margin_4q_avg": 59.86,
            "net_income": 1444000,
            "net_income_4q": null,
            "revenue": 6622000,
            "revenue_4q": null,
            "common_shares": 0,
            "book_valuer_per_share": 17.98,
            "book_valuer_per_share_4q_avg": 17.84,
            "equity": 37027000,
            "current_ratio": 387.45,
            "debt_ratio": 20,
            "inventory_turnover_ratio": 2.24,
            "account_receivable_turnover_ratio": 3.82,
            "reinvestment_rate": 36.23,
            "research_to_sale_ratio": 20.04,
            "price_fair": 111.3,
            "eps_avg_yearly": 3.18,
            "eps_latest_yearly": 4.48,
            "eps_growth_yearly": 26.63
        },
        "20142": {
            "year_quarter": 20142,
            "year": 2014,
            "quarter": 2,
            "eps": 1.25,
            "eps_growth_year": 17.01,
            "eps_4q": 4.3,
            "eps_4q_growth_year": 20.07,
            "roe": 5.2,
            "roe_4q": 17.43,
            "gross_profit": 3947000,
            "gross_margin": 61.99,
            "gross_margin_4q_avg": 60.04,
            "net_income": 1958000,
            "net_income_4q": null,
            "revenue": 6367000,
            "revenue_4q": null,
            "common_shares": null,
            "book_valuer_per_share": 18.58,
            "book_valuer_per_share_4q_avg": 18.01,
            "equity": 38254000,
            "current_ratio": 356.01,
            "debt_ratio": 20.1,
            "inventory_turnover_ratio": 2.19,
            "account_receivable_turnover_ratio": 3.59,
            "reinvestment_rate": 36.73,
            "research_to_sale_ratio": 20.95,
            "price_fair": 118.13,
            "eps_avg_yearly": 3.38,
            "eps_latest_yearly": 5,
            "eps_growth_yearly": 31.94
        },
        "20143": {
            "year_quarter": 20143,
            "year": 2014,
            "quarter": 3,
            "eps": 1.34,
            "eps_growth_year": 37.46,
            "eps_4q": 4.66,
            "eps_4q_growth_year": 21.06,
            "roe": 5.81,
            "roe_4q": 19.04,
            "gross_profit": 4128000,
            "gross_margin": 60.65,
            "gross_margin_4q_avg": 60.21,
            "net_income": 2237000,
            "net_income_4q": null,
            "revenue": 6806000,
            "revenue_4q": null,
            "common_shares": null,
            "book_valuer_per_share": 19.07,
            "book_valuer_per_share_4q_avg": 18.29,
            "equity": 38789000,
            "current_ratio": 372.16,
            "debt_ratio": 19.78,
            "inventory_turnover_ratio": 2.3,
            "account_receivable_turnover_ratio": 3.16,
            "reinvestment_rate": 28.57,
            "research_to_sale_ratio": 20.95,
            "price_fair": 125.3,
            "eps_avg_yearly": 3.58,
            "eps_latest_yearly": 5.36,
            "eps_growth_yearly": 31.08
        },
        "20144": {
            "year_quarter": 20144,
            "year": 2014,
            "quarter": 4,
            "eps": 1.16,
            "eps_growth_year": 19.43,
            "eps_4q": 4.85,
            "eps_4q_growth_year": 18.43,
            "roe": 4.86,
            "roe_4q": 19.82,
            "gross_profit": 4000000,
            "gross_margin": 59.77,
            "gross_margin_4q_avg": 60.62,
            "net_income": 1894000,
            "net_income_4q": null,
            "revenue": 6692000,
            "revenue_4q": null,
            "common_shares": null,
            "book_valuer_per_share": 19.23,
            "book_valuer_per_share_4q_avg": 18.72,
            "equity": 39169000,
            "current_ratio": 372.74,
            "debt_ratio": 19.36,
            "inventory_turnover_ratio": 2.04,
            "account_receivable_turnover_ratio": 2.98,
            "reinvestment_rate": 24.79,
            "research_to_sale_ratio": 20.32,
            "price_fair": 127.88,
            "eps_avg_yearly": 3.72,
            "eps_latest_yearly": 4.64,
            "eps_growth_yearly": 24.35
        },
        "20151": {
            "year_quarter": 20151,
            "year": 2015,
            "quarter": 1,
            "eps": 1.28,
            "eps_growth_year": 14.8,
            "eps_4q": 5.02,
            "eps_4q_growth_year": 21.8,
            "roe": 5.05,
            "roe_4q": 20.919999999999998,
            "gross_profit": 4119000,
            "gross_margin": 58.02,
            "gross_margin_4q_avg": 60.11,
            "net_income": 1971000,
            "net_income_4q": null,
            "revenue": 7099000,
            "revenue_4q": null,
            "common_shares": null,
            "book_valuer_per_share": 19.29,
            "book_valuer_per_share_4q_avg": 19.04,
            "equity": 38823000,
            "current_ratio": 355.36,
            "debt_ratio": 19.87,
            "inventory_turnover_ratio": 1.85,
            "account_receivable_turnover_ratio": 3.05,
            "reinvestment_rate": 20.72,
            "research_to_sale_ratio": 18.99,
            "price_fair": 114.56,
            "eps_avg_yearly": 3.85,
            "eps_latest_yearly": 5.12,
            "eps_growth_yearly": 19.74
        },
        "20152": {
            "year_quarter": 20152,
            "year": 2015,
            "quarter": 2,
            "eps": 0.69,
            "eps_growth_year": -44.27,
            "eps_4q": 4.47,
            "eps_4q_growth_year": 3.85,
            "roe": 2.74,
            "roe_4q": 18.46,
            "gross_profit": 4329000,
            "gross_margin": 62.79,
            "gross_margin_4q_avg": 60.31,
            "net_income": 1052000,
            "net_income_4q": null,
            "revenue": 6894000,
            "revenue_4q": null,
            "common_shares": 0,
            "book_valuer_per_share": 18.96,
            "book_valuer_per_share_4q_avg": 19.14,
            "equity": 37839000,
            "current_ratio": 336.2,
            "debt_ratio": 19.79,
            "inventory_turnover_ratio": 1.42,
            "account_receivable_turnover_ratio": 3.21,
            "reinvestment_rate": 19.55,
            "research_to_sale_ratio": 19.9,
            "price_fair": 63.33,
            "eps_avg_yearly": 3.82,
            "eps_latest_yearly": 2.76,
            "eps_growth_yearly": 6.57
        },
        "20153": {
            "year_quarter": 20153,
            "year": 2015,
            "quarter": 3,
            "eps": 0.87,
            "eps_growth_year": -34.56,
            "eps_4q": 4,
            "eps_4q_growth_year": -14.15,
            "roe": 3.33,
            "roe_4q": 15.98,
            "gross_profit": 3436000,
            "gross_margin": 58.92,
            "gross_margin_4q_avg": 59.88,
            "net_income": 1183000,
            "net_income_4q": null,
            "revenue": 5832000,
            "revenue_4q": null,
            "common_shares": null,
            "book_valuer_per_share": 16.82,
            "book_valuer_per_share_4q_avg": 18.58,
            "equity": 33202000,
            "current_ratio": 426.24,
            "debt_ratio": 36.51,
            "inventory_turnover_ratio": 1.39,
            "account_receivable_turnover_ratio": 2.9,
            "reinvestment_rate": 19.29,
            "research_to_sale_ratio": 24.07,
            "price_fair": 117.59,
            "eps_avg_yearly": 3.9,
            "eps_latest_yearly": 3.48,
            "eps_growth_yearly": 20.19
        },
        "20154": {
            "year_quarter": 20154,
            "year": 2015,
            "quarter": 4,
            "eps": 0.76,
            "eps_growth_year": -34.28,
            "eps_4q": 3.61,
            "eps_4q_growth_year": -25.64,
            "roe": 3.28,
            "roe_4q": 14.399999999999999,
            "gross_profit": 3292000,
            "gross_margin": 60.34,
            "gross_margin_4q_avg": 60.02,
            "net_income": 1061000,
            "net_income_4q": null,
            "revenue": 5456000,
            "revenue_4q": null,
            "common_shares": null,
            "book_valuer_per_share": 14.57,
            "book_valuer_per_share_4q_avg": 17.41,
            "equity": 31421000,
            "current_ratio": 362.28,
            "debt_ratio": 38.14,
            "inventory_turnover_ratio": 1.41,
            "account_receivable_turnover_ratio": 2.78,
            "reinvestment_rate": 12.53,
            "research_to_sale_ratio": 24.82,
            "price_fair": 97.69,
            "eps_avg_yearly": 3.93,
            "eps_latest_yearly": 3.04,
            "eps_growth_yearly": 14.87
        },
        "20161": {
            "year_quarter": 20161,
            "year": 2016,
            "quarter": 1,
            "eps": 0.95,
            "eps_growth_year": -25.92,
            "eps_4q": 3.28,
            "eps_4q_growth_year": -34.7,
            "roe": 4.85,
            "roe_4q": 14.2,
            "gross_profit": 3381000,
            "gross_margin": 58.55,
            "gross_margin_4q_avg": 60.15,
            "net_income": 1496000,
            "net_income_4q": null,
            "revenue": 5775000,
            "revenue_4q": null,
            "common_shares": 0,
            "book_valuer_per_share": 13.72,
            "book_valuer_per_share_4q_avg": 16.02,
            "equity": 30241000,
            "current_ratio": 312.75,
            "debt_ratio": 39.79,
            "inventory_turnover_ratio": 1.77,
            "account_receivable_turnover_ratio": 3.51,
            "reinvestment_rate": 9.21,
            "research_to_sale_ratio": 23.36,
            "price_fair": 91.76,
            "eps_avg_yearly": 3.96,
            "eps_latest_yearly": 3.8,
            "eps_growth_yearly": 13.19
        },
        "20162": {
            "year_quarter": 20162,
            "year": 2016,
            "quarter": 2,
            "eps": 0.92,
            "eps_growth_year": 32.22,
            "eps_4q": 3.5,
            "eps_4q_growth_year": -21.63,
            "roe": 3.89,
            "roe_4q": 15.35,
            "gross_profit": 3515000,
            "gross_margin": 63.32,
            "gross_margin_4q_avg": 60.28,
            "net_income": 1164000,
            "net_income_4q": null,
            "revenue": 5551000,
            "revenue_4q": null,
            "common_shares": null,
            "book_valuer_per_share": 13.7,
            "book_valuer_per_share_4q_avg": 14.7,
            "equity": 29645000,
            "current_ratio": 286.89,
            "debt_ratio": 40.78,
            "inventory_turnover_ratio": 1.54,
            "account_receivable_turnover_ratio": 3.63,
            "reinvestment_rate": -0.27,
            "research_to_sale_ratio": 23.4,
            "price_fair": 80.39,
            "eps_avg_yearly": 3.96,
            "eps_latest_yearly": 3.68,
            "eps_growth_yearly": 10.29
        },
        "20163": {
            "year_quarter": 20163,
            "year": 2016,
            "quarter": 3,
            "eps": 1.09,
            "eps_growth_year": 24.45,
            "eps_4q": 3.71,
            "eps_4q_growth_year": -7.26,
            "roe": 4.79,
            "roe_4q": 16.81,
            "gross_profit": 3609000,
            "gross_margin": 59.71,
            "gross_margin_4q_avg": 60.48,
            "net_income": 1443000,
            "net_income_4q": null,
            "revenue": 6044000,
            "revenue_4q": null,
            "common_shares": null,
            "book_valuer_per_share": 14.47,
            "book_valuer_per_share_4q_avg": 14.12,
            "equity": 30647000,
            "current_ratio": 306.58,
            "debt_ratio": 39.65,
            "inventory_turnover_ratio": 1.76,
            "account_receivable_turnover_ratio": 3.29,
            "reinvestment_rate": -4.21,
            "research_to_sale_ratio": 20.95,
            "price_fair": 123.68,
            "eps_avg_yearly": 4.06,
            "eps_latest_yearly": 4.36,
            "eps_growth_yearly": 20.46
        },
        "20164": {
            "year_quarter": 20164,
            "year": 2016,
            "quarter": 4,
            "eps": 0.97,
            "eps_growth_year": 27.16,
            "eps_4q": 3.92,
            "eps_4q_growth_year": 8.65,
            "roe": 5.12,
            "roe_4q": 18.65,
            "gross_profit": 3734000,
            "gross_margin": 60.38,
            "gross_margin_4q_avg": 60.49,
            "net_income": 1599000,
            "net_income_4q": null,
            "revenue": 6184000,
            "revenue_4q": null,
            "common_shares": 414000,
            "book_valuer_per_share": 15.31,
            "book_valuer_per_share_4q_avg": 14.3,
            "equity": 31778000,
            "current_ratio": 314.33,
            "debt_ratio": 39.31,
            "inventory_turnover_ratio": 1.69,
            "account_receivable_turnover_ratio": 2.97,
            "reinvestment_rate": -7.75,
            "research_to_sale_ratio": 19.83,
            "price_fair": 111.3,
            "eps_avg_yearly": 4.12,
            "eps_latest_yearly": 3.88,
            "eps_growth_yearly": 17
        },
        "20171": {
            "year_quarter": 20171,
            "year": 2017,
            "quarter": 1,
            "eps": 1.07,
            "eps_growth_year": 12.54,
            "eps_4q": 4.04,
            "eps_4q_growth_year": 23.28,
            "roe": 2.16,
            "roe_4q": 15.96,
            "gross_profit": 3640000,
            "gross_margin": 60.68,
            "gross_margin_4q_avg": 61.02,
            "net_income": 681000,
            "net_income_4q": null,
            "revenue": 5999000,
            "revenue_4q": null,
            "common_shares": 214000,
            "book_valuer_per_share": 15.01,
            "book_valuer_per_share_4q_avg": 14.62,
            "equity": 31215000,
            "current_ratio": 197.39,
            "debt_ratio": 40.39,
            "inventory_turnover_ratio": 1.36,
            "account_receivable_turnover_ratio": 2.79,
            "reinvestment_rate": 5.09,
            "research_to_sale_ratio": 21.8,
            "price_fair": 68.88,
            "eps_avg_yearly": 4.12,
            "eps_latest_yearly": 4.28,
            "eps_growth_yearly": 6.73
        },
        "20172": {
            "year_quarter": 20172,
            "year": 2017,
            "quarter": 2,
            "eps": 0.65,
            "eps_growth_year": -28.68,
            "eps_4q": 3.78,
            "eps_4q_growth_year": 7.89,
            "roe": 2.39,
            "roe_4q": 14.46,
            "gross_profit": 2914000,
            "gross_margin": 58.09,
            "gross_margin_4q_avg": 59.72,
            "net_income": 749000,
            "net_income_4q": null,
            "revenue": 5016000,
            "revenue_4q": null,
            "common_shares": null,
            "book_valuer_per_share": 14.06,
            "book_valuer_per_share_4q_avg": 14.71,
            "equity": 31344000,
            "current_ratio": 166.66,
            "debt_ratio": 44.11,
            "inventory_turnover_ratio": 1.06,
            "account_receivable_turnover_ratio": 1.6,
            "reinvestment_rate": 0.11,
            "research_to_sale_ratio": 27.39,
            "price_fair": 12.05,
            "eps_avg_yearly": 4.02,
            "eps_latest_yearly": 2.6,
            "eps_growth_yearly": -2.4
        },
        "20173": {
            "year_quarter": 20173,
            "year": 2017,
            "quarter": 3,
            "eps": 0.69,
            "eps_growth_year": -36.93,
            "eps_4q": 3.37,
            "eps_4q_growth_year": -9.15,
            "roe": 2.76,
            "roe_4q": 12.43,
            "gross_profit": 3022000,
            "gross_margin": 56.27,
            "gross_margin_4q_avg": 58.86,
            "net_income": 865000,
            "net_income_4q": null,
            "revenue": 5371000,
            "revenue_4q": null,
            "common_shares": 225000,
            "book_valuer_per_share": 14.15,
            "book_valuer_per_share_4q_avg": 14.63,
            "equity": 31294000,
            "current_ratio": 294.89,
            "debt_ratio": 51.39,
            "inventory_turnover_ratio": 1.15,
            "account_receivable_turnover_ratio": 1.39,
            "reinvestment_rate": 11.75,
            "research_to_sale_ratio": 25.84,
            "price_fair": 44.44,
            "eps_avg_yearly": 3.95,
            "eps_latest_yearly": 2.76,
            "eps_growth_yearly": 1.26
        },
        "20174": {
            "year_quarter": 20174,
            "year": 2017,
            "quarter": 4,
            "eps": 0.45,
            "eps_growth_year": -53.78,
            "eps_4q": 2.85,
            "eps_4q_growth_year": -27.18,
            "roe": 0.48,
            "roe_4q": 7.79,
            "gross_profit": 3219000,
            "gross_margin": 54.83,
            "gross_margin_4q_avg": 57.47,
            "net_income": 148000,
            "net_income_4q": null,
            "revenue": 5871000,
            "revenue_4q": null,
            "common_shares": 274000,
            "book_valuer_per_share": 13.83,
            "book_valuer_per_share_4q_avg": 14.26,
            "equity": 30746000,
            "current_ratio": 399.68,
            "debt_ratio": 53.05,
            "inventory_turnover_ratio": 1.31,
            "account_receivable_turnover_ratio": 1.64,
            "reinvestment_rate": -59.27,
            "research_to_sale_ratio": 23.81,
            "price_fair": 11.45,
            "eps_avg_yearly": 3.82,
            "eps_latest_yearly": 1.8,
            "eps_growth_yearly": -7.43
        },
        "20181": {
            "year_quarter": 20181,
            "year": 2018,
            "quarter": 1,
            "eps": -3.05,
            "eps_growth_year": -386.15,
            "eps_4q": -1.27,
            "eps_4q_growth_year": -131.35,
            "roe": -19.81,
            "roe_4q": -14.18,
            "gross_profit": 3478000,
            "gross_margin": 57.63,
            "gross_margin_4q_avg": 56.71,
            "net_income": -5416000,
            "net_income_4q": null,
            "revenue": 6035000,
            "revenue_4q": null,
            "common_shares": 265000,
            "book_valuer_per_share": 9.28,
            "book_valuer_per_share_4q_avg": 12.83,
            "equity": 23924000,
            "current_ratio": 340.62,
            "debt_ratio": 62.82,
            "inventory_turnover_ratio": 1.31,
            "account_receivable_turnover_ratio": 1.81,
            "reinvestment_rate": -73.38,
            "research_to_sale_ratio": 23.5,
            "price_fair": 11.31,
            "eps_avg_yearly": 3.77,
            "eps_latest_yearly": 1.8,
            "eps_growth_yearly": -12.05
        },
        "20182": {
            "year_quarter": 20182,
            "year": 2018,
            "quarter": 2,
            "eps": 0.49,
            "eps_growth_year": -24.79,
            "eps_4q": -1.43,
            "eps_4q_growth_year": -137.84,
            "roe": 1.34,
            "roe_4q": -15.229999999999999,
            "gross_profit": 3083000,
            "gross_margin": 59.06,
            "gross_margin_4q_avg": 56.95,
            "net_income": 320000,
            "net_income_4q": null,
            "revenue": 5220000,
            "revenue_4q": null,
            "common_shares": 495000,
            "book_valuer_per_share": 9.25,
            "book_valuer_per_share_4q_avg": 11.63,
            "equity": 23819000,
            "current_ratio": 359.75,
            "debt_ratio": 62.86,
            "inventory_turnover_ratio": 1.16,
            "account_receivable_turnover_ratio": 1.58,
            "reinvestment_rate": -111.43,
            "research_to_sale_ratio": 26.82,
            "price_fair": 11.05,
            "eps_avg_yearly": 3.68,
            "eps_latest_yearly": 1.8,
            "eps_growth_yearly": -16.23
        },
        "20183": {
            "year_quarter": 20183,
            "year": 2018,
            "quarter": 3,
            "eps": 0.85,
            "eps_growth_year": 23.95,
            "eps_4q": -1.26,
            "eps_4q_growth_year": -137.47,
            "roe": 4.62,
            "roe_4q": -13.369999999999997,
            "gross_profit": 3213000,
            "gross_margin": 57.61,
            "gross_margin_4q_avg": 57.28,
            "net_income": 1083000,
            "net_income_4q": null,
            "revenue": 5577000,
            "revenue_4q": null,
            "common_shares": 0,
            "book_valuer_per_share": 9.03,
            "book_valuer_per_share_4q_avg": 10.35,
            "equity": 23068000,
            "current_ratio": 273.37,
            "debt_ratio": 62.85,
            "inventory_turnover_ratio": 1.32,
            "account_receivable_turnover_ratio": 1.67,
            "reinvestment_rate": -122.62,
            "research_to_sale_ratio": 25.35,
            "price_fair": 45.01,
            "eps_avg_yearly": 3.54,
            "eps_latest_yearly": 3.4,
            "eps_growth_yearly": 2.71
        },
        "20184": {
            "year_quarter": 20184,
            "year": 2018,
            "quarter": 4,
            "eps": -0.25,
            "eps_growth_year": -155.65,
            "eps_4q": -1.96,
            "eps_4q_growth_year": -168.64,
            "roe": -4.26,
            "roe_4q": -18.11,
            "gross_profit": 2928000,
            "gross_margin": 50.67,
            "gross_margin_4q_avg": 56.24,
            "net_income": -509000,
            "net_income_4q": null,
            "revenue": 5778000,
            "revenue_4q": null,
            "common_shares": 0,
            "book_valuer_per_share": -7.09,
            "book_valuer_per_share_4q_avg": 5.12,
            "equity": 807000,
            "current_ratio": 152.64,
            "debt_ratio": 97.53,
            "inventory_turnover_ratio": 1.64,
            "account_receivable_turnover_ratio": 1.9,
            "reinvestment_rate": -138.71,
            "research_to_sale_ratio": 24.02,
            "price_fair": 58.96,
            "eps_avg_yearly": 3.46,
            "eps_latest_yearly": 3.4,
            "eps_growth_yearly": 7.05
        },
        "20191": {
            "year_quarter": 20191,
            "year": 2019,
            "quarter": 1,
            "eps": 1.02,
            "eps_growth_year": null,
            "eps_4q": 2.11,
            "eps_4q_growth_year": null,
            "roe": 48.28,
            "roe_4q": 49.980000000000004,
            "gross_profit": 2757000,
            "gross_margin": 56.94,
            "gross_margin_4q_avg": 56.07,
            "net_income": 1068000,
            "net_income_4q": null,
            "revenue": 4842000,
            "revenue_4q": null,
            "common_shares": 0,
            "book_valuer_per_share": -4.48,
            "book_valuer_per_share_4q_avg": 1.68,
            "equity": 3617000,
            "current_ratio": 154.36,
            "debt_ratio": 89.44,
            "inventory_turnover_ratio": 1.23,
            "account_receivable_turnover_ratio": 1.53,
            "reinvestment_rate": -157.31,
            "research_to_sale_ratio": 26.19,
            "price_fair": 47.1,
            "eps_avg_yearly": 3.32,
            "eps_latest_yearly": 3.4,
            "eps_growth_yearly": 4.19
        },
        "20192": {
            "year_quarter": 20192,
            "year": 2019,
            "quarter": 2,
            "eps": 0.65,
            "eps_growth_year": 31.14,
            "eps_4q": 2.26,
            "eps_4q_growth_year": null,
            "roe": 17.72,
            "roe_4q": 66.36,
            "gross_profit": 2902000,
            "gross_margin": 58.25,
            "gross_margin_4q_avg": 55.87,
            "net_income": 663000,
            "net_income_4q": null,
            "revenue": 4982000,
            "revenue_4q": null,
            "common_shares": 384000,
            "book_valuer_per_share": -4.07,
            "book_valuer_per_share_4q_avg": -1.65,
            "equity": 3866000,
            "current_ratio": 155.22,
            "debt_ratio": 88.64,
            "inventory_turnover_ratio": 1.22,
            "account_receivable_turnover_ratio": 1.41,
            "reinvestment_rate": -163.22,
            "research_to_sale_ratio": 26.23,
            "price_fair": 57.73,
            "eps_avg_yearly": 3.31,
            "eps_latest_yearly": 2.6,
            "eps_growth_yearly": 7.46
        },
        "20193": {
            "year_quarter": 20193,
            "year": 2019,
            "quarter": 3,
            "eps": -0.51,
            "eps_growth_year": -160.14,
            "eps_4q": 0.9,
            "eps_4q_growth_year": null,
            "roe": 46.07,
            "roe_4q": 107.80999999999999,
            "gross_profit": 2917000,
            "gross_margin": 59.11,
            "gross_margin_4q_avg": 56.24,
            "net_income": 2149000,
            "net_income_4q": null,
            "revenue": 4935000,
            "revenue_4q": null,
            "common_shares": 581000,
            "book_valuer_per_share": -2.62,
            "book_valuer_per_share_4q_avg": -4.57,
            "equity": 5463000,
            "current_ratio": 176.95,
            "debt_ratio": 83.99,
            "inventory_turnover_ratio": 1.15,
            "account_receivable_turnover_ratio": 1.64,
            "reinvestment_rate": -140.14,
            "research_to_sale_ratio": 27.94,
            "price_fair": 9.87,
            "eps_avg_yearly": 3.29,
            "eps_latest_yearly": 2.6,
            "eps_growth_yearly": -1.35
        },
        "20194": {
            "year_quarter": 20194,
            "year": 2019,
            "quarter": 4,
            "eps": 0.44,
            "eps_growth_year": null,
            "eps_4q": 1.59,
            "eps_4q_growth_year": null,
            "roe": 9.76,
            "roe_4q": 121.83,
            "gross_profit": 2696000,
            "gross_margin": 56,
            "gross_margin_4q_avg": 57.58,
            "net_income": 506000,
            "net_income_4q": null,
            "revenue": 4814000,
            "revenue_4q": null,
            "common_shares": 343000,
            "book_valuer_per_share": -3.1,
            "book_valuer_per_share_4q_avg": -3.57,
            "equity": 4909000,
            "current_ratio": 187.63,
            "debt_ratio": 85.1,
            "inventory_turnover_ratio": 1.33,
            "account_receivable_turnover_ratio": 1.98,
            "reinvestment_rate": -154.12,
            "research_to_sale_ratio": 29.93,
            "price_fair": 45.01,
            "eps_avg_yearly": 3.32,
            "eps_latest_yearly": 2.6,
            "eps_growth_yearly": 3.57
        },
        "20201": {
            "year_quarter": 20201,
            "year": 2020,
            "quarter": 1,
            "eps": 0.8,
            "eps_growth_year": -21.46,
            "eps_4q": 1.37,
            "eps_4q_growth_year": -35.03,
            "roe": 19.63,
            "roe_4q": 93.18,
            "gross_profit": 2964000,
            "gross_margin": 58.38,
            "gross_margin_4q_avg": 57.94,
            "net_income": 925000,
            "net_income_4q": null,
            "revenue": 5077000,
            "revenue_4q": null,
            "common_shares": 0,
            "book_valuer_per_share": -3.35,
            "book_valuer_per_share_4q_avg": -3.29,
            "equity": 4513000,
            "current_ratio": 176.26,
            "debt_ratio": 86.37,
            "inventory_turnover_ratio": 1.5,
            "account_receivable_turnover_ratio": 1.95,
            "reinvestment_rate": -165.74,
            "research_to_sale_ratio": 27.69,
            "price_fair": 113.96,
            "eps_avg_yearly": 3.26,
            "eps_latest_yearly": 3.2,
            "eps_growth_yearly": 26.3
        },
        "20202": {
            "year_quarter": 20202,
            "year": 2020,
            "quarter": 2,
            "eps": 0.57,
            "eps_growth_year": -11.52,
            "eps_4q": 1.3,
            "eps_4q_growth_year": -42.71,
            "roe": 12.38,
            "roe_4q": 87.84,
            "gross_profit": 2919000,
            "gross_margin": 55.96,
            "gross_margin_4q_avg": 57.36,
            "net_income": 468000,
            "net_income_4q": null,
            "revenue": 5216000,
            "revenue_4q": null,
            "common_shares": 0,
            "book_valuer_per_share": -4.56,
            "book_valuer_per_share_4q_avg": -3.41,
            "equity": 3045000,
            "current_ratio": 156.67,
            "debt_ratio": 90.47,
            "inventory_turnover_ratio": 1.47,
            "account_receivable_turnover_ratio": 1.79,
            "reinvestment_rate": -170.56,
            "research_to_sale_ratio": 28.14,
            "price_fair": 81.22,
            "eps_avg_yearly": 3.12,
            "eps_latest_yearly": 2.28,
            "eps_growth_yearly": 16.06
        },
        "20203": {
            "year_quarter": 20203,
            "year": 2020,
            "quarter": 3,
            "eps": 0.75,
            "eps_growth_year": null,
            "eps_4q": 2.56,
            "eps_4q_growth_year": 184.02,
            "roe": 26.61,
            "roe_4q": 68.38000000000001,
            "gross_profit": 2813000,
            "gross_margin": 57.49,
            "gross_margin_4q_avg": 56.96,
            "net_income": 845000,
            "net_income_4q": null,
            "revenue": 4893000,
            "revenue_4q": null,
            "common_shares": 113000,
            "book_valuer_per_share": -4.2,
            "book_valuer_per_share_4q_avg": -3.8,
            "equity": 3306000,
            "current_ratio": 196.59,
            "debt_ratio": 89.77,
            "inventory_turnover_ratio": 1.03,
            "account_receivable_turnover_ratio": 1.99,
            "reinvestment_rate": -180.72,
            "research_to_sale_ratio": 31.06,
            "price_fair": 93.29,
            "eps_avg_yearly": 2.98,
            "eps_latest_yearly": 3,
            "eps_growth_yearly": 21.3
        },
        "20204": {
            "year_quarter": 20204,
            "year": 2020,
            "quarter": 4,
            "eps": 1.22,
            "eps_growth_year": 176.88,
            "eps_4q": 3.34,
            "eps_4q_growth_year": 110,
            "roe": 63.09,
            "roe_4q": 121.71,
            "gross_profit": 3780000,
            "gross_margin": 57.75,
            "gross_margin_4q_avg": 57.4,
            "net_income": 2960000,
            "net_income_4q": null,
            "revenue": 6546000,
            "revenue_4q": null,
            "common_shares": 586000,
            "book_valuer_per_share": -1.68,
            "book_valuer_per_share_4q_avg": -3.45,
            "equity": 6077000,
            "current_ratio": 213.55,
            "debt_ratio": 82.93,
            "inventory_turnover_ratio": 1.12,
            "account_receivable_turnover_ratio": 2.24,
            "reinvestment_rate": -214.45,
            "research_to_sale_ratio": 24.17,
            "price_fair": 107.8,
            "eps_avg_yearly": 3.08,
            "eps_latest_yearly": 4.88,
            "eps_growth_yearly": 50.77
        },
        "20211": {
            "year_quarter": 20211,
            "year": 2021,
            "quarter": 1,
            "eps": 2.12,
            "eps_growth_year": 166.2,
            "eps_4q": 4.66,
            "eps_4q_growth_year": 240.12,
            "roe": 36.49,
            "roe_4q": 138.57000000000002,
            "gross_profit": 4746000,
            "gross_margin": 57.63,
            "gross_margin_4q_avg": 57.21,
            "net_income": 2455000,
            "net_income_4q": null,
            "revenue": 8235000,
            "revenue_4q": null,
            "common_shares": 113000,
            "book_valuer_per_share": -0.46,
            "book_valuer_per_share_4q_avg": -2.73,
            "equity": 7380000,
            "current_ratio": 214.59,
            "debt_ratio": 80.31,
            "inventory_turnover_ratio": 1.35,
            "account_receivable_turnover_ratio": 2.02,
            "reinvestment_rate": -192.64,
            "research_to_sale_ratio": 20.07,
            "price_fair": 122.5,
            "eps_avg_yearly": 3.5,
            "eps_latest_yearly": 8.48,
            "eps_growth_yearly": 76.16
        },
        "20212": {
            "year_quarter": 20212,
            "year": 2021,
            "quarter": 2,
            "eps": 1.54,
            "eps_growth_year": 169.92,
            "eps_4q": 5.63,
            "eps_4q_growth_year": 334.44,
            "roe": 23.8,
            "roe_4q": 149.99,
            "gross_profit": 4503000,
            "gross_margin": 56.75,
            "gross_margin_4q_avg": 57.41,
            "net_income": 1762000,
            "net_income_4q": null,
            "revenue": 7935000,
            "revenue_4q": null,
            "common_shares": 0,
            "book_valuer_per_share": -1.29,
            "book_valuer_per_share_4q_avg": -1.91,
            "equity": 7424000,
            "current_ratio": 201.75,
            "debt_ratio": 80.03,
            "inventory_turnover_ratio": 1.31,
            "account_receivable_turnover_ratio": 2.12,
            "reinvestment_rate": -153.84,
            "research_to_sale_ratio": 22.43,
            "price_fair": 134.96,
            "eps_avg_yearly": 3.86,
            "eps_latest_yearly": 6.16,
            "eps_growth_yearly": 80.92
        },
        "20213": {
            "year_quarter": 20213,
            "year": 2021,
            "quarter": 3,
            "eps": 1.78,
            "eps_growth_year": 136.1,
            "eps_4q": 6.66,
            "eps_4q_growth_year": 160.02,
            "roe": 25.99,
            "roe_4q": 149.37,
            "gross_profit": 4656000,
            "gross_margin": 57.77,
            "gross_margin_4q_avg": 57.48,
            "net_income": 2027000,
            "net_income_4q": null,
            "revenue": 8060000,
            "revenue_4q": null,
            "common_shares": 112,
            "book_valuer_per_share": -0.53,
            "book_valuer_per_share_4q_avg": -0.99,
            "equity": 8177000,
            "current_ratio": 171.84,
            "debt_ratio": 78.91,
            "inventory_turnover_ratio": 1.17,
            "account_receivable_turnover_ratio": 2.56,
            "reinvestment_rate": -0.54,
            "research_to_sale_ratio": 23.13,
            "price_fair": 150.22,
            "eps_avg_yearly": 4.29,
            "eps_latest_yearly": 7.12,
            "eps_growth_yearly": 84.69
        },
        "20214": {
            "year_quarter": 20214,
            "year": 2021,
            "quarter": 4,
            "eps": 2.45,
            "eps_growth_year": 101.79,
            "eps_4q": 7.9,
            "eps_4q_growth_year": 136.58,
            "roe": 30.87,
            "roe_4q": 117.15,
            "gross_profit": 5399000,
            "gross_margin": 57.83,
            "gross_margin_4q_avg": 57.5,
            "net_income": 2798000,
            "net_income_4q": null,
            "revenue": 9336000,
            "revenue_4q": null,
            "common_shares": 112,
            "book_valuer_per_share": 1.11,
            "book_valuer_per_share_4q_avg": -0.29,
            "equity": 9950000,
            "current_ratio": 167.98,
            "debt_ratio": 75.87,
            "inventory_turnover_ratio": 1.24,
            "account_receivable_turnover_ratio": 2.86,
            "reinvestment_rate": -22.06,
            "research_to_sale_ratio": 20.13,
            "price_fair": 178.22,
            "eps_avg_yearly": 5.09,
            "eps_latest_yearly": 9.8,
            "eps_growth_yearly": 113.66
        },
        "20221": {
            "year_quarter": 20221,
            "year": 2022,
            "quarter": 1,
            "eps": 2.98,
            "eps_growth_year": 40.13,
            "eps_4q": 8.75,
            "eps_4q_growth_year": 87.58,
            "roe": 31.94,
            "roe_4q": 112.6,
            "gross_profit": 6402000,
            "gross_margin": 59.8,
            "gross_margin_4q_avg": 58.04,
            "net_income": 3399000,
            "net_income_4q": null,
            "revenue": 10705000,
            "revenue_4q": null,
            "common_shares": 112,
            "book_valuer_per_share": 2.4,
            "book_valuer_per_share_4q_avg": 0.42,
            "equity": 11333000,
            "current_ratio": 164.77,
            "debt_ratio": 73.53,
            "inventory_turnover_ratio": 1.21,
            "account_receivable_turnover_ratio": 2.81,
            "reinvestment_rate": 6.39,
            "research_to_sale_ratio": 18.03,
            "price_fair": 199.95,
            "eps_avg_yearly": 5.71,
            "eps_latest_yearly": 11.92,
            "eps_growth_yearly": 111.19
        },
        "20222": {
            "year_quarter": 20222,
            "year": 2022,
            "quarter": 2,
            "eps": 2.59,
            "eps_growth_year": 67.92,
            "eps_4q": 9.8,
            "eps_4q_growth_year": 73.86,
            "roe": 23.79,
            "roe_4q": 112.59,
            "gross_profit": 6516000,
            "gross_margin": 58.37,
            "gross_margin_4q_avg": 58.44,
            "net_income": 2934000,
            "net_income_4q": null,
            "revenue": 11164000,
            "revenue_4q": null,
            "common_shares": 112,
            "book_valuer_per_share": 4.29,
            "book_valuer_per_share_4q_avg": 1.82,
            "equity": 13328000,
            "current_ratio": 160.88,
            "debt_ratio": 69.92,
            "inventory_turnover_ratio": 1.1,
            "account_receivable_turnover_ratio": 2.75,
            "reinvestment_rate": 6.99,
            "research_to_sale_ratio": 18.22,
            "price_fair": 213.5,
            "eps_avg_yearly": 6.1,
            "eps_latest_yearly": 10.36,
            "eps_growth_yearly": 97.56
        },
        "20223": {
            "year_quarter": 20223,
            "year": 2022,
            "quarter": 3,
            "eps": 2.48,
            "eps_growth_year": 39.83,
            "eps_4q": 10.5,
            "eps_4q_growth_year": 57.75,
            "roe": 25.39,
            "roe_4q": 111.99000000000001,
            "gross_profit": 6120000,
            "gross_margin": 55.96,
            "gross_margin_4q_avg": 57.99,
            "net_income": 3730000,
            "net_income_4q": null,
            "revenue": 10936000,
            "revenue_4q": null,
            "common_shares": 112,
            "book_valuer_per_share": 3.01,
            "book_valuer_per_share_4q_avg": 2.7,
            "equity": 16048000,
            "current_ratio": 160.61,
            "debt_ratio": 65.87,
            "inventory_turnover_ratio": 0.97,
            "account_receivable_turnover_ratio": 2.77,
            "reinvestment_rate": 3.59,
            "research_to_sale_ratio": 18.76,
            "price_fair": 232.52,
            "eps_avg_yearly": 6.64,
            "eps_latest_yearly": 9.92,
            "eps_growth_yearly": 71.66
        },
        "20224": {
            "year_quarter": 20224,
            "year": 2022,
            "quarter": 4,
            "eps": 2.59,
            "eps_growth_year": 5.47,
            "eps_4q": 10.64,
            "eps_4q_growth_year": 34.71,
            "roe": 17.16,
            "roe_4q": 98.28,
            "gross_profit": 6527000,
            "gross_margin": 57.28,
            "gross_margin_4q_avg": 57.85,
            "net_income": 2923000,
            "net_income_4q": null,
            "revenue": 11395000,
            "revenue_4q": null,
            "common_shares": 195000,
            "book_valuer_per_share": 5.02,
            "book_valuer_per_share_4q_avg": 3.68,
            "equity": 18013000,
            "current_ratio": 174.65,
            "debt_ratio": 63.25,
            "inventory_turnover_ratio": 0.83,
            "account_receivable_turnover_ratio": 2.41,
            "reinvestment_rate": 3.61,
            "research_to_sale_ratio": 19.11,
            "price_fair": 242.52,
            "eps_avg_yearly": 6.93,
            "eps_latest_yearly": 10.36,
            "eps_growth_yearly": 67.51
        },
        "20231": {
            "year_quarter": 20231,
            "year": 2023,
            "quarter": 1,
            "eps": 2.09,
            "eps_growth_year": -29.82,
            "eps_4q": 9.75,
            "eps_4q_growth_year": 11.44,
            "roe": 12.35,
            "roe_4q": 78.69,
            "gross_profit": 5419000,
            "gross_margin": 57.27,
            "gross_margin_4q_avg": 57.22,
            "net_income": 2273000,
            "net_income_4q": null,
            "revenue": 9463000,
            "revenue_4q": null,
            "common_shares": 112,
            "book_valuer_per_share": 5.76,
            "book_valuer_per_share_4q_avg": 4.52,
            "equity": 18810000,
            "current_ratio": 209.28,
            "debt_ratio": 62.39,
            "inventory_turnover_ratio": 0.61,
            "account_receivable_turnover_ratio": 1.97,
            "reinvestment_rate": 3.46,
            "research_to_sale_ratio": 23.79,
            "price_fair": 246.1,
            "eps_avg_yearly": 7.03,
            "eps_latest_yearly": 8.36,
            "eps_growth_yearly": 57.17
        },
        "20232": {
            "year_quarter": 20232,
            "year": 2023,
            "quarter": 2,
            "eps": 1.75,
            "eps_growth_year": -32.34,
            "eps_4q": 8.91,
            "eps_4q_growth_year": -9.02,
            "roe": 8.84,
            "roe_4q": 63.739999999999995,
            "gross_profit": 5122000,
            "gross_margin": 55.22,
            "gross_margin_4q_avg": 56.43,
            "net_income": 1702000,
            "net_income_4q": null,
            "revenue": 9275000,
            "revenue_4q": null,
            "common_shares": 111,
            "book_valuer_per_share": 6.64,
            "book_valuer_per_share_4q_avg": 5.11,
            "equity": 19698000,
            "current_ratio": 242.47,
            "debt_ratio": 59.27,
            "inventory_turnover_ratio": 0.6,
            "account_receivable_turnover_ratio": 2.42,
            "reinvestment_rate": 3.29,
            "research_to_sale_ratio": 23.83,
            "price_fair": 257.1,
            "eps_avg_yearly": 7.35,
            "eps_latest_yearly": 7,
            "eps_growth_yearly": 62.89
        },
        "20233": {
            "year_quarter": 20233,
            "year": 2023,
            "quarter": 3,
            "eps": 1.56,
            "eps_growth_year": -37.27,
            "eps_4q": 7.99,
            "eps_4q_growth_year": -23.95,
            "roe": 8.6,
            "roe_4q": 46.95,
            "gross_profit": 4659000,
            "gross_margin": 55.13,
            "gross_margin_4q_avg": 56.23,
            "net_income": 1735000,
            "net_income_4q": null,
            "revenue": 8451000,
            "revenue_4q": null,
            "common_shares": 77000,
            "book_valuer_per_share": 7.59,
            "book_valuer_per_share_4q_avg": 6.25,
            "equity": 20670000,
            "current_ratio": 241.95,
            "debt_ratio": 57.82,
            "inventory_turnover_ratio": 0.56,
            "account_receivable_turnover_ratio": 2.24,
            "reinvestment_rate": 3.01,
            "research_to_sale_ratio": 26.29,
            "price_fair": 254.52,
            "eps_avg_yearly": 7.27,
            "eps_latest_yearly": 6.24,
            "eps_growth_yearly": 55.8
        },
        "20234": {
            "year_quarter": 20234,
            "year": 2023,
            "quarter": 4,
            "eps": 1.79,
            "eps_growth_year": -30.99,
            "eps_4q": 7.19,
            "eps_4q_growth_year": -32.46,
            "roe": 7.71,
            "roe_4q": 37.5,
            "gross_profit": 4751000,
            "gross_margin": 55.05,
            "gross_margin_4q_avg": 55.67,
            "net_income": 1629000,
            "net_income_4q": null,
            "revenue": 8631000,
            "revenue_4q": null,
            "common_shares": 490000,
            "book_valuer_per_share": 8.56,
            "book_valuer_per_share_4q_avg": 7.14,
            "equity": 21581000,
            "current_ratio": 233.32,
            "debt_ratio": 57.72,
            "inventory_turnover_ratio": 0.59,
            "account_receivable_turnover_ratio": 2.45,
            "reinvestment_rate": 4.03,
            "research_to_sale_ratio": 24.74,
            "price_fair": 254.28,
            "eps_avg_yearly": 7.27,
            "eps_latest_yearly": 7.16,
            "eps_growth_yearly": 56
        },
        "20241": {
            "year_quarter": 20241,
            "year": 2024,
            "quarter": 1,
            "eps": 2.48,
            "eps_growth_year": 18.73,
            "eps_4q": 7.58,
            "eps_4q_growth_year": -22.29,
            "roe": 12.59,
            "roe_4q": 37.739999999999995,
            "gross_profit": 5623000,
            "gross_margin": 56.6,
            "gross_margin_4q_avg": 55.5,
            "net_income": 2811000,
            "net_income_4q": null,
            "revenue": 9935000,
            "revenue_4q": null,
            "common_shares": 112,
            "book_valuer_per_share": 9.79,
            "book_valuer_per_share_4q_avg": 8.15,
            "equity": 23058000,
            "current_ratio": 255.63,
            "debt_ratio": 55.77,
            "inventory_turnover_ratio": 0.68,
            "account_receivable_turnover_ratio": 2.97,
            "reinvestment_rate": 0.38,
            "research_to_sale_ratio": 21.1,
            "price_fair": 268.98,
            "eps_avg_yearly": 7.69,
            "eps_latest_yearly": 9.92,
            "eps_growth_yearly": 45.18
        }
    },
    "months": {
        "2001-01": {
            "month": "2001-01",
            "price": "38.07",
            "revenue": 0
        },
        "2001-02": {
            "month": "2001-02",
            "price": "38.26",
            "revenue": 0
        },
        "2001-03": {
            "month": "2001-03",
            "price": "28.04",
            "revenue": 0
        },
        "2001-04": {
            "month": "2001-04",
            "price": "26.81",
            "revenue": 0
        },
        "2001-05": {
            "month": "2001-05",
            "price": "31.56",
            "revenue": 0
        },
        "2001-06": {
            "month": "2001-06",
            "price": "28.18",
            "revenue": 0
        },
        "2001-07": {
            "month": "2001-07",
            "price": "30.89",
            "revenue": 0
        },
        "2001-08": {
            "month": "2001-08",
            "price": "32.18",
            "revenue": 0
        },
        "2001-09": {
            "month": "2001-09",
            "price": "24.04",
            "revenue": 0
        },
        "2001-10": {
            "month": "2001-10",
            "price": "23.85",
            "revenue": 0
        },
        "2001-11": {
            "month": "2001-11",
            "price": "28.77",
            "revenue": 0
        },
        "2001-12": {
            "month": "2001-12",
            "price": "27.33",
            "revenue": 0
        },
        "2002-01": {
            "month": "2002-01",
            "price": "23.16",
            "revenue": 0
        },
        "2002-02": {
            "month": "2002-02",
            "price": "18.88",
            "revenue": 0
        },
        "2002-03": {
            "month": "2002-03",
            "price": "20.31",
            "revenue": 0
        },
        "2002-04": {
            "month": "2002-04",
            "price": "17.68",
            "revenue": 0
        },
        "2002-05": {
            "month": "2002-05",
            "price": "15.03",
            "revenue": 0
        },
        "2002-06": {
            "month": "2002-06",
            "price": "14.75",
            "revenue": 0
        },
        "2002-07": {
            "month": "2002-07",
            "price": "13.96",
            "revenue": 0
        },
        "2002-08": {
            "month": "2002-08",
            "price": "13.74",
            "revenue": 0
        },
        "2002-09": {
            "month": "2002-09",
            "price": "13.93",
            "revenue": 0
        },
        "2002-10": {
            "month": "2002-10",
            "price": "16.49",
            "revenue": 0
        },
        "2002-11": {
            "month": "2002-11",
            "price": "18.85",
            "revenue": 0
        },
        "2002-12": {
            "month": "2002-12",
            "price": "19.47",
            "revenue": 0
        },
        "2003-01": {
            "month": "2003-01",
            "price": "18.72",
            "revenue": 0
        },
        "2003-02": {
            "month": "2003-02",
            "price": "17.80",
            "revenue": 0
        },
        "2003-03": {
            "month": "2003-03",
            "price": "18.45",
            "revenue": 0
        },
        "2003-04": {
            "month": "2003-04",
            "price": "16.46",
            "revenue": 0
        },
        "2003-05": {
            "month": "2003-05",
            "price": "15.74",
            "revenue": 0
        },
        "2003-06": {
            "month": "2003-06",
            "price": "17.39",
            "revenue": 0
        },
        "2003-07": {
            "month": "2003-07",
            "price": "18.75",
            "revenue": 0
        },
        "2003-08": {
            "month": "2003-08",
            "price": "19.08",
            "revenue": 0
        },
        "2003-09": {
            "month": "2003-09",
            "price": "21.39",
            "revenue": 0
        },
        "2003-10": {
            "month": "2003-10",
            "price": "22.31",
            "revenue": 0
        },
        "2003-11": {
            "month": "2003-11",
            "price": "23.15",
            "revenue": 0
        },
        "2003-12": {
            "month": "2003-12",
            "price": "25.17",
            "revenue": 0
        },
        "2004-01": {
            "month": "2004-01",
            "price": "28.89",
            "revenue": 0
        },
        "2004-02": {
            "month": "2004-02",
            "price": "29.63",
            "revenue": 0
        },
        "2004-03": {
            "month": "2004-03",
            "price": "31.69",
            "revenue": 0
        },
        "2004-04": {
            "month": "2004-04",
            "price": "33.26",
            "revenue": 0
        },
        "2004-05": {
            "month": "2004-05",
            "price": "32.34",
            "revenue": 0
        },
        "2004-06": {
            "month": "2004-06",
            "price": "34.31",
            "revenue": 0
        },
        "2004-07": {
            "month": "2004-07",
            "price": "35.07",
            "revenue": 0
        },
        "2004-08": {
            "month": "2004-08",
            "price": "36.07",
            "revenue": 0
        },
        "2004-09": {
            "month": "2004-09",
            "price": "39.14",
            "revenue": 0
        },
        "2004-10": {
            "month": "2004-10",
            "price": "41.73",
            "revenue": 0
        },
        "2004-11": {
            "month": "2004-11",
            "price": "40.21",
            "revenue": 0
        },
        "2004-12": {
            "month": "2004-12",
            "price": "43.48",
            "revenue": 0
        },
        "2005-01": {
            "month": "2005-01",
            "price": "40.30",
            "revenue": 0
        },
        "2005-02": {
            "month": "2005-02",
            "price": "35.94",
            "revenue": 0
        },
        "2005-03": {
            "month": "2005-03",
            "price": "36.60",
            "revenue": 0
        },
        "2005-04": {
            "month": "2005-04",
            "price": "34.39",
            "revenue": 0
        },
        "2005-05": {
            "month": "2005-05",
            "price": "36.18",
            "revenue": 0
        },
        "2005-06": {
            "month": "2005-06",
            "price": "35.49",
            "revenue": 0
        },
        "2005-07": {
            "month": "2005-07",
            "price": "36.43",
            "revenue": 0
        },
        "2005-08": {
            "month": "2005-08",
            "price": "39.90",
            "revenue": 0
        },
        "2005-09": {
            "month": "2005-09",
            "price": "42.87",
            "revenue": 0
        },
        "2005-10": {
            "month": "2005-10",
            "price": "43.50",
            "revenue": 0
        },
        "2005-11": {
            "month": "2005-11",
            "price": "44.88",
            "revenue": 0
        },
        "2005-12": {
            "month": "2005-12",
            "price": "44.58",
            "revenue": 0
        },
        "2006-01": {
            "month": "2006-01",
            "price": "47.48",
            "revenue": 0
        },
        "2006-02": {
            "month": "2006-02",
            "price": "47.05",
            "revenue": 0
        },
        "2006-03": {
            "month": "2006-03",
            "price": "49.22",
            "revenue": 0
        },
        "2006-04": {
            "month": "2006-04",
            "price": "51.62",
            "revenue": 0
        },
        "2006-05": {
            "month": "2006-05",
            "price": "48.66",
            "revenue": 0
        },
        "2006-06": {
            "month": "2006-06",
            "price": "42.99",
            "revenue": 0
        },
        "2006-07": {
            "month": "2006-07",
            "price": "36.62",
            "revenue": 0
        },
        "2006-08": {
            "month": "2006-08",
            "price": "35.91",
            "revenue": 0
        },
        "2006-09": {
            "month": "2006-09",
            "price": "37.58",
            "revenue": 0
        },
        "2006-10": {
            "month": "2006-10",
            "price": "37.36",
            "revenue": 0
        },
        "2006-11": {
            "month": "2006-11",
            "price": "36.65",
            "revenue": 0
        },
        "2006-12": {
            "month": "2006-12",
            "price": "38.42",
            "revenue": 0
        },
        "2007-01": {
            "month": "2007-01",
            "price": "38.40",
            "revenue": 0
        },
        "2007-02": {
            "month": "2007-02",
            "price": "39.90",
            "revenue": 0
        },
        "2007-03": {
            "month": "2007-03",
            "price": "41.77",
            "revenue": 0
        },
        "2007-04": {
            "month": "2007-04",
            "price": "43.48",
            "revenue": 0
        },
        "2007-05": {
            "month": "2007-05",
            "price": "44.34",
            "revenue": 0
        },
        "2007-06": {
            "month": "2007-06",
            "price": "42.57",
            "revenue": 0
        },
        "2007-07": {
            "month": "2007-07",
            "price": "43.52",
            "revenue": 0
        },
        "2007-08": {
            "month": "2007-08",
            "price": "38.78",
            "revenue": 0
        },
        "2007-09": {
            "month": "2007-09",
            "price": "39.84",
            "revenue": 0
        },
        "2007-10": {
            "month": "2007-10",
            "price": "41.76",
            "revenue": 0
        },
        "2007-11": {
            "month": "2007-11",
            "price": "40.45",
            "revenue": 0
        },
        "2007-12": {
            "month": "2007-12",
            "price": "39.78",
            "revenue": 0
        },
        "2008-01": {
            "month": "2008-01",
            "price": "38.78",
            "revenue": 0
        },
        "2008-02": {
            "month": "2008-02",
            "price": "42.16",
            "revenue": 0
        },
        "2008-03": {
            "month": "2008-03",
            "price": "39.96",
            "revenue": 0
        },
        "2008-04": {
            "month": "2008-04",
            "price": "42.25",
            "revenue": 0
        },
        "2008-05": {
            "month": "2008-05",
            "price": "45.81",
            "revenue": 0
        },
        "2008-06": {
            "month": "2008-06",
            "price": "47.71",
            "revenue": 0
        },
        "2008-07": {
            "month": "2008-07",
            "price": "48.40",
            "revenue": 0
        },
        "2008-08": {
            "month": "2008-08",
            "price": "54.80",
            "revenue": 0
        },
        "2008-09": {
            "month": "2008-09",
            "price": "46.66",
            "revenue": 0
        },
        "2008-10": {
            "month": "2008-10",
            "price": "38.75",
            "revenue": 0
        },
        "2008-11": {
            "month": "2008-11",
            "price": "33.43",
            "revenue": 0
        },
        "2008-12": {
            "month": "2008-12",
            "price": "33.52",
            "revenue": 0
        },
        "2009-01": {
            "month": "2009-01",
            "price": "35.62",
            "revenue": 0
        },
        "2009-02": {
            "month": "2009-02",
            "price": "34.60",
            "revenue": 0
        },
        "2009-03": {
            "month": "2009-03",
            "price": "36.50",
            "revenue": 0
        },
        "2009-04": {
            "month": "2009-04",
            "price": "41.06",
            "revenue": 0
        },
        "2009-05": {
            "month": "2009-05",
            "price": "42.18",
            "revenue": 0
        },
        "2009-06": {
            "month": "2009-06",
            "price": "45.19",
            "revenue": 0
        },
        "2009-07": {
            "month": "2009-07",
            "price": "45.82",
            "revenue": 0
        },
        "2009-08": {
            "month": "2009-08",
            "price": "46.38",
            "revenue": 0
        },
        "2009-09": {
            "month": "2009-09",
            "price": "45.41",
            "revenue": 0
        },
        "2009-10": {
            "month": "2009-10",
            "price": "41.68",
            "revenue": 0
        },
        "2009-11": {
            "month": "2009-11",
            "price": "44.57",
            "revenue": 0
        },
        "2009-12": {
            "month": "2009-12",
            "price": "45.32",
            "revenue": 0
        },
        "2010-01": {
            "month": "2010-01",
            "price": "47.24",
            "revenue": 0
        },
        "2010-02": {
            "month": "2010-02",
            "price": "38.51",
            "revenue": 0
        },
        "2010-03": {
            "month": "2010-03",
            "price": "39.68",
            "revenue": 0
        },
        "2010-04": {
            "month": "2010-04",
            "price": "41.23",
            "revenue": 0
        },
        "2010-05": {
            "month": "2010-05",
            "price": "36.73",
            "revenue": 0
        },
        "2010-06": {
            "month": "2010-06",
            "price": "35.05",
            "revenue": 0
        },
        "2010-07": {
            "month": "2010-07",
            "price": "36.24",
            "revenue": 0
        },
        "2010-08": {
            "month": "2010-08",
            "price": "38.65",
            "revenue": 0
        },
        "2010-09": {
            "month": "2010-09",
            "price": "42.26",
            "revenue": 0
        },
        "2010-10": {
            "month": "2010-10",
            "price": "44.48",
            "revenue": 0
        },
        "2010-11": {
            "month": "2010-11",
            "price": "47.30",
            "revenue": 0
        },
        "2010-12": {
            "month": "2010-12",
            "price": "49.25",
            "revenue": 0
        },
        "2011-01": {
            "month": "2011-01",
            "price": "52.15",
            "revenue": 0
        },
        "2011-02": {
            "month": "2011-02",
            "price": "57.18",
            "revenue": 0
        },
        "2011-03": {
            "month": "2011-03",
            "price": "54.39",
            "revenue": 0
        },
        "2011-04": {
            "month": "2011-04",
            "price": "54.52",
            "revenue": 0
        },
        "2011-05": {
            "month": "2011-05",
            "price": "56.86",
            "revenue": 0
        },
        "2011-06": {
            "month": "2011-06",
            "price": "55.23",
            "revenue": 0
        },
        "2011-07": {
            "month": "2011-07",
            "price": "56.79",
            "revenue": 0
        },
        "2011-08": {
            "month": "2011-08",
            "price": "49.88",
            "revenue": 0
        },
        "2011-09": {
            "month": "2011-09",
            "price": "51.38",
            "revenue": 0
        },
        "2011-10": {
            "month": "2011-10",
            "price": "52.08",
            "revenue": 0
        },
        "2011-11": {
            "month": "2011-11",
            "price": "54.95",
            "revenue": 0
        },
        "2011-12": {
            "month": "2011-12",
            "price": "54.12",
            "revenue": 0
        },
        "2012-01": {
            "month": "2012-01",
            "price": "57.14",
            "revenue": 0
        },
        "2012-02": {
            "month": "2012-02",
            "price": "61.97",
            "revenue": 0
        },
        "2012-03": {
            "month": "2012-03",
            "price": "65.33",
            "revenue": 0
        },
        "2012-04": {
            "month": "2012-04",
            "price": "65.44",
            "revenue": 0
        },
        "2012-05": {
            "month": "2012-05",
            "price": "60.02",
            "revenue": 0
        },
        "2012-06": {
            "month": "2012-06",
            "price": "56.51",
            "revenue": 0
        },
        "2012-07": {
            "month": "2012-07",
            "price": "56.47",
            "revenue": 0
        },
        "2012-08": {
            "month": "2012-08",
            "price": "61.70",
            "revenue": 0
        },
        "2012-09": {
            "month": "2012-09",
            "price": "63.08",
            "revenue": 0
        },
        "2012-10": {
            "month": "2012-10",
            "price": "59.99",
            "revenue": 0
        },
        "2012-11": {
            "month": "2012-11",
            "price": "61.56",
            "revenue": 0
        },
        "2012-12": {
            "month": "2012-12",
            "price": "62.64",
            "revenue": 0
        },
        "2013-01": {
            "month": "2013-01",
            "price": "64.42",
            "revenue": 0
        },
        "2013-02": {
            "month": "2013-02",
            "price": "65.87",
            "revenue": 0
        },
        "2013-03": {
            "month": "2013-03",
            "price": "66.26",
            "revenue": 0
        },
        "2013-04": {
            "month": "2013-04",
            "price": "64.92",
            "revenue": 0
        },
        "2013-05": {
            "month": "2013-05",
            "price": "64.47",
            "revenue": 0
        },
        "2013-06": {
            "month": "2013-06",
            "price": "61.82",
            "revenue": 0
        },
        "2013-07": {
            "month": "2013-07",
            "price": "61.93",
            "revenue": 0
        },
        "2013-08": {
            "month": "2013-08",
            "price": "66.48",
            "revenue": 0
        },
        "2013-09": {
            "month": "2013-09",
            "price": "68.51",
            "revenue": 0
        },
        "2013-10": {
            "month": "2013-10",
            "price": "67.90",
            "revenue": 0
        },
        "2013-11": {
            "month": "2013-11",
            "price": "70.75",
            "revenue": 0
        },
        "2013-12": {
            "month": "2013-12",
            "price": "73.20",
            "revenue": 0
        },
        "2014-01": {
            "month": "2014-01",
            "price": "73.77",
            "revenue": 0
        },
        "2014-02": {
            "month": "2014-02",
            "price": "74.95",
            "revenue": 0
        },
        "2014-03": {
            "month": "2014-03",
            "price": "77.18",
            "revenue": 0
        },
        "2014-04": {
            "month": "2014-04",
            "price": "79.31",
            "revenue": 0
        },
        "2014-05": {
            "month": "2014-05",
            "price": "79.77",
            "revenue": 0
        },
        "2014-06": {
            "month": "2014-06",
            "price": "79.40",
            "revenue": 0
        },
        "2014-07": {
            "month": "2014-07",
            "price": "78.87",
            "revenue": 0
        },
        "2014-08": {
            "month": "2014-08",
            "price": "74.93",
            "revenue": 0
        },
        "2014-09": {
            "month": "2014-09",
            "price": "75.54",
            "revenue": 0
        },
        "2014-10": {
            "month": "2014-10",
            "price": "74.23",
            "revenue": 0
        },
        "2014-11": {
            "month": "2014-11",
            "price": "71.97",
            "revenue": 0
        },
        "2014-12": {
            "month": "2014-12",
            "price": "73.15",
            "revenue": 0
        },
        "2015-01": {
            "month": "2015-01",
            "price": "71.74",
            "revenue": 0
        },
        "2015-02": {
            "month": "2015-02",
            "price": "69.73",
            "revenue": 0
        },
        "2015-03": {
            "month": "2015-03",
            "price": "69.94",
            "revenue": 0
        },
        "2015-04": {
            "month": "2015-04",
            "price": "68.44",
            "revenue": 0
        },
        "2015-05": {
            "month": "2015-05",
            "price": "69.51",
            "revenue": 0
        },
        "2015-06": {
            "month": "2015-06",
            "price": "66.84",
            "revenue": 0
        },
        "2015-07": {
            "month": "2015-07",
            "price": "63.28",
            "revenue": 0
        },
        "2015-08": {
            "month": "2015-08",
            "price": "60.45",
            "revenue": 0
        },
        "2015-09": {
            "month": "2015-09",
            "price": "54.34",
            "revenue": 0
        },
        "2015-10": {
            "month": "2015-10",
            "price": "58.29",
            "revenue": 0
        },
        "2015-11": {
            "month": "2015-11",
            "price": "52.27",
            "revenue": 0
        },
        "2015-12": {
            "month": "2015-12",
            "price": "49.39",
            "revenue": 0
        },
        "2016-01": {
            "month": "2016-01",
            "price": "46.94",
            "revenue": 0
        },
        "2016-02": {
            "month": "2016-02",
            "price": "47.13",
            "revenue": 0
        },
        "2016-03": {
            "month": "2016-03",
            "price": "51.77",
            "revenue": 0
        },
        "2016-04": {
            "month": "2016-04",
            "price": "51.43",
            "revenue": 0
        },
        "2016-05": {
            "month": "2016-05",
            "price": "52.78",
            "revenue": 0
        },
        "2016-06": {
            "month": "2016-06",
            "price": "53.82",
            "revenue": 0
        },
        "2016-07": {
            "month": "2016-07",
            "price": "56.73",
            "revenue": 0
        },
        "2016-08": {
            "month": "2016-08",
            "price": "62.21",
            "revenue": 0
        },
        "2016-09": {
            "month": "2016-09",
            "price": "63.17",
            "revenue": 0
        },
        "2016-10": {
            "month": "2016-10",
            "price": "67.18",
            "revenue": 0
        },
        "2016-11": {
            "month": "2016-11",
            "price": "67.32",
            "revenue": 0
        },
        "2016-12": {
            "month": "2016-12",
            "price": "67.05",
            "revenue": 0
        },
        "2017-01": {
            "month": "2017-01",
            "price": "61.55",
            "revenue": 0
        },
        "2017-02": {
            "month": "2017-02",
            "price": "55.07",
            "revenue": 0
        },
        "2017-03": {
            "month": "2017-03",
            "price": "57.38",
            "revenue": 0
        },
        "2017-04": {
            "month": "2017-04",
            "price": "54.19",
            "revenue": 0
        },
        "2017-05": {
            "month": "2017-05",
            "price": "56.12",
            "revenue": 0
        },
        "2017-06": {
            "month": "2017-06",
            "price": "57.06",
            "revenue": 0
        },
        "2017-07": {
            "month": "2017-07",
            "price": "54.81",
            "revenue": 0
        },
        "2017-08": {
            "month": "2017-08",
            "price": "52.56",
            "revenue": 0
        },
        "2017-09": {
            "month": "2017-09",
            "price": "51.36",
            "revenue": 0
        },
        "2017-10": {
            "month": "2017-10",
            "price": "52.92",
            "revenue": 0
        },
        "2017-11": {
            "month": "2017-11",
            "price": "64.85",
            "revenue": 0
        },
        "2017-12": {
            "month": "2017-12",
            "price": "64.72",
            "revenue": 0
        },
        "2018-01": {
            "month": "2018-01",
            "price": "67.01",
            "revenue": 0
        },
        "2018-02": {
            "month": "2018-02",
            "price": "64.72",
            "revenue": 0
        },
        "2018-03": {
            "month": "2018-03",
            "price": "59.53",
            "revenue": 0
        },
        "2018-04": {
            "month": "2018-04",
            "price": "53.24",
            "revenue": 0
        },
        "2018-05": {
            "month": "2018-05",
            "price": "55.65",
            "revenue": 0
        },
        "2018-06": {
            "month": "2018-06",
            "price": "58.57",
            "revenue": 0
        },
        "2018-07": {
            "month": "2018-07",
            "price": "59.09",
            "revenue": 0
        },
        "2018-08": {
            "month": "2018-08",
            "price": "66.32",
            "revenue": 0
        },
        "2018-09": {
            "month": "2018-09",
            "price": "72.63",
            "revenue": 0
        },
        "2018-10": {
            "month": "2018-10",
            "price": "66.72",
            "revenue": 0
        },
        "2018-11": {
            "month": "2018-11",
            "price": "57.65",
            "revenue": 0
        },
        "2018-12": {
            "month": "2018-12",
            "price": "56.85",
            "revenue": 0
        },
        "2019-01": {
            "month": "2019-01",
            "price": "54.25",
            "revenue": 0
        },
        "2019-02": {
            "month": "2019-02",
            "price": "51.68",
            "revenue": 0
        },
        "2019-03": {
            "month": "2019-03",
            "price": "55.79",
            "revenue": 0
        },
        "2019-04": {
            "month": "2019-04",
            "price": "69.57",
            "revenue": 0
        },
        "2019-05": {
            "month": "2019-05",
            "price": "78.80",
            "revenue": 0
        },
        "2019-06": {
            "month": "2019-06",
            "price": "70.95",
            "revenue": 0
        },
        "2019-07": {
            "month": "2019-07",
            "price": "75.44",
            "revenue": 0
        },
        "2019-08": {
            "month": "2019-08",
            "price": "72.84",
            "revenue": 0
        },
        "2019-09": {
            "month": "2019-09",
            "price": "77.73",
            "revenue": 0
        },
        "2019-10": {
            "month": "2019-10",
            "price": "77.71",
            "revenue": 0
        },
        "2019-11": {
            "month": "2019-11",
            "price": "87.48",
            "revenue": 0
        },
        "2019-12": {
            "month": "2019-12",
            "price": "86.55",
            "revenue": 0
        },
        "2020-01": {
            "month": "2020-01",
            "price": "89.79",
            "revenue": 0
        },
        "2020-02": {
            "month": "2020-02",
            "price": "86.68",
            "revenue": 0
        },
        "2020-03": {
            "month": "2020-03",
            "price": "70.47",
            "revenue": 0
        },
        "2020-04": {
            "month": "2020-04",
            "price": "73.68",
            "revenue": 0
        },
        "2020-05": {
            "month": "2020-05",
            "price": "78.57",
            "revenue": 0
        },
        "2020-06": {
            "month": "2020-06",
            "price": "87.90",
            "revenue": 0
        },
        "2020-07": {
            "month": "2020-07",
            "price": "93.29",
            "revenue": 0
        },
        "2020-08": {
            "month": "2020-08",
            "price": "112.83",
            "revenue": 0
        },
        "2020-09": {
            "month": "2020-09",
            "price": "114.95",
            "revenue": 0
        },
        "2020-10": {
            "month": "2020-10",
            "price": "125.13",
            "revenue": 0
        },
        "2020-11": {
            "month": "2020-11",
            "price": "142.53",
            "revenue": 0
        },
        "2020-12": {
            "month": "2020-12",
            "price": "150.47",
            "revenue": 0
        },
        "2021-01": {
            "month": "2021-01",
            "price": "157.81",
            "revenue": 0
        },
        "2021-02": {
            "month": "2021-02",
            "price": "146.59",
            "revenue": 0
        },
        "2021-03": {
            "month": "2021-03",
            "price": "131.12",
            "revenue": 0
        },
        "2021-04": {
            "month": "2021-04",
            "price": "137.63",
            "revenue": 0
        },
        "2021-05": {
            "month": "2021-05",
            "price": "132.03",
            "revenue": 0
        },
        "2021-06": {
            "month": "2021-06",
            "price": "135.67",
            "revenue": 0
        },
        "2021-07": {
            "month": "2021-07",
            "price": "142.30",
            "revenue": 0
        },
        "2021-08": {
            "month": "2021-08",
            "price": "145.60",
            "revenue": 0
        },
        "2021-09": {
            "month": "2021-09",
            "price": "137.55",
            "revenue": 0
        },
        "2021-10": {
            "month": "2021-10",
            "price": "129.45",
            "revenue": 0
        },
        "2021-11": {
            "month": "2021-11",
            "price": "168.46",
            "revenue": 0
        },
        "2021-12": {
            "month": "2021-12",
            "price": "181.36",
            "revenue": 0
        },
        "2022-01": {
            "month": "2022-01",
            "price": "176.97",
            "revenue": 0
        },
        "2022-02": {
            "month": "2022-02",
            "price": "172.83",
            "revenue": 0
        },
        "2022-03": {
            "month": "2022-03",
            "price": "155.47",
            "revenue": 0
        },
        "2022-04": {
            "month": "2022-04",
            "price": "139.65",
            "revenue": 0
        },
        "2022-05": {
            "month": "2022-05",
            "price": "136.55",
            "revenue": 0
        },
        "2022-06": {
            "month": "2022-06",
            "price": "131.38",
            "revenue": 0
        },
        "2022-07": {
            "month": "2022-07",
            "price": "141.62",
            "revenue": 0
        },
        "2022-08": {
            "month": "2022-08",
            "price": "145.35",
            "revenue": 0
        },
        "2022-09": {
            "month": "2022-09",
            "price": "124.65",
            "revenue": 0
        },
        "2022-10": {
            "month": "2022-10",
            "price": "115.97",
            "revenue": 0
        },
        "2022-11": {
            "month": "2022-11",
            "price": "118.41",
            "revenue": 0
        },
        "2022-12": {
            "month": "2022-12",
            "price": "116.63",
            "revenue": 0
        },
        "2023-01": {
            "month": "2023-01",
            "price": "122.16",
            "revenue": 0
        },
        "2023-02": {
            "month": "2023-02",
            "price": "129.99",
            "revenue": 0
        },
        "2023-03": {
            "month": "2023-03",
            "price": "121.54",
            "revenue": 0
        },
        "2023-04": {
            "month": "2023-04",
            "price": "119.55",
            "revenue": 0
        },
        "2023-05": {
            "month": "2023-05",
            "price": "107.80",
            "revenue": 0
        },
        "2023-06": {
            "month": "2023-06",
            "price": "118.28",
            "revenue": 0
        },
        "2023-07": {
            "month": "2023-07",
            "price": "122.18",
            "revenue": 0
        },
        "2023-08": {
            "month": "2023-08",
            "price": "114.99",
            "revenue": 0
        },
        "2023-09": {
            "month": "2023-09",
            "price": "111.02",
            "revenue": 0
        },
        "2023-10": {
            "month": "2023-10",
            "price": "109.66",
            "revenue": 0
        },
        "2023-11": {
            "month": "2023-11",
            "price": "124.51",
            "revenue": 0
        },
        "2023-12": {
            "month": "2023-12",
            "price": "138.77",
            "revenue": 0
        },
        "2024-01": {
            "month": "2024-01",
            "price": "144.57",
            "revenue": 0
        },
        "2024-02": {
            "month": "2024-02",
            "price": "151.22",
            "revenue": 0
        },
        "2024-03": {
            "month": "2024-03",
            "price": "168.11",
            "revenue": 0
        }
    }
}
