{
    "summary": {
        "stock_name": "Starbucks Corp",
        "stock_id": "SBUX",
        "category": "Retail/Wholesale",
        "main_business": "星巴克公司成立於1985年。星巴克是全球首屈一指的精品咖啡烘焙、營銷商和零售商，在86個市場開展業務。該公司透過公司運營的門店採購和烘焙銷售的高品質咖啡，以及手工製作的咖啡、茶和其他飲料以及各種優質食品。該公司還透過其他渠道銷售各種咖啡和茶產品並許可商標，例如特許商店以及透過與雀巢公司的全球咖啡聯盟提供雜貨和餐飲服務。除旗艦星巴克咖啡品牌外，公司以以下品牌銷售商品和服務：Teavana、Ethos、Starbucks Reserve和Princi。",
        "website_url": "https://www.starbucks.com/",
        "ceo": "Laxman Narasimhan",
        "pe_ratio": 25,
        "report_year_from": 1996,
        "report_year_to": 2024,
        "age": 28,
        "eps_negative_percentage": 0,
        "eps_growth_avg": {
            "last_all": 21.15,
            "last_2y": 39.07,
            "last_4y": 12.48,
            "last_8y": 13.92,
            "last_12y": 15.87,
            "last_16y": 16.55,
            "last_20y": 19.18,
            "at_2006_last_3y": 30.35,
            "at_2007_last_3y": 28.64,
            "at_2008_last_3y": 10.32,
            "at_2009_last_3y": 10.89,
            "at_2010_last_3y": 18.75,
            "at_2011_last_3y": 20.46,
            "at_2012_last_3y": 29.09,
            "at_2013_last_3y": 29.86,
            "at_2014_last_3y": 20.26,
            "at_2015_last_3y": 20.05,
            "at_2016_last_3y": 21.02,
            "at_2017_last_3y": 15.41,
            "at_2018_last_3y": 15.71,
            "at_2019_last_3y": 12.12,
            "at_2020_last_3y": -7.34,
            "at_2021_last_3y": 15.69,
            "at_2022_last_3y": 9.59,
            "at_2023_last_3y": 13.63,
            "at_2024_last_3y": 13.63,
            "at_2006_last_all": 36.78,
            "at_2007_last_all": 33.35,
            "at_2008_last_all": 25.27,
            "at_2009_last_all": 25.52,
            "at_2010_last_all": 28.77,
            "at_2011_last_all": 28.2,
            "at_2012_last_all": 26.66,
            "at_2013_last_all": 26.96,
            "at_2014_last_all": 26.15,
            "at_2015_last_all": 25.87,
            "at_2016_last_all": 25.15,
            "at_2017_last_all": 24.08,
            "at_2018_last_all": 23.69,
            "at_2019_last_all": 22.81,
            "at_2020_last_all": 18.31,
            "at_2021_last_all": 22.4,
            "at_2022_last_all": 21.01,
            "at_2023_last_all": 21.15,
            "at_2024_last_all": 21.15
        },
        "latest_eps": 3.71,
        "latest_price": 91.39,
        "latest_roe": -51.32,
        "latest_gross_margin": 27.51,
        "latest_equity": -8616000,
        "latest_revenue": 9425300,
        "latest_gross_profit": 2593200,
        "latest_net_income": 1024400,
        "latest_debt_ratio": 129.53,
        "latest_current_ratio": 69.92,
        "latest_account_receivable_turnover_ratio": 8.02,
        "latest_inventory_turnover_ratio": 3.96,
        "latest_reinvestment_rate": 12.81,
        "latest_research_to_sale_ratio": null
    },
    "eps_dividends": {
        "2001": {
            "cash": 0,
            "stock": 0,
            "eps": 0.08
        },
        "2002": {
            "cash": 0,
            "stock": 0,
            "eps": 0.13
        },
        "2003": {
            "cash": 0,
            "stock": 0,
            "eps": 0.16
        },
        "2004": {
            "cash": 0,
            "stock": 0,
            "eps": 0.24
        },
        "2005": {
            "cash": 0,
            "stock": 0,
            "eps": 0.3
        },
        "2006": {
            "cash": 0,
            "stock": 0,
            "eps": 0.37
        },
        "2007": {
            "cash": 0,
            "stock": 0,
            "eps": 0.43
        },
        "2008": {
            "cash": 0,
            "stock": 0,
            "eps": 0.33
        },
        "2009": {
            "cash": 0,
            "stock": 0,
            "eps": 0.42
        },
        "2010": {
            "cash": 0,
            "stock": 0,
            "eps": 0.65
        },
        "2011": {
            "cash": 0,
            "stock": 0,
            "eps": 0.8
        },
        "2012": {
            "cash": 0,
            "stock": 0,
            "eps": 0.89
        },
        "2013": {
            "cash": 0,
            "stock": 0,
            "eps": 1.16
        },
        "2014": {
            "cash": 0,
            "stock": 0,
            "eps": 1.35
        },
        "2015": {
            "cash": 0,
            "stock": 0,
            "eps": 1.65
        },
        "2016": {
            "cash": 0,
            "stock": 0,
            "eps": 1.9
        },
        "2017": {
            "cash": 0,
            "stock": 0,
            "eps": 2.05
        },
        "2018": {
            "cash": 0,
            "stock": 0,
            "eps": 2.41
        },
        "2019": {
            "cash": 0,
            "stock": 0,
            "eps": 2.6
        },
        "2020": {
            "cash": 0,
            "stock": 0,
            "eps": 0.97
        },
        "2021": {
            "cash": 0,
            "stock": 0,
            "eps": 3.08
        },
        "2022": {
            "cash": 0,
            "stock": 0,
            "eps": 2.87
        },
        "2023": {
            "cash": 0,
            "stock": 0,
            "eps": 3.56
        },
        "2024": {
            "cash": 0,
            "stock": 0,
            "eps": 0.9
        }
    },
    "dividends": [],
    "prices": {
        "200101": "5.58",
        "200102": "6.01",
        "200103": "5.50",
        "200104": "4.96",
        "200105": "4.94",
        "200106": "5.13",
        "200107": "5.04",
        "200108": "4.52",
        "200109": "3.85",
        "200110": "4.14",
        "200111": "4.52",
        "200112": "4.78",
        "200201": "5.52",
        "200202": "5.49",
        "200203": "5.85",
        "200204": "6.13",
        "200205": "5.78",
        "200206": "6.11",
        "200207": "5.37",
        "200208": "5.03",
        "200209": "5.14",
        "200210": "5.62",
        "200211": "5.56",
        "200212": "5.21",
        "200301": "5.30",
        "200302": "5.63",
        "200303": "6.13",
        "200304": "6.31",
        "200305": "5.88",
        "200306": "6.08",
        "200307": "6.68",
        "200308": "6.73",
        "200309": "7.30",
        "200310": "7.57",
        "200311": "7.94",
        "200312": "8.02",
        "200401": "8.64",
        "200402": "9.36",
        "200403": "9.36",
        "200404": "9.68",
        "200405": "9.68",
        "200406": "10.70",
        "200407": "11.58",
        "200408": "11.10",
        "200409": "11.24",
        "200410": "12.31",
        "200411": "13.80",
        "200412": "14.90",
        "200501": "14.24",
        "200502": "12.71",
        "200503": "13.25",
        "200504": "12.04",
        "200505": "13.36",
        "200506": "13.58",
        "200507": "12.90",
        "200508": "12.71",
        "200509": "12.01",
        "200510": "13.27",
        "200511": "15.21",
        "200512": "15.51",
        "200601": "15.59",
        "200602": "17.52",
        "200603": "18.12",
        "200604": "19.01",
        "200605": "18.40",
        "200606": "18.07",
        "200607": "17.45",
        "200608": "15.30",
        "200609": "16.57",
        "200610": "18.81",
        "200611": "18.54",
        "200612": "18.09",
        "200701": "17.57",
        "200702": "16.47",
        "200703": "15.35",
        "200704": "15.61",
        "200705": "14.71",
        "200706": "13.64",
        "200707": "13.38",
        "200708": "13.62",
        "200709": "13.68",
        "200710": "13.19",
        "200711": "11.81",
        "200712": "10.70",
        "200801": "9.67",
        "200802": "9.25",
        "200803": "8.80",
        "200804": "8.73",
        "200805": "8.36",
        "200806": "8.73",
        "200807": "7.34",
        "200808": "7.82",
        "200809": "7.66",
        "200810": "5.76",
        "200811": "4.74",
        "200812": "4.61",
        "200901": "4.74",
        "200902": "4.88",
        "200903": "5.17",
        "200904": "6.13",
        "200905": "6.77",
        "200906": "7.27",
        "200907": "7.59",
        "200908": "9.53",
        "200909": "9.91",
        "200910": "10.07",
        "200911": "10.58",
        "200912": "11.29",
        "201001": "11.52",
        "201002": "11.30",
        "201003": "12.16",
        "201004": "12.73",
        "201005": "13.07",
        "201006": "13.37",
        "201007": "12.57",
        "201008": "12.11",
        "201009": "12.75",
        "201010": "13.60",
        "201011": "15.16",
        "201012": "16.25",
        "201101": "16.35",
        "201102": "16.43",
        "201103": "17.67",
        "201104": "18.19",
        "201105": "18.16",
        "201106": "18.22",
        "201107": "20.00",
        "201108": "18.58",
        "201109": "19.41",
        "201110": "20.41",
        "201111": "21.33",
        "201112": "22.20",
        "201201": "23.68",
        "201202": "24.26",
        "201203": "26.38",
        "201204": "29.32",
        "201205": "27.31",
        "201206": "26.67",
        "201207": "25.76",
        "201208": "23.49",
        "201209": "25.29",
        "201210": "23.71",
        "201211": "25.20",
        "201212": "26.62",
        "201301": "27.59",
        "201302": "27.55",
        "201303": "28.63",
        "201304": "29.32",
        "201305": "31.51",
        "201306": "32.50",
        "201307": "34.47",
        "201308": "35.94",
        "201309": "37.54",
        "201310": "39.17",
        "201311": "40.45",
        "201312": "39.13",
        "201401": "37.53",
        "201402": "36.34",
        "201403": "37.02",
        "201404": "35.51",
        "201405": "35.56",
        "201406": "37.89",
        "201407": "39.30",
        "201408": "38.74",
        "201409": "37.95",
        "201410": "37.36",
        "201411": "39.13",
        "201412": "40.76",
        "201501": "41.50",
        "201502": "45.76",
        "201503": "47.31",
        "201504": "48.58",
        "201505": "50.55",
        "201506": "52.95",
        "201507": "55.80",
        "201508": "56.04",
        "201509": "56.25",
        "201510": "60.54",
        "201511": "61.71",
        "201512": "60.53",
        "201601": "58.32",
        "201602": "57.41",
        "201603": "58.89",
        "201604": "59.60",
        "201605": "55.71",
        "201606": "55.34",
        "201607": "57.32",
        "201608": "56.04",
        "201609": "54.47",
        "201610": "53.34",
        "201611": "55.19",
        "201612": "57.67",
        "201701": "57.38",
        "201702": "56.24",
        "201703": "56.19",
        "201704": "59.10",
        "201705": "61.11",
        "201706": "60.99",
        "201707": "57.79",
        "201708": "54.13",
        "201709": "54.51",
        "201710": "54.84",
        "201711": "56.78",
        "201712": "58.33",
        "201801": "59.55",
        "201802": "55.76",
        "201803": "57.92",
        "201804": "58.65",
        "201805": "57.26",
        "201806": "54.33",
        "201807": "50.73",
        "201808": "52.64",
        "201809": "55.53",
        "201810": "57.34",
        "201811": "66.51",
        "201812": "64.61",
        "201901": "64.88",
        "201902": "69.99",
        "201903": "71.44",
        "201904": "75.73",
        "201905": "77.27",
        "201906": "82.52",
        "201907": "90.50",
        "201908": "95.91",
        "201909": "91.63",
        "201910": "85.09",
        "201911": "83.43",
        "201912": "87.22",
        "202001": "89.96",
        "202002": "86.12",
        "202003": "67.66",
        "202004": "72.74",
        "202005": "75.80",
        "202006": "76.87",
        "202007": "74.98",
        "202008": "78.93",
        "202009": "85.62",
        "202010": "88.68",
        "202011": "94.92",
        "202012": "102.78",
        "202101": "102.72",
        "202102": "104.15",
        "202103": "107.58",
        "202104": "114.76",
        "202105": "112.56",
        "202106": "111.86",
        "202107": "119.48",
        "202108": "116.65",
        "202109": "115.14",
        "202110": "112.31",
        "202111": "112.33",
        "202112": "113.56",
        "202201": "102.24",
        "202202": "94.29",
        "202203": "87.59",
        "202204": "80.50",
        "202205": "74.16",
        "202206": "75.92",
        "202207": "80.75",
        "202208": "86.18",
        "202209": "87.61",
        "202210": "87.20",
        "202211": "95.20",
        "202212": "100.72",
        "202301": "106.14",
        "202302": "106.00",
        "202303": "100.71",
        "202304": "107.62",
        "202305": "104.68",
        "202306": "99.40",
        "202307": "100.58",
        "202308": "98.96",
        "202309": "94.78",
        "202310": "92.76",
        "202311": "102.73",
        "202312": "96.69",
        "202401": "93.06",
        "202402": "94.49",
        "202403": "91.49",
        "202404": "無"
    },
    "quarters": {
        "20012": {
            "year_quarter": 20012,
            "year": 2001,
            "quarter": 2,
            "eps": 0.02,
            "eps_growth_year": 33.79,
            "eps_4q": 0.07,
            "eps_4q_growth_year": -0.95,
            "roe": 2.56,
            "roe_4q": 2.56,
            "gross_profit": 149502,
            "gross_margin": 23.76,
            "gross_margin_4q_avg": 23.76,
            "net_income": 32210,
            "net_income_4q": null,
            "revenue": 629288,
            "revenue_4q": null,
            "common_shares": 819207,
            "book_valuer_per_share": 0.83,
            "book_valuer_per_share_4q_avg": 0.83,
            "equity": 1292210,
            "current_ratio": 164.19,
            "debt_ratio": 22.54,
            "inventory_turnover_ratio": 3,
            "account_receivable_turnover_ratio": 8.16,
            "reinvestment_rate": 156.99,
            "research_to_sale_ratio": null,
            "price_fair": 0,
            "eps_avg_yearly": 0,
            "eps_latest_yearly": 0,
            "eps_growth_yearly": 0
        },
        "20013": {
            "year_quarter": 20013,
            "year": 2001,
            "quarter": 3,
            "eps": 0.03,
            "eps_growth_year": 31.63,
            "eps_4q": 0.08,
            "eps_4q_growth_year": -0.02,
            "roe": 3.53,
            "roe_4q": 6.09,
            "gross_profit": 164805,
            "gross_margin": 24.87,
            "gross_margin_4q_avg": 24.32,
            "net_income": 46757,
            "net_income_4q": null,
            "revenue": 662769,
            "revenue_4q": null,
            "common_shares": 833956,
            "book_valuer_per_share": 0.87,
            "book_valuer_per_share_4q_avg": 0.85,
            "equity": 1354661,
            "current_ratio": 158.73,
            "debt_ratio": 24.02,
            "inventory_turnover_ratio": 2.92,
            "account_receivable_turnover_ratio": 7.71,
            "reinvestment_rate": 142.08,
            "research_to_sale_ratio": null,
            "price_fair": 0,
            "eps_avg_yearly": 0,
            "eps_latest_yearly": 0,
            "eps_growth_yearly": 0
        },
        "20014": {
            "year_quarter": 20014,
            "year": 2001,
            "quarter": 4,
            "eps": 0.03,
            "eps_growth_year": 3461.05,
            "eps_4q": 0.11,
            "eps_4q_growth_year": 86.54,
            "roe": 3.9,
            "roe_4q": 9.99,
            "gross_profit": 180938,
            "gross_margin": 26.24,
            "gross_margin_4q_avg": 24.96,
            "net_income": 53248,
            "net_income_4q": null,
            "revenue": 689536,
            "revenue_4q": null,
            "common_shares": 791622,
            "book_valuer_per_share": 0.89,
            "book_valuer_per_share_4q_avg": 0.86,
            "equity": 1375927,
            "current_ratio": 133.39,
            "debt_ratio": 25.49,
            "inventory_turnover_ratio": 2.47,
            "account_receivable_turnover_ratio": 7.4,
            "reinvestment_rate": 146.5,
            "research_to_sale_ratio": null,
            "price_fair": 0,
            "eps_avg_yearly": 0,
            "eps_latest_yearly": 0,
            "eps_growth_yearly": 0
        },
        "20021": {
            "year_quarter": 20021,
            "year": 2002,
            "quarter": 1,
            "eps": 0.04,
            "eps_growth_year": 34.16,
            "eps_4q": 0.13,
            "eps_4q_growth_year": 79.91,
            "roe": 4.71,
            "roe_4q": 14.7,
            "gross_profit": 207816,
            "gross_margin": 25.8,
            "gross_margin_4q_avg": 25.17,
            "net_income": 67720,
            "net_income_4q": null,
            "revenue": 805335,
            "revenue_4q": null,
            "common_shares": 821615,
            "book_valuer_per_share": 0.97,
            "book_valuer_per_share_4q_avg": 0.89,
            "equity": 1500331,
            "current_ratio": 148.2,
            "debt_ratio": 23.63,
            "inventory_turnover_ratio": 3,
            "account_receivable_turnover_ratio": 8.94,
            "reinvestment_rate": 140.31,
            "research_to_sale_ratio": null,
            "price_fair": 0,
            "eps_avg_yearly": 0,
            "eps_latest_yearly": 0,
            "eps_growth_yearly": 0
        },
        "20022": {
            "year_quarter": 20022,
            "year": 2002,
            "quarter": 2,
            "eps": 0.02,
            "eps_growth_year": -2.06,
            "eps_4q": 0.13,
            "eps_4q_growth_year": 67.01,
            "roe": 2.06,
            "roe_4q": 14.2,
            "gross_profit": 192150,
            "gross_margin": 24.53,
            "gross_margin_4q_avg": 25.36,
            "net_income": 31723,
            "net_income_4q": null,
            "revenue": 783217,
            "revenue_4q": null,
            "common_shares": 874984,
            "book_valuer_per_share": 1.01,
            "book_valuer_per_share_4q_avg": 0.94,
            "equity": 1584162,
            "current_ratio": 160.72,
            "debt_ratio": 21.56,
            "inventory_turnover_ratio": 3.38,
            "account_receivable_turnover_ratio": 8.92,
            "reinvestment_rate": 135.06,
            "research_to_sale_ratio": null,
            "price_fair": 0.24,
            "eps_avg_yearly": 0.08,
            "eps_latest_yearly": 0.08,
            "eps_growth_yearly": -200
        },
        "20023": {
            "year_quarter": 20023,
            "year": 2002,
            "quarter": 3,
            "eps": 0.03,
            "eps_growth_year": 17.08,
            "eps_4q": 0.13,
            "eps_4q_growth_year": 58.68,
            "roe": 3.38,
            "roe_4q": 14.049999999999999,
            "gross_profit": 206312,
            "gross_margin": 24.7,
            "gross_margin_4q_avg": 25.32,
            "net_income": 55668,
            "net_income_4q": null,
            "revenue": 835158,
            "revenue_4q": null,
            "common_shares": 933164,
            "book_valuer_per_share": 1.08,
            "book_valuer_per_share_4q_avg": 0.99,
            "equity": 1712088,
            "current_ratio": 177.59,
            "debt_ratio": 22.73,
            "inventory_turnover_ratio": 3.21,
            "account_receivable_turnover_ratio": 9.29,
            "reinvestment_rate": 124.11,
            "research_to_sale_ratio": null,
            "price_fair": 0.3,
            "eps_avg_yearly": 0.1,
            "eps_latest_yearly": 0.12,
            "eps_growth_yearly": -0
        },
        "20024": {
            "year_quarter": 20024,
            "year": 2002,
            "quarter": 4,
            "eps": 0.04,
            "eps_growth_year": 6.77,
            "eps_4q": 0.13,
            "eps_4q_growth_year": 15.28,
            "roe": 3.36,
            "roe_4q": 13.510000000000002,
            "gross_profit": 211511,
            "gross_margin": 24.45,
            "gross_margin_4q_avg": 24.87,
            "net_income": 57680,
            "net_income_4q": null,
            "revenue": 865198,
            "revenue_4q": null,
            "common_shares": 891040,
            "book_valuer_per_share": 1.09,
            "book_valuer_per_share_4q_avg": 1.04,
            "equity": 1723189,
            "current_ratio": 167.02,
            "debt_ratio": 22.18,
            "inventory_turnover_ratio": 2.71,
            "account_receivable_turnover_ratio": 9.04,
            "reinvestment_rate": 118.01,
            "research_to_sale_ratio": null,
            "price_fair": 4.2,
            "eps_avg_yearly": 0.12,
            "eps_latest_yearly": 0.16,
            "eps_growth_yearly": 44.44
        },
        "20031": {
            "year_quarter": 20031,
            "year": 2003,
            "quarter": 1,
            "eps": 0.05,
            "eps_growth_year": 17.53,
            "eps_4q": 0.14,
            "eps_4q_growth_year": 11.35,
            "roe": 4.46,
            "roe_4q": 13.26,
            "gross_profit": 264078,
            "gross_margin": 26.32,
            "gross_margin_4q_avg": 25,
            "net_income": 78363,
            "net_income_4q": null,
            "revenue": 1003526,
            "revenue_4q": null,
            "common_shares": 877167,
            "book_valuer_per_share": 1.13,
            "book_valuer_per_share_4q_avg": 1.08,
            "equity": 1791119,
            "current_ratio": 163.57,
            "debt_ratio": 23.91,
            "inventory_turnover_ratio": 3.12,
            "account_receivable_turnover_ratio": 9.61,
            "reinvestment_rate": 110.41,
            "research_to_sale_ratio": null,
            "price_fair": 4.9,
            "eps_avg_yearly": 0.14,
            "eps_latest_yearly": 0.2,
            "eps_growth_yearly": 58.33
        },
        "20032": {
            "year_quarter": 20032,
            "year": 2003,
            "quarter": 2,
            "eps": 0.03,
            "eps_growth_year": 63.32,
            "eps_4q": 0.15,
            "eps_4q_growth_year": 21.81,
            "roe": 2.82,
            "roe_4q": 14.02,
            "gross_profit": 232955,
            "gross_margin": 24.41,
            "gross_margin_4q_avg": 24.97,
            "net_income": 52031,
            "net_income_4q": null,
            "revenue": 954206,
            "revenue_4q": null,
            "common_shares": 931054,
            "book_valuer_per_share": 1.19,
            "book_valuer_per_share_4q_avg": 1.12,
            "equity": 1894545,
            "current_ratio": 183.78,
            "debt_ratio": 21.74,
            "inventory_turnover_ratio": 3.49,
            "account_receivable_turnover_ratio": 8.9,
            "reinvestment_rate": 102.72,
            "research_to_sale_ratio": null,
            "price_fair": 3.35,
            "eps_avg_yearly": 0.14,
            "eps_latest_yearly": 0.12,
            "eps_growth_yearly": 14.67
        },
        "20033": {
            "year_quarter": 20033,
            "year": 2003,
            "quarter": 3,
            "eps": 0.04,
            "eps_growth_year": 22.34,
            "eps_4q": 0.16,
            "eps_4q_growth_year": 23.03,
            "roe": 3.53,
            "roe_4q": 14.169999999999998,
            "gross_profit": 251817,
            "gross_margin": 24.29,
            "gross_margin_4q_avg": 24.87,
            "net_income": 68356,
            "net_income_4q": null,
            "revenue": 1036776,
            "revenue_4q": null,
            "common_shares": 925283,
            "book_valuer_per_share": 1.24,
            "book_valuer_per_share_4q_avg": 1.16,
            "equity": 1976819,
            "current_ratio": 177.59,
            "debt_ratio": 24.09,
            "inventory_turnover_ratio": 3.25,
            "account_receivable_turnover_ratio": 9.85,
            "reinvestment_rate": 88.58,
            "research_to_sale_ratio": null,
            "price_fair": 4.9,
            "eps_avg_yearly": 0.14,
            "eps_latest_yearly": 0.16,
            "eps_growth_yearly": 34.44
        },
        "20034": {
            "year_quarter": 20034,
            "year": 2003,
            "quarter": 4,
            "eps": 0.04,
            "eps_growth_year": 19.08,
            "eps_4q": 0.17,
            "eps_4q_growth_year": 26.1,
            "roe": 3.44,
            "roe_4q": 14.25,
            "gross_profit": 258391,
            "gross_margin": 23.9,
            "gross_margin_4q_avg": 24.73,
            "net_income": 69596,
            "net_income_4q": null,
            "revenue": 1081014,
            "revenue_4q": null,
            "common_shares": 959103,
            "book_valuer_per_share": 1.26,
            "book_valuer_per_share_4q_avg": 1.21,
            "equity": 2071110,
            "current_ratio": 158.47,
            "debt_ratio": 25.46,
            "inventory_turnover_ratio": 2.64,
            "account_receivable_turnover_ratio": 9.74,
            "reinvestment_rate": 112.19,
            "research_to_sale_ratio": null,
            "price_fair": 5,
            "eps_avg_yearly": 0.14,
            "eps_latest_yearly": 0.16,
            "eps_growth_yearly": 29.52
        },
        "20041": {
            "year_quarter": 20041,
            "year": 2004,
            "quarter": 1,
            "eps": 0.07,
            "eps_growth_year": 37.64,
            "eps_4q": 0.19,
            "eps_4q_growth_year": 32.71,
            "roe": 5.1,
            "roe_4q": 14.889999999999999,
            "gross_profit": 346661,
            "gross_margin": 27.06,
            "gross_margin_4q_avg": 24.92,
            "net_income": 110135,
            "net_income_4q": null,
            "revenue": 1281191,
            "revenue_4q": null,
            "common_shares": 999217,
            "book_valuer_per_share": 1.36,
            "book_valuer_per_share_4q_avg": 1.26,
            "equity": 2246437,
            "current_ratio": 155.02,
            "debt_ratio": 26.99,
            "inventory_turnover_ratio": 2.88,
            "account_receivable_turnover_ratio": 10.8,
            "reinvestment_rate": 91.88,
            "research_to_sale_ratio": null,
            "price_fair": 5.6,
            "eps_avg_yearly": 0.16,
            "eps_latest_yearly": 0.28,
            "eps_growth_yearly": 63.33
        },
        "20042": {
            "year_quarter": 20042,
            "year": 2004,
            "quarter": 2,
            "eps": 0.05,
            "eps_growth_year": 47.22,
            "eps_4q": 0.2,
            "eps_4q_growth_year": 31.8,
            "roe": 3.43,
            "roe_4q": 15.499999999999998,
            "gross_profit": 306824,
            "gross_margin": 24.72,
            "gross_margin_4q_avg": 24.99,
            "net_income": 78885,
            "net_income_4q": null,
            "revenue": 1241068,
            "revenue_4q": null,
            "common_shares": 1022859,
            "book_valuer_per_share": 1.42,
            "book_valuer_per_share_4q_avg": 1.32,
            "equity": 2353359,
            "current_ratio": 175.91,
            "debt_ratio": 23.98,
            "inventory_turnover_ratio": 3.05,
            "account_receivable_turnover_ratio": 10.28,
            "reinvestment_rate": 83.47,
            "research_to_sale_ratio": null,
            "price_fair": 5.76,
            "eps_avg_yearly": 0.16,
            "eps_latest_yearly": 0.2,
            "eps_growth_yearly": 43.6
        },
        "20043": {
            "year_quarter": 20043,
            "year": 2004,
            "quarter": 3,
            "eps": 0.06,
            "eps_growth_year": 39.42,
            "eps_4q": 0.22,
            "eps_4q_growth_year": 35.87,
            "roe": 4.06,
            "roe_4q": 16.03,
            "gross_profit": 330487,
            "gross_margin": 25.06,
            "gross_margin_4q_avg": 25.19,
            "net_income": 97580,
            "net_income_4q": null,
            "revenue": 1318691,
            "revenue_4q": null,
            "common_shares": 1025289,
            "book_valuer_per_share": 1.48,
            "book_valuer_per_share_4q_avg": 1.38,
            "equity": 2449485,
            "current_ratio": 190.78,
            "debt_ratio": 24.03,
            "inventory_turnover_ratio": 2.85,
            "account_receivable_turnover_ratio": 10.93,
            "reinvestment_rate": 75.51,
            "research_to_sale_ratio": null,
            "price_fair": 6.02,
            "eps_avg_yearly": 0.17,
            "eps_latest_yearly": 0.24,
            "eps_growth_yearly": 47.24
        },
        "20044": {
            "year_quarter": 20044,
            "year": 2004,
            "quarter": 4,
            "eps": 0.06,
            "eps_growth_year": 44.94,
            "eps_4q": 0.24,
            "eps_4q_growth_year": 41.84,
            "roe": 4.17,
            "roe_4q": 16.759999999999998,
            "gross_profit": 328667,
            "gross_margin": 22.62,
            "gross_margin_4q_avg": 24.87,
            "net_income": 102603,
            "net_income_4q": null,
            "revenue": 1453297,
            "revenue_4q": null,
            "common_shares": 956685,
            "book_valuer_per_share": 1.49,
            "book_valuer_per_share_4q_avg": 1.44,
            "equity": 2470211,
            "current_ratio": 181.02,
            "debt_ratio": 27.06,
            "inventory_turnover_ratio": 2.78,
            "account_receivable_turnover_ratio": 11.05,
            "reinvestment_rate": 78.57,
            "research_to_sale_ratio": null,
            "price_fair": 6.24,
            "eps_avg_yearly": 0.18,
            "eps_latest_yearly": 0.24,
            "eps_growth_yearly": 42.94
        },
        "20051": {
            "year_quarter": 20051,
            "year": 2005,
            "quarter": 1,
            "eps": 0.08,
            "eps_growth_year": 23.28,
            "eps_4q": 0.25,
            "eps_4q_growth_year": 36.19,
            "roe": 5.41,
            "roe_4q": 17.07,
            "gross_profit": 418783,
            "gross_margin": 26.35,
            "gross_margin_4q_avg": 24.69,
            "net_income": 142674,
            "net_income_4q": null,
            "revenue": 1589544,
            "revenue_4q": null,
            "common_shares": 1119159,
            "book_valuer_per_share": 1.68,
            "book_valuer_per_share_4q_avg": 1.52,
            "equity": 2801134,
            "current_ratio": 195.27,
            "debt_ratio": 26.67,
            "inventory_turnover_ratio": 2.92,
            "account_receivable_turnover_ratio": 10.98,
            "reinvestment_rate": 82.47,
            "research_to_sale_ratio": null,
            "price_fair": 6.65,
            "eps_avg_yearly": 0.19,
            "eps_latest_yearly": 0.32,
            "eps_growth_yearly": 50.48
        },
        "20052": {
            "year_quarter": 20052,
            "year": 2005,
            "quarter": 2,
            "eps": 0.06,
            "eps_growth_year": 29.11,
            "eps_4q": 0.27,
            "eps_4q_growth_year": 32.72,
            "roe": 3.79,
            "roe_4q": 17.43,
            "gross_profit": 359032,
            "gross_margin": 23.64,
            "gross_margin_4q_avg": 24.42,
            "net_income": 102461,
            "net_income_4q": null,
            "revenue": 1518716,
            "revenue_4q": null,
            "common_shares": 832251,
            "book_valuer_per_share": 1.57,
            "book_valuer_per_share_4q_avg": 1.56,
            "equity": 2604284,
            "current_ratio": 169.63,
            "debt_ratio": 27.73,
            "inventory_turnover_ratio": 2.95,
            "account_receivable_turnover_ratio": 10.09,
            "reinvestment_rate": 76.04,
            "research_to_sale_ratio": null,
            "price_fair": 6.78,
            "eps_avg_yearly": 0.19,
            "eps_latest_yearly": 0.24,
            "eps_growth_yearly": 38.9
        },
        "20053": {
            "year_quarter": 20053,
            "year": 2005,
            "quarter": 3,
            "eps": 0.08,
            "eps_growth_year": 31.27,
            "eps_4q": 0.29,
            "eps_4q_growth_year": 31.01,
            "roe": 5.14,
            "roe_4q": 18.509999999999998,
            "gross_profit": 405960,
            "gross_margin": 25.34,
            "gross_margin_4q_avg": 24.49,
            "net_income": 125513,
            "net_income_4q": null,
            "revenue": 1601799,
            "revenue_4q": null,
            "common_shares": 395333,
            "book_valuer_per_share": 1.39,
            "book_valuer_per_share_4q_avg": 1.53,
            "equity": 2275857,
            "current_ratio": 129.4,
            "debt_ratio": 31.61,
            "inventory_turnover_ratio": 2.65,
            "account_receivable_turnover_ratio": 10.66,
            "reinvestment_rate": 62.27,
            "research_to_sale_ratio": null,
            "price_fair": 7.1,
            "eps_avg_yearly": 0.2,
            "eps_latest_yearly": 0.32,
            "eps_growth_yearly": 45.65
        },
        "20054": {
            "year_quarter": 20054,
            "year": 2005,
            "quarter": 4,
            "eps": 0.08,
            "eps_growth_year": 29.08,
            "eps_4q": 0.3,
            "eps_4q_growth_year": 27.98,
            "roe": 5.67,
            "roe_4q": 20.009999999999998,
            "gross_profit": 414402,
            "gross_margin": 24.98,
            "gross_margin_4q_avg": 25.08,
            "net_income": 123722,
            "net_income_4q": null,
            "revenue": 1659241,
            "revenue_4q": null,
            "common_shares": 767,
            "book_valuer_per_share": 1.28,
            "book_valuer_per_share_4q_avg": 1.48,
            "equity": 2090262,
            "current_ratio": 98.56,
            "debt_ratio": 40.51,
            "inventory_turnover_ratio": 2.39,
            "account_receivable_turnover_ratio": 9.77,
            "reinvestment_rate": 62,
            "research_to_sale_ratio": null,
            "price_fair": 7.37,
            "eps_avg_yearly": 0.21,
            "eps_latest_yearly": 0.32,
            "eps_growth_yearly": 42.6
        },
        "20061": {
            "year_quarter": 20061,
            "year": 2006,
            "quarter": 1,
            "eps": 0.11,
            "eps_growth_year": 31.9,
            "eps_4q": 0.33,
            "eps_4q_growth_year": 30.53,
            "roe": 8.06,
            "roe_4q": 22.66,
            "gross_profit": 533888,
            "gross_margin": 27.6,
            "gross_margin_4q_avg": 25.39,
            "net_income": 174156,
            "net_income_4q": null,
            "revenue": 1934092,
            "revenue_4q": null,
            "common_shares": 767,
            "book_valuer_per_share": 1.37,
            "book_valuer_per_share_4q_avg": 1.4,
            "equity": 2232792,
            "current_ratio": 106.39,
            "debt_ratio": 39.84,
            "inventory_turnover_ratio": 2.8,
            "account_receivable_turnover_ratio": 9.96,
            "reinvestment_rate": 57.09,
            "research_to_sale_ratio": null,
            "price_fair": 7.88,
            "eps_avg_yearly": 0.23,
            "eps_latest_yearly": 0.44,
            "eps_growth_yearly": 49.32
        },
        "20062": {
            "year_quarter": 20062,
            "year": 2006,
            "quarter": 2,
            "eps": 0.08,
            "eps_growth_year": 29.48,
            "eps_4q": 0.35,
            "eps_4q_growth_year": 30.54,
            "roe": 5.48,
            "roe_4q": 24.35,
            "gross_profit": 459676,
            "gross_margin": 24.38,
            "gross_margin_4q_avg": 25.58,
            "net_income": 127316,
            "net_income_4q": null,
            "revenue": 1885822,
            "revenue_4q": null,
            "common_shares": 769,
            "book_valuer_per_share": 1.44,
            "book_valuer_per_share_4q_avg": 1.37,
            "equity": 2417909,
            "current_ratio": 106.76,
            "debt_ratio": 36.67,
            "inventory_turnover_ratio": 3.14,
            "account_receivable_turnover_ratio": 9.71,
            "reinvestment_rate": 56.4,
            "research_to_sale_ratio": null,
            "price_fair": 8.4,
            "eps_avg_yearly": 0.24,
            "eps_latest_yearly": 0.32,
            "eps_growth_yearly": 55
        },
        "20063": {
            "year_quarter": 20063,
            "year": 2006,
            "quarter": 3,
            "eps": 0.09,
            "eps_growth_year": 17.33,
            "eps_4q": 0.36,
            "eps_4q_growth_year": 26.79,
            "roe": 5.91,
            "roe_4q": 25.120000000000005,
            "gross_profit": 472182,
            "gross_margin": 24.05,
            "gross_margin_4q_avg": 25.25,
            "net_income": 145498,
            "net_income_4q": null,
            "revenue": 1963673,
            "revenue_4q": null,
            "common_shares": 768,
            "book_valuer_per_share": 1.5,
            "book_valuer_per_share_4q_avg": 1.4,
            "equity": 2505095,
            "current_ratio": 103.54,
            "debt_ratio": 38.18,
            "inventory_turnover_ratio": 2.94,
            "account_receivable_turnover_ratio": 10.46,
            "reinvestment_rate": 58.19,
            "research_to_sale_ratio": null,
            "price_fair": 8.93,
            "eps_avg_yearly": 0.26,
            "eps_latest_yearly": 0.36,
            "eps_growth_yearly": 45.62
        },
        "20064": {
            "year_quarter": 20064,
            "year": 2006,
            "quarter": 4,
            "eps": 0.09,
            "eps_growth_year": 6.55,
            "eps_4q": 0.37,
            "eps_4q_growth_year": 20.95,
            "roe": 5.68,
            "roe_4q": 25.130000000000003,
            "gross_profit": 454590,
            "gross_margin": 22.69,
            "gross_margin_4q_avg": 24.68,
            "net_income": 134503,
            "net_income_4q": null,
            "revenue": 2003355,
            "revenue_4q": null,
            "common_shares": 756,
            "book_valuer_per_share": 1.34,
            "book_valuer_per_share_4q_avg": 1.41,
            "equity": 2228506,
            "current_ratio": 79.03,
            "debt_ratio": 49.68,
            "inventory_turnover_ratio": 2.6,
            "account_receivable_turnover_ratio": 9.79,
            "reinvestment_rate": 63.54,
            "research_to_sale_ratio": null,
            "price_fair": 9.36,
            "eps_avg_yearly": 0.27,
            "eps_latest_yearly": 0.36,
            "eps_growth_yearly": 37.29
        },
        "20071": {
            "year_quarter": 20071,
            "year": 2007,
            "quarter": 1,
            "eps": 0.13,
            "eps_growth_year": 19.21,
            "eps_4q": 0.39,
            "eps_4q_growth_year": 17.61,
            "roe": 8.78,
            "roe_4q": 25.849999999999998,
            "gross_profit": 598933,
            "gross_margin": 25.42,
            "gross_margin_4q_avg": 24.14,
            "net_income": 204952,
            "net_income_4q": null,
            "revenue": 2355723,
            "revenue_4q": null,
            "common_shares": 757,
            "book_valuer_per_share": 1.45,
            "book_valuer_per_share_4q_avg": 1.43,
            "equity": 2438855,
            "current_ratio": 79.23,
            "debt_ratio": 46.13,
            "inventory_turnover_ratio": 2.97,
            "account_receivable_turnover_ratio": 10.42,
            "reinvestment_rate": 64.72,
            "research_to_sale_ratio": null,
            "price_fair": 10.06,
            "eps_avg_yearly": 0.29,
            "eps_latest_yearly": 0.52,
            "eps_growth_yearly": 42.15
        },
        "20072": {
            "year_quarter": 20072,
            "year": 2007,
            "quarter": 2,
            "eps": 0.1,
            "eps_growth_year": 21.62,
            "eps_4q": 0.41,
            "eps_4q_growth_year": 16.42,
            "roe": 6.49,
            "roe_4q": 26.86,
            "gross_profit": 529863,
            "gross_margin": 23.49,
            "gross_margin_4q_avg": 23.91,
            "net_income": 150840,
            "net_income_4q": null,
            "revenue": 2255594,
            "revenue_4q": null,
            "common_shares": 746,
            "book_valuer_per_share": 1.32,
            "book_valuer_per_share_4q_avg": 1.4,
            "equity": 2212299,
            "current_ratio": 65.33,
            "debt_ratio": 52.29,
            "inventory_turnover_ratio": 3.06,
            "account_receivable_turnover_ratio": 9.63,
            "reinvestment_rate": 66.86,
            "research_to_sale_ratio": null,
            "price_fair": 10.68,
            "eps_avg_yearly": 0.31,
            "eps_latest_yearly": 0.4,
            "eps_growth_yearly": 46.38
        },
        "20073": {
            "year_quarter": 20073,
            "year": 2007,
            "quarter": 3,
            "eps": 0.1,
            "eps_growth_year": 13.78,
            "eps_4q": 0.42,
            "eps_4q_growth_year": 15.56,
            "roe": 6.93,
            "roe_4q": 27.88,
            "gross_profit": 536152,
            "gross_margin": 22.73,
            "gross_margin_4q_avg": 23.58,
            "net_income": 158343,
            "net_income_4q": null,
            "revenue": 2359245,
            "revenue_4q": null,
            "common_shares": 745,
            "book_valuer_per_share": 1.41,
            "book_valuer_per_share_4q_avg": 1.38,
            "equity": 2355785,
            "current_ratio": 66.02,
            "debt_ratio": 51.96,
            "inventory_turnover_ratio": 2.95,
            "account_receivable_turnover_ratio": 9.6,
            "reinvestment_rate": 59.41,
            "research_to_sale_ratio": null,
            "price_fair": 11.2,
            "eps_avg_yearly": 0.32,
            "eps_latest_yearly": 0.4,
            "eps_growth_yearly": 38.05
        },
        "20074": {
            "year_quarter": 20074,
            "year": 2007,
            "quarter": 4,
            "eps": 0.1,
            "eps_growth_year": 21.76,
            "eps_4q": 0.44,
            "eps_4q_growth_year": 18.99,
            "roe": 6.83,
            "roe_4q": 29.03,
            "gross_profit": 531536,
            "gross_margin": 21.78,
            "gross_margin_4q_avg": 23.36,
            "net_income": 158503,
            "net_income_4q": null,
            "revenue": 2440935,
            "revenue_4q": null,
            "common_shares": 738,
            "book_valuer_per_share": 1.37,
            "book_valuer_per_share_4q_avg": 1.39,
            "equity": 2284117,
            "current_ratio": 78.7,
            "debt_ratio": 57.26,
            "inventory_turnover_ratio": 2.83,
            "account_receivable_turnover_ratio": 9.06,
            "reinvestment_rate": 68.28,
            "research_to_sale_ratio": null,
            "price_fair": 11.73,
            "eps_avg_yearly": 0.34,
            "eps_latest_yearly": 0.4,
            "eps_growth_yearly": 38.05
        },
        "20081": {
            "year_quarter": 20081,
            "year": 2008,
            "quarter": 1,
            "eps": 0.14,
            "eps_growth_year": 6.69,
            "eps_4q": 0.45,
            "eps_4q_growth_year": 14.77,
            "roe": 9.17,
            "roe_4q": 29.42,
            "gross_profit": 654300,
            "gross_margin": 23.64,
            "gross_margin_4q_avg": 22.91,
            "net_income": 208100,
            "net_income_4q": null,
            "revenue": 2767600,
            "revenue_4q": null,
            "common_shares": 700,
            "book_valuer_per_share": 1.37,
            "book_valuer_per_share_4q_avg": 1.37,
            "equity": 2253200,
            "current_ratio": 77.12,
            "debt_ratio": 59.08,
            "inventory_turnover_ratio": 3.32,
            "account_receivable_turnover_ratio": 9.16,
            "reinvestment_rate": 68.48,
            "research_to_sale_ratio": null,
            "price_fair": 12.34,
            "eps_avg_yearly": 0.35,
            "eps_latest_yearly": 0.56,
            "eps_growth_yearly": 29.3
        },
        "20082": {
            "year_quarter": 20082,
            "year": 2008,
            "quarter": 2,
            "eps": 0.07,
            "eps_growth_year": -24.54,
            "eps_4q": 0.42,
            "eps_4q_growth_year": 3.97,
            "roe": 4.63,
            "roe_4q": 27.560000000000002,
            "gross_profit": 492200,
            "gross_margin": 19.49,
            "gross_margin_4q_avg": 21.91,
            "net_income": 108700,
            "net_income_4q": null,
            "revenue": 2526000,
            "revenue_4q": null,
            "common_shares": 700,
            "book_valuer_per_share": 1.48,
            "book_valuer_per_share_4q_avg": 1.41,
            "equity": 2440800,
            "current_ratio": 75.94,
            "debt_ratio": 55.9,
            "inventory_turnover_ratio": 3.42,
            "account_receivable_turnover_ratio": 8.19,
            "reinvestment_rate": 76.11,
            "research_to_sale_ratio": null,
            "price_fair": 12.13,
            "eps_avg_yearly": 0.36,
            "eps_latest_yearly": 0.28,
            "eps_growth_yearly": 23.94
        },
        "20083": {
            "year_quarter": 20083,
            "year": 2008,
            "quarter": 3,
            "eps": 0.07,
            "eps_growth_year": -32.58,
            "eps_4q": 0.39,
            "eps_4q_growth_year": -7.25,
            "roe": -0.27,
            "roe_4q": 20.36,
            "gross_profit": 452600,
            "gross_margin": 17.58,
            "gross_margin_4q_avg": 20.62,
            "net_income": -6700,
            "net_income_4q": null,
            "revenue": 2574000,
            "revenue_4q": null,
            "common_shares": 700,
            "book_valuer_per_share": 1.48,
            "book_valuer_per_share_4q_avg": 1.43,
            "equity": 2477300,
            "current_ratio": 80.38,
            "debt_ratio": 55.38,
            "inventory_turnover_ratio": 3.34,
            "account_receivable_turnover_ratio": 8.81,
            "reinvestment_rate": 68.56,
            "research_to_sale_ratio": null,
            "price_fair": 10.42,
            "eps_avg_yearly": 0.36,
            "eps_latest_yearly": 0.28,
            "eps_growth_yearly": 18.94
        },
        "20084": {
            "year_quarter": 20084,
            "year": 2008,
            "quarter": 4,
            "eps": 0.05,
            "eps_growth_year": -54.89,
            "eps_4q": 0.33,
            "eps_4q_growth_year": -24.34,
            "roe": 0.22,
            "roe_4q": 13.75,
            "gross_profit": 393500,
            "gross_margin": 15.64,
            "gross_margin_4q_avg": 19.09,
            "net_income": 5400,
            "net_income_4q": null,
            "revenue": 2515400,
            "revenue_4q": null,
            "common_shares": 700,
            "book_valuer_per_share": 1.47,
            "book_valuer_per_share_4q_avg": 1.45,
            "equity": 2490900,
            "current_ratio": 79.83,
            "debt_ratio": 56.09,
            "inventory_turnover_ratio": 3.13,
            "account_receivable_turnover_ratio": 8.2,
            "reinvestment_rate": 64.25,
            "research_to_sale_ratio": null,
            "price_fair": 7.79,
            "eps_avg_yearly": 0.36,
            "eps_latest_yearly": 0.2,
            "eps_growth_yearly": 11.8
        },
        "20091": {
            "year_quarter": 20091,
            "year": 2009,
            "quarter": 1,
            "eps": 0.08,
            "eps_growth_year": -44.89,
            "eps_4q": 0.27,
            "eps_4q_growth_year": -39.91,
            "roe": 2.55,
            "roe_4q": 7.13,
            "gross_profit": 481800,
            "gross_margin": 18.42,
            "gross_margin_4q_avg": 17.78,
            "net_income": 64700,
            "net_income_4q": null,
            "revenue": 2615200,
            "revenue_4q": null,
            "common_shares": 700,
            "book_valuer_per_share": 1.53,
            "book_valuer_per_share_4q_avg": 1.49,
            "equity": 2584600,
            "current_ratio": 86.73,
            "debt_ratio": 53.27,
            "inventory_turnover_ratio": 3.33,
            "account_receivable_turnover_ratio": 7.91,
            "reinvestment_rate": 59.55,
            "research_to_sale_ratio": null,
            "price_fair": 10.18,
            "eps_avg_yearly": 0.36,
            "eps_latest_yearly": 0.32,
            "eps_growth_yearly": 18.46
        },
        "20092": {
            "year_quarter": 20092,
            "year": 2009,
            "quarter": 2,
            "eps": 0.09,
            "eps_growth_year": 23.25,
            "eps_4q": 0.28,
            "eps_4q_growth_year": -32.45,
            "roe": 0.96,
            "roe_4q": 3.46,
            "gross_profit": 470200,
            "gross_margin": 20.15,
            "gross_margin_4q_avg": 17.95,
            "net_income": 25100,
            "net_income_4q": null,
            "revenue": 2333300,
            "revenue_4q": null,
            "common_shares": 700,
            "book_valuer_per_share": 1.56,
            "book_valuer_per_share_4q_avg": 1.51,
            "equity": 2630400,
            "current_ratio": 95.15,
            "debt_ratio": 50.19,
            "inventory_turnover_ratio": 3.06,
            "account_receivable_turnover_ratio": 7.28,
            "reinvestment_rate": 54.51,
            "research_to_sale_ratio": null,
            "price_fair": 12.78,
            "eps_avg_yearly": 0.37,
            "eps_latest_yearly": 0.36,
            "eps_growth_yearly": 27.84
        },
        "20093": {
            "year_quarter": 20093,
            "year": 2009,
            "quarter": 3,
            "eps": 0.13,
            "eps_growth_year": 79.33,
            "eps_4q": 0.34,
            "eps_4q_growth_year": -12.24,
            "roe": 5.44,
            "roe_4q": 9.17,
            "gross_profit": 539100,
            "gross_margin": 22.43,
            "gross_margin_4q_avg": 19.16,
            "net_income": 148200,
            "net_income_4q": null,
            "revenue": 2403900,
            "revenue_4q": null,
            "common_shares": 700,
            "book_valuer_per_share": 1.68,
            "book_valuer_per_share_4q_avg": 1.56,
            "equity": 2818000,
            "current_ratio": 110.26,
            "debt_ratio": 47.16,
            "inventory_turnover_ratio": 2.8,
            "account_receivable_turnover_ratio": 7.95,
            "reinvestment_rate": 46.62,
            "research_to_sale_ratio": null,
            "price_fair": 13.21,
            "eps_avg_yearly": 0.38,
            "eps_latest_yearly": 0.52,
            "eps_growth_yearly": 30.62
        },
        "20094": {
            "year_quarter": 20094,
            "year": 2009,
            "quarter": 4,
            "eps": 0.12,
            "eps_growth_year": 164.01,
            "eps_4q": 0.42,
            "eps_4q_growth_year": 26.38,
            "roe": 5.24,
            "roe_4q": 14.190000000000001,
            "gross_profit": 533500,
            "gross_margin": 22.03,
            "gross_margin_4q_avg": 20.76,
            "net_income": 153500,
            "net_income_4q": null,
            "revenue": 2422200,
            "revenue_4q": null,
            "common_shares": 700,
            "book_valuer_per_share": 1.83,
            "book_valuer_per_share_4q_avg": 1.65,
            "equity": 3045700,
            "current_ratio": 128.77,
            "debt_ratio": 45.39,
            "inventory_turnover_ratio": 2.76,
            "account_receivable_turnover_ratio": 8.56,
            "reinvestment_rate": 42.1,
            "research_to_sale_ratio": null,
            "price_fair": 13.56,
            "eps_avg_yearly": 0.39,
            "eps_latest_yearly": 0.48,
            "eps_growth_yearly": 28.69
        },
        "20101": {
            "year_quarter": 20101,
            "year": 2010,
            "quarter": 1,
            "eps": 0.17,
            "eps_growth_year": 115.87,
            "eps_4q": 0.51,
            "eps_4q_growth_year": 89.34,
            "roe": 7.61,
            "roe_4q": 19.250000000000004,
            "gross_profit": 680900,
            "gross_margin": 25.01,
            "gross_margin_4q_avg": 22.41,
            "net_income": 243500,
            "net_income_4q": null,
            "revenue": 2722700,
            "revenue_4q": null,
            "common_shares": 700,
            "book_valuer_per_share": 2.02,
            "book_valuer_per_share_4q_avg": 1.77,
            "equity": 3351300,
            "current_ratio": 145.23,
            "debt_ratio": 45.08,
            "inventory_turnover_ratio": 3.38,
            "account_receivable_turnover_ratio": 10.19,
            "reinvestment_rate": 32.46,
            "research_to_sale_ratio": null,
            "price_fair": 14.09,
            "eps_avg_yearly": 0.4,
            "eps_latest_yearly": 0.68,
            "eps_growth_yearly": 29.74
        },
        "20102": {
            "year_quarter": 20102,
            "year": 2010,
            "quarter": 2,
            "eps": 0.15,
            "eps_growth_year": 60.04,
            "eps_4q": 0.56,
            "eps_4q_growth_year": 97.09,
            "roe": 6.32,
            "roe_4q": 24.610000000000003,
            "gross_profit": 642600,
            "gross_margin": 25.35,
            "gross_margin_4q_avg": 23.71,
            "net_income": 217800,
            "net_income_4q": null,
            "revenue": 2534700,
            "revenue_4q": null,
            "common_shares": 700,
            "book_valuer_per_share": 2.14,
            "book_valuer_per_share_4q_avg": 1.92,
            "equity": 3541000,
            "current_ratio": 151.24,
            "debt_ratio": 42.37,
            "inventory_turnover_ratio": 3.66,
            "account_receivable_turnover_ratio": 9,
            "reinvestment_rate": 31.6,
            "research_to_sale_ratio": null,
            "price_fair": 14.7,
            "eps_avg_yearly": 0.42,
            "eps_latest_yearly": 0.6,
            "eps_growth_yearly": 33.61
        },
        "20103": {
            "year_quarter": 20103,
            "year": 2010,
            "quarter": 3,
            "eps": 0.14,
            "eps_growth_year": 15.09,
            "eps_4q": 0.58,
            "eps_4q_growth_year": 70.51,
            "roe": 5.9,
            "roe_4q": 25.07,
            "gross_profit": 646900,
            "gross_margin": 24.77,
            "gross_margin_4q_avg": 24.29,
            "net_income": 208500,
            "net_income_4q": null,
            "revenue": 2612000,
            "revenue_4q": null,
            "common_shares": 700,
            "book_valuer_per_share": 2.14,
            "book_valuer_per_share_4q_avg": 2.03,
            "equity": 3520900,
            "current_ratio": 151.22,
            "debt_ratio": 43.27,
            "inventory_turnover_ratio": 3.99,
            "account_receivable_turnover_ratio": 8.97,
            "reinvestment_rate": 20.18,
            "research_to_sale_ratio": null,
            "price_fair": 15.14,
            "eps_avg_yearly": 0.43,
            "eps_latest_yearly": 0.56,
            "eps_growth_yearly": 28.82
        },
        "20104": {
            "year_quarter": 20104,
            "year": 2010,
            "quarter": 4,
            "eps": 0.19,
            "eps_growth_year": 49.67,
            "eps_4q": 0.64,
            "eps_4q_growth_year": 53.74,
            "roe": 7.74,
            "roe_4q": 27.57,
            "gross_profit": 727000,
            "gross_margin": 25.62,
            "gross_margin_4q_avg": 25.19,
            "net_income": 278500,
            "net_income_4q": null,
            "revenue": 2838000,
            "revenue_4q": null,
            "common_shares": 700,
            "book_valuer_per_share": 2.25,
            "book_valuer_per_share_4q_avg": 2.14,
            "equity": 3674700,
            "current_ratio": 154.93,
            "debt_ratio": 42.46,
            "inventory_turnover_ratio": 4.06,
            "account_receivable_turnover_ratio": 9.7,
            "reinvestment_rate": 13.07,
            "research_to_sale_ratio": null,
            "price_fair": 16.01,
            "eps_avg_yearly": 0.46,
            "eps_latest_yearly": 0.76,
            "eps_growth_yearly": 37.75
        },
        "20111": {
            "year_quarter": 20111,
            "year": 2011,
            "quarter": 1,
            "eps": 0.23,
            "eps_growth_year": 36.02,
            "eps_4q": 0.7,
            "eps_4q_growth_year": 38.48,
            "roe": 9,
            "roe_4q": 28.96,
            "gross_profit": 870500,
            "gross_margin": 29.5,
            "gross_margin_4q_avg": 26.31,
            "net_income": 347600,
            "net_income_4q": null,
            "revenue": 2950800,
            "revenue_4q": null,
            "common_shares": 700,
            "book_valuer_per_share": 2.48,
            "book_valuer_per_share_4q_avg": 2.25,
            "equity": 4051700,
            "current_ratio": 173.81,
            "debt_ratio": 41.54,
            "inventory_turnover_ratio": 3.58,
            "account_receivable_turnover_ratio": 9.54,
            "reinvestment_rate": 4.11,
            "research_to_sale_ratio": null,
            "price_fair": 16.89,
            "eps_avg_yearly": 0.48,
            "eps_latest_yearly": 0.92,
            "eps_growth_yearly": 31.9
        },
        "20112": {
            "year_quarter": 20112,
            "year": 2011,
            "quarter": 2,
            "eps": 0.17,
            "eps_growth_year": 16.87,
            "eps_4q": 0.73,
            "eps_4q_growth_year": 29.41,
            "roe": 6.27,
            "roe_4q": 28.909999999999997,
            "gross_profit": 747300,
            "gross_margin": 26.83,
            "gross_margin_4q_avg": 26.68,
            "net_income": 262400,
            "net_income_4q": null,
            "revenue": 2785700,
            "revenue_4q": null,
            "common_shares": 800,
            "book_valuer_per_share": 2.66,
            "book_valuer_per_share_4q_avg": 2.38,
            "equity": 4317800,
            "current_ratio": 197.32,
            "debt_ratio": 38.56,
            "inventory_turnover_ratio": 2.93,
            "account_receivable_turnover_ratio": 8.29,
            "reinvestment_rate": -4.62,
            "research_to_sale_ratio": null,
            "price_fair": 17.5,
            "eps_avg_yearly": 0.5,
            "eps_latest_yearly": 0.68,
            "eps_growth_yearly": 31.15
        },
        "20113": {
            "year_quarter": 20113,
            "year": 2011,
            "quarter": 3,
            "eps": 0.18,
            "eps_growth_year": 25.3,
            "eps_4q": 0.76,
            "eps_4q_growth_year": 31.49,
            "roe": 6.46,
            "roe_4q": 29.47,
            "gross_profit": 777600,
            "gross_margin": 26.52,
            "gross_margin_4q_avg": 27.12,
            "net_income": 279800,
            "net_income_4q": null,
            "revenue": 2932200,
            "revenue_4q": null,
            "common_shares": 700,
            "book_valuer_per_share": 2.67,
            "book_valuer_per_share_4q_avg": 2.52,
            "equity": 4338900,
            "current_ratio": 192.91,
            "debt_ratio": 38.87,
            "inventory_turnover_ratio": 2.65,
            "account_receivable_turnover_ratio": 8.18,
            "reinvestment_rate": -11.51,
            "research_to_sale_ratio": null,
            "price_fair": 18.2,
            "eps_avg_yearly": 0.52,
            "eps_latest_yearly": 0.72,
            "eps_growth_yearly": 32.62
        },
        "20114": {
            "year_quarter": 20114,
            "year": 2011,
            "quarter": 4,
            "eps": 0.22,
            "eps_growth_year": 17.82,
            "eps_4q": 0.8,
            "eps_4q_growth_year": 24,
            "roe": 8.21,
            "roe_4q": 29.94,
            "gross_profit": 794500,
            "gross_margin": 26.2,
            "gross_margin_4q_avg": 27.26,
            "net_income": 358300,
            "net_income_4q": null,
            "revenue": 3031900,
            "revenue_4q": null,
            "common_shares": 700,
            "book_valuer_per_share": 2.65,
            "book_valuer_per_share_4q_avg": 2.62,
            "equity": 4384900,
            "current_ratio": 182.82,
            "debt_ratio": 40.43,
            "inventory_turnover_ratio": 2.46,
            "account_receivable_turnover_ratio": 8.11,
            "reinvestment_rate": -14.75,
            "research_to_sale_ratio": null,
            "price_fair": 19.25,
            "eps_avg_yearly": 0.55,
            "eps_latest_yearly": 0.88,
            "eps_growth_yearly": 38.18
        },
        "20121": {
            "year_quarter": 20121,
            "year": 2012,
            "quarter": 1,
            "eps": 0.25,
            "eps_growth_year": 9.99,
            "eps_4q": 0.82,
            "eps_4q_growth_year": 16.64,
            "roe": 8.35,
            "roe_4q": 29.290000000000003,
            "gross_profit": 944100,
            "gross_margin": 27.48,
            "gross_margin_4q_avg": 26.76,
            "net_income": 382200,
            "net_income_4q": null,
            "revenue": 3435900,
            "revenue_4q": null,
            "common_shares": 800,
            "book_valuer_per_share": 2.87,
            "book_valuer_per_share_4q_avg": 2.71,
            "equity": 4772800,
            "current_ratio": 196.27,
            "debt_ratio": 39.09,
            "inventory_turnover_ratio": 2.38,
            "account_receivable_turnover_ratio": 8.41,
            "reinvestment_rate": -17.94,
            "research_to_sale_ratio": null,
            "price_fair": 20.21,
            "eps_avg_yearly": 0.58,
            "eps_latest_yearly": 1,
            "eps_growth_yearly": 31.58
        },
        "20122": {
            "year_quarter": 20122,
            "year": 2012,
            "quarter": 2,
            "eps": 0.2,
            "eps_growth_year": 18.24,
            "eps_4q": 0.85,
            "eps_4q_growth_year": 16.97,
            "roe": 6.26,
            "roe_4q": 29.28,
            "gross_profit": 827500,
            "gross_margin": 25.89,
            "gross_margin_4q_avg": 26.52,
            "net_income": 310100,
            "net_income_4q": null,
            "revenue": 3195900,
            "revenue_4q": null,
            "common_shares": 800,
            "book_valuer_per_share": 3.09,
            "book_valuer_per_share_4q_avg": 2.82,
            "equity": 5133900,
            "current_ratio": 220.73,
            "debt_ratio": 35.88,
            "inventory_turnover_ratio": 2.03,
            "account_receivable_turnover_ratio": 7.36,
            "reinvestment_rate": -12.6,
            "research_to_sale_ratio": null,
            "price_fair": 21.35,
            "eps_avg_yearly": 0.61,
            "eps_latest_yearly": 0.8,
            "eps_growth_yearly": 39.08
        },
        "20123": {
            "year_quarter": 20123,
            "year": 2012,
            "quarter": 3,
            "eps": 0.21,
            "eps_growth_year": 18.6,
            "eps_4q": 0.88,
            "eps_4q_growth_year": 15.78,
            "roe": 6.34,
            "roe_4q": 29.16,
            "gross_profit": 881500,
            "gross_margin": 26.68,
            "gross_margin_4q_avg": 26.56,
            "net_income": 333300,
            "net_income_4q": null,
            "revenue": 3303600,
            "revenue_4q": null,
            "common_shares": 800,
            "book_valuer_per_share": 3.24,
            "book_valuer_per_share_4q_avg": 2.96,
            "equity": 5385000,
            "current_ratio": 226.42,
            "debt_ratio": 35.19,
            "inventory_turnover_ratio": 1.97,
            "account_receivable_turnover_ratio": 7.59,
            "reinvestment_rate": -9.15,
            "research_to_sale_ratio": null,
            "price_fair": 22.58,
            "eps_avg_yearly": 0.65,
            "eps_latest_yearly": 0.84,
            "eps_growth_yearly": 40.33
        },
        "20124": {
            "year_quarter": 20124,
            "year": 2012,
            "quarter": 4,
            "eps": 0.23,
            "eps_growth_year": 5.83,
            "eps_4q": 0.9,
            "eps_4q_growth_year": 12.55,
            "roe": 6.85,
            "roe_4q": 27.799999999999997,
            "gross_profit": 915100,
            "gross_margin": 27.2,
            "gross_margin_4q_avg": 26.81,
            "net_income": 359300,
            "net_income_4q": null,
            "revenue": 3364200,
            "revenue_4q": null,
            "common_shares": 700,
            "book_valuer_per_share": 3.05,
            "book_valuer_per_share_4q_avg": 3.06,
            "equity": 5109000,
            "current_ratio": 190.04,
            "debt_ratio": 37.84,
            "inventory_turnover_ratio": 1.97,
            "account_receivable_turnover_ratio": 7.32,
            "reinvestment_rate": 0.53,
            "research_to_sale_ratio": null,
            "price_fair": 24.15,
            "eps_avg_yearly": 0.69,
            "eps_latest_yearly": 0.92,
            "eps_growth_yearly": 49.86
        },
        "20131": {
            "year_quarter": 20131,
            "year": 2013,
            "quarter": 1,
            "eps": 0.28,
            "eps_growth_year": 14.16,
            "eps_4q": 0.93,
            "eps_4q_growth_year": 13.75,
            "roe": 8.41,
            "roe_4q": 27.86,
            "gross_profit": 1089300,
            "gross_margin": 28.67,
            "gross_margin_4q_avg": 27.11,
            "net_income": 432400,
            "net_income_4q": null,
            "revenue": 3799500,
            "revenue_4q": null,
            "common_shares": 700,
            "book_valuer_per_share": 3.09,
            "book_valuer_per_share_4q_avg": 3.12,
            "equity": 5169300,
            "current_ratio": 184.7,
            "debt_ratio": 39.11,
            "inventory_turnover_ratio": 2.32,
            "account_receivable_turnover_ratio": 7.96,
            "reinvestment_rate": 4.6,
            "research_to_sale_ratio": null,
            "price_fair": 25.9,
            "eps_avg_yearly": 0.74,
            "eps_latest_yearly": 1.12,
            "eps_growth_yearly": 40.29
        },
        "20132": {
            "year_quarter": 20132,
            "year": 2013,
            "quarter": 2,
            "eps": 0.26,
            "eps_growth_year": 27.96,
            "eps_4q": 0.99,
            "eps_4q_growth_year": 16.21,
            "roe": 7.45,
            "roe_4q": 29.05,
            "gross_profit": 980800,
            "gross_margin": 27.63,
            "gross_margin_4q_avg": 27.55,
            "net_income": 390700,
            "net_income_4q": null,
            "revenue": 3549600,
            "revenue_4q": null,
            "common_shares": 700,
            "book_valuer_per_share": 2.8,
            "book_valuer_per_share_4q_avg": 3.05,
            "equity": 5321400,
            "current_ratio": 167.87,
            "debt_ratio": 37.42,
            "inventory_turnover_ratio": 2.32,
            "account_receivable_turnover_ratio": 7.18,
            "reinvestment_rate": 6.61,
            "research_to_sale_ratio": null,
            "price_fair": 27.39,
            "eps_avg_yearly": 0.78,
            "eps_latest_yearly": 1.04,
            "eps_growth_yearly": 35.38
        },
        "20133": {
            "year_quarter": 20133,
            "year": 2013,
            "quarter": 3,
            "eps": 0.27,
            "eps_growth_year": 27.88,
            "eps_4q": 1.05,
            "eps_4q_growth_year": 18.55,
            "roe": 7.55,
            "roe_4q": 30.259999999999998,
            "gross_profit": 1053600,
            "gross_margin": 28.21,
            "gross_margin_4q_avg": 27.93,
            "net_income": 417800,
            "net_income_4q": null,
            "revenue": 3735300,
            "revenue_4q": null,
            "common_shares": 800,
            "book_valuer_per_share": 3.07,
            "book_valuer_per_share_4q_avg": 3,
            "equity": 5741500,
            "current_ratio": 174.88,
            "debt_ratio": 36.64,
            "inventory_turnover_ratio": 2.33,
            "account_receivable_turnover_ratio": 7.28,
            "reinvestment_rate": 10.35,
            "research_to_sale_ratio": null,
            "price_fair": 28.61,
            "eps_avg_yearly": 0.82,
            "eps_latest_yearly": 1.08,
            "eps_growth_yearly": 25.23
        },
        "20134": {
            "year_quarter": 20134,
            "year": 2013,
            "quarter": 4,
            "eps": 0.35,
            "eps_growth_year": 50.72,
            "eps_4q": 1.16,
            "eps_4q_growth_year": 30.01,
            "roe": -25.11,
            "roe_4q": -1.6999999999999993,
            "gross_profit": 1081100,
            "gross_margin": 28.53,
            "gross_margin_4q_avg": 28.26,
            "net_income": -1283500,
            "net_income_4q": null,
            "revenue": 3788700,
            "revenue_4q": null,
            "common_shares": 800,
            "book_valuer_per_share": 2.22,
            "book_valuer_per_share_4q_avg": 2.8,
            "equity": 4480200,
            "current_ratio": 101.75,
            "debt_ratio": 61.1,
            "inventory_turnover_ratio": 2.37,
            "account_receivable_turnover_ratio": 7.09,
            "reinvestment_rate": 24.8,
            "research_to_sale_ratio": null,
            "price_fair": 30.63,
            "eps_avg_yearly": 0.88,
            "eps_latest_yearly": 1.4,
            "eps_growth_yearly": 34.56
        },
        "20141": {
            "year_quarter": 20141,
            "year": 2014,
            "quarter": 1,
            "eps": 0.34,
            "eps_growth_year": 21.44,
            "eps_4q": 1.22,
            "eps_4q_growth_year": 31.63,
            "roe": 11.54,
            "roe_4q": 1.4299999999999997,
            "gross_profit": 1269500,
            "gross_margin": 29.94,
            "gross_margin_4q_avg": 28.58,
            "net_income": 540700,
            "net_income_4q": null,
            "revenue": 4239600,
            "revenue_4q": null,
            "common_shares": 800,
            "book_valuer_per_share": 2.48,
            "book_valuer_per_share_4q_avg": 2.64,
            "equity": 4887400,
            "current_ratio": 127.31,
            "debt_ratio": 52.34,
            "inventory_turnover_ratio": 2.89,
            "account_receivable_turnover_ratio": 7.37,
            "reinvestment_rate": 31.22,
            "research_to_sale_ratio": null,
            "price_fair": 30.67,
            "eps_avg_yearly": 0.92,
            "eps_latest_yearly": 1.36,
            "eps_growth_yearly": 23.43
        },
        "20142": {
            "year_quarter": 20142,
            "year": 2014,
            "quarter": 2,
            "eps": 0.28,
            "eps_growth_year": 8.91,
            "eps_4q": 1.25,
            "eps_4q_growth_year": 26.47,
            "roe": 8.68,
            "roe_4q": 2.6599999999999993,
            "gross_profit": 1110100,
            "gross_margin": 28.66,
            "gross_margin_4q_avg": 28.84,
            "net_income": 426900,
            "net_income_4q": null,
            "revenue": 3873800,
            "revenue_4q": null,
            "common_shares": 800,
            "book_valuer_per_share": 2.52,
            "book_valuer_per_share_4q_avg": 2.57,
            "equity": 4945100,
            "current_ratio": 130.93,
            "debt_ratio": 51.02,
            "inventory_turnover_ratio": 2.91,
            "account_receivable_turnover_ratio": 6.57,
            "reinvestment_rate": 31.77,
            "research_to_sale_ratio": null,
            "price_fair": 30.36,
            "eps_avg_yearly": 0.95,
            "eps_latest_yearly": 1.12,
            "eps_growth_yearly": 21.96
        },
        "20143": {
            "year_quarter": 20143,
            "year": 2014,
            "quarter": 3,
            "eps": 0.34,
            "eps_growth_year": 22.84,
            "eps_4q": 1.31,
            "eps_4q_growth_year": 25.23,
            "roe": 10.24,
            "roe_4q": 5.350000000000001,
            "gross_profit": 1265700,
            "gross_margin": 30.47,
            "gross_margin_4q_avg": 29.4,
            "net_income": 512500,
            "net_income_4q": null,
            "revenue": 4153700,
            "revenue_4q": null,
            "common_shares": 800,
            "book_valuer_per_share": 2.62,
            "book_valuer_per_share_4q_avg": 2.46,
            "equity": 5068800,
            "current_ratio": 116.4,
            "debt_ratio": 51.19,
            "inventory_turnover_ratio": 2.92,
            "account_receivable_turnover_ratio": 7.09,
            "reinvestment_rate": 41.32,
            "research_to_sale_ratio": null,
            "price_fair": 35,
            "eps_avg_yearly": 1,
            "eps_latest_yearly": 1.36,
            "eps_growth_yearly": 28.99
        },
        "20144": {
            "year_quarter": 20144,
            "year": 2014,
            "quarter": 4,
            "eps": 0.39,
            "eps_growth_year": 10.46,
            "eps_4q": 1.35,
            "eps_4q_growth_year": 15.71,
            "roe": 11.36,
            "roe_4q": 41.82,
            "gross_profit": 1305500,
            "gross_margin": 31.23,
            "gross_margin_4q_avg": 30.08,
            "net_income": 587500,
            "net_income_4q": null,
            "revenue": 4180700,
            "revenue_4q": null,
            "common_shares": 700,
            "book_valuer_per_share": 2.76,
            "book_valuer_per_share_4q_avg": 2.6,
            "equity": 5272000,
            "current_ratio": 137.19,
            "debt_ratio": 50.97,
            "inventory_turnover_ratio": 2.72,
            "account_receivable_turnover_ratio": 6.9,
            "reinvestment_rate": 31.65,
            "research_to_sale_ratio": null,
            "price_fair": 35.42,
            "eps_avg_yearly": 1.05,
            "eps_latest_yearly": 1.56,
            "eps_growth_yearly": 23.73
        },
        "20151": {
            "year_quarter": 20151,
            "year": 2015,
            "quarter": 1,
            "eps": 0.45,
            "eps_growth_year": 31.52,
            "eps_4q": 1.46,
            "eps_4q_growth_year": 18.83,
            "roe": 17.83,
            "roe_4q": 48.11,
            "gross_profit": 1496600,
            "gross_margin": 31.16,
            "gross_margin_4q_avg": 30.38,
            "net_income": 984800,
            "net_income_4q": null,
            "revenue": 4803300,
            "revenue_4q": null,
            "common_shares": 800,
            "book_valuer_per_share": 2.42,
            "book_valuer_per_share_4q_avg": 2.58,
            "equity": 5775400,
            "current_ratio": 127.79,
            "debt_ratio": 53.24,
            "inventory_turnover_ratio": 3.14,
            "account_receivable_turnover_ratio": 7.41,
            "reinvestment_rate": 30.66,
            "research_to_sale_ratio": null,
            "price_fair": 35.71,
            "eps_avg_yearly": 1.11,
            "eps_latest_yearly": 1.8,
            "eps_growth_yearly": 22.32
        },
        "20152": {
            "year_quarter": 20152,
            "year": 2015,
            "quarter": 2,
            "eps": 0.33,
            "eps_growth_year": 16.86,
            "eps_4q": 1.5,
            "eps_4q_growth_year": 20.43,
            "roe": 8.41,
            "roe_4q": 47.839999999999996,
            "gross_profit": 1379100,
            "gross_margin": 30.22,
            "gross_margin_4q_avg": 30.77,
            "net_income": 495600,
            "net_income_4q": null,
            "revenue": 4563500,
            "revenue_4q": null,
            "common_shares": 1500,
            "book_valuer_per_share": 2.58,
            "book_valuer_per_share_4q_avg": 2.6,
            "equity": 6008700,
            "current_ratio": 120.57,
            "debt_ratio": 50.71,
            "inventory_turnover_ratio": 3.06,
            "account_receivable_turnover_ratio": 6.91,
            "reinvestment_rate": 30.75,
            "research_to_sale_ratio": null,
            "price_fair": 36.84,
            "eps_avg_yearly": 1.15,
            "eps_latest_yearly": 1.32,
            "eps_growth_yearly": 22.17
        },
        "20153": {
            "year_quarter": 20153,
            "year": 2015,
            "quarter": 3,
            "eps": 0.41,
            "eps_growth_year": 22.77,
            "eps_4q": 1.58,
            "eps_4q_growth_year": 20.53,
            "roe": 10.56,
            "roe_4q": 48.16,
            "gross_profit": 1534900,
            "gross_margin": 31.45,
            "gross_margin_4q_avg": 31.02,
            "net_income": 626500,
            "net_income_4q": null,
            "revenue": 4881200,
            "revenue_4q": null,
            "common_shares": 1500,
            "book_valuer_per_share": 2.53,
            "book_valuer_per_share_4q_avg": 2.57,
            "equity": 5856500,
            "current_ratio": 117.57,
            "debt_ratio": 54.49,
            "inventory_turnover_ratio": 3.01,
            "account_receivable_turnover_ratio": 7.35,
            "reinvestment_rate": 32.2,
            "research_to_sale_ratio": null,
            "price_fair": 42.09,
            "eps_avg_yearly": 1.2,
            "eps_latest_yearly": 1.64,
            "eps_growth_yearly": 26.76
        },
        "20154": {
            "year_quarter": 20154,
            "year": 2015,
            "quarter": 4,
            "eps": 0.46,
            "eps_growth_year": 19.89,
            "eps_4q": 1.66,
            "eps_4q_growth_year": 22.96,
            "roe": 11.18,
            "roe_4q": 47.980000000000004,
            "gross_profit": 1553600,
            "gross_margin": 31.61,
            "gross_margin_4q_avg": 31.11,
            "net_income": 652500,
            "net_income_4q": null,
            "revenue": 4914800,
            "revenue_4q": null,
            "common_shares": 1500,
            "book_valuer_per_share": 2.51,
            "book_valuer_per_share_4q_avg": 2.51,
            "equity": 5818000,
            "current_ratio": 108.85,
            "debt_ratio": 53.14,
            "inventory_turnover_ratio": 2.72,
            "account_receivable_turnover_ratio": 7.06,
            "reinvestment_rate": 30.42,
            "research_to_sale_ratio": null,
            "price_fair": 43.25,
            "eps_avg_yearly": 1.26,
            "eps_latest_yearly": 1.84,
            "eps_growth_yearly": 24.25
        },
        "20161": {
            "year_quarter": 20161,
            "year": 2016,
            "quarter": 1,
            "eps": 0.46,
            "eps_growth_year": 0.91,
            "eps_4q": 1.66,
            "eps_4q_growth_year": 14.06,
            "roe": 11.66,
            "roe_4q": 41.81,
            "gross_profit": 1681100,
            "gross_margin": 31.29,
            "gross_margin_4q_avg": 31.14,
            "net_income": 687700,
            "net_income_4q": null,
            "revenue": 5373500,
            "revenue_4q": null,
            "common_shares": 1500,
            "book_valuer_per_share": 2.63,
            "book_valuer_per_share_4q_avg": 2.56,
            "equity": 5981500,
            "current_ratio": 106.96,
            "debt_ratio": 53.79,
            "inventory_turnover_ratio": 2.9,
            "account_receivable_turnover_ratio": 7.24,
            "reinvestment_rate": 28.66,
            "research_to_sale_ratio": null,
            "price_fair": 40.56,
            "eps_avg_yearly": 1.32,
            "eps_latest_yearly": 1.84,
            "eps_growth_yearly": 20.85
        },
        "20162": {
            "year_quarter": 20162,
            "year": 2016,
            "quarter": 2,
            "eps": 0.39,
            "eps_growth_year": 18.55,
            "eps_4q": 1.72,
            "eps_4q_growth_year": 14.52,
            "roe": 10.38,
            "roe_4q": 43.78,
            "gross_profit": 1516500,
            "gross_margin": 30.37,
            "gross_margin_4q_avg": 31.18,
            "net_income": 575000,
            "net_income_4q": null,
            "revenue": 4993200,
            "revenue_4q": null,
            "common_shares": 1500,
            "book_valuer_per_share": 2.02,
            "book_valuer_per_share_4q_avg": 2.42,
            "equity": 5094600,
            "current_ratio": 89.25,
            "debt_ratio": 59.31,
            "inventory_turnover_ratio": 2.74,
            "account_receivable_turnover_ratio": 6.62,
            "reinvestment_rate": 32.42,
            "research_to_sale_ratio": null,
            "price_fair": 43.66,
            "eps_avg_yearly": 1.36,
            "eps_latest_yearly": 1.56,
            "eps_growth_yearly": 22.04
        },
        "20163": {
            "year_quarter": 20163,
            "year": 2016,
            "quarter": 3,
            "eps": 0.51,
            "eps_growth_year": 23.29,
            "eps_4q": 1.82,
            "eps_4q_growth_year": 15.05,
            "roe": 13.95,
            "roe_4q": 47.169999999999995,
            "gross_profit": 1648300,
            "gross_margin": 31.47,
            "gross_margin_4q_avg": 31.19,
            "net_income": 754500,
            "net_income_4q": null,
            "revenue": 5238000,
            "revenue_4q": null,
            "common_shares": 1500,
            "book_valuer_per_share": 2.38,
            "book_valuer_per_share_4q_avg": 2.39,
            "equity": 5721800,
            "current_ratio": 114.39,
            "debt_ratio": 58.64,
            "inventory_turnover_ratio": 2.74,
            "account_receivable_turnover_ratio": 7.03,
            "reinvestment_rate": 32.06,
            "research_to_sale_ratio": null,
            "price_fair": 50.31,
            "eps_avg_yearly": 1.44,
            "eps_latest_yearly": 2.04,
            "eps_growth_yearly": 28.48
        },
        "20164": {
            "year_quarter": 20164,
            "year": 2016,
            "quarter": 4,
            "eps": 0.54,
            "eps_growth_year": 17.01,
            "eps_4q": 1.9,
            "eps_4q_growth_year": 14.47,
            "roe": 13.82,
            "roe_4q": 49.81,
            "gross_profit": 1894700,
            "gross_margin": 33.18,
            "gross_margin_4q_avg": 31.58,
            "net_income": 801700,
            "net_income_4q": null,
            "revenue": 5711200,
            "revenue_4q": null,
            "common_shares": 1500,
            "book_valuer_per_share": 2.5,
            "book_valuer_per_share_4q_avg": 2.38,
            "equity": 5884000,
            "current_ratio": 104.64,
            "debt_ratio": 58.89,
            "inventory_turnover_ratio": 2.82,
            "account_receivable_turnover_ratio": 7.53,
            "reinvestment_rate": 36.61,
            "research_to_sale_ratio": null,
            "price_fair": 53.03,
            "eps_avg_yearly": 1.52,
            "eps_latest_yearly": 2.16,
            "eps_growth_yearly": 27.57
        },
        "20171": {
            "year_quarter": 20171,
            "year": 2017,
            "quarter": 1,
            "eps": 0.51,
            "eps_growth_year": 11.78,
            "eps_4q": 1.95,
            "eps_4q_growth_year": 17.43,
            "roe": 12.87,
            "roe_4q": 51.02,
            "gross_profit": 1799700,
            "gross_margin": 31.39,
            "gross_margin_4q_avg": 31.6,
            "net_income": 751500,
            "net_income_4q": null,
            "revenue": 5732900,
            "revenue_4q": null,
            "common_shares": 1500,
            "book_valuer_per_share": 2.56,
            "book_valuer_per_share_4q_avg": 2.37,
            "equity": 5796600,
            "current_ratio": 104.98,
            "debt_ratio": 58.65,
            "inventory_turnover_ratio": 3.03,
            "account_receivable_turnover_ratio": 7.02,
            "reinvestment_rate": 35.54,
            "research_to_sale_ratio": null,
            "price_fair": 48.35,
            "eps_avg_yearly": 1.57,
            "eps_latest_yearly": 2.04,
            "eps_growth_yearly": 20.75
        },
        "20172": {
            "year_quarter": 20172,
            "year": 2017,
            "quarter": 2,
            "eps": 0.45,
            "eps_growth_year": 15.2,
            "eps_4q": 2.01,
            "eps_4q_growth_year": 16.72,
            "roe": 11.45,
            "roe_4q": 52.09,
            "gross_profit": 1566400,
            "gross_margin": 29.59,
            "gross_margin_4q_avg": 31.41,
            "net_income": 652800,
            "net_income_4q": null,
            "revenue": 5294000,
            "revenue_4q": null,
            "common_shares": 1400,
            "book_valuer_per_share": 2.42,
            "book_valuer_per_share_4q_avg": 2.47,
            "equity": 5605000,
            "current_ratio": 122.98,
            "debt_ratio": 60.61,
            "inventory_turnover_ratio": 2.93,
            "account_receivable_turnover_ratio": 6.39,
            "reinvestment_rate": 31.15,
            "research_to_sale_ratio": null,
            "price_fair": 47.94,
            "eps_avg_yearly": 1.62,
            "eps_latest_yearly": 1.8,
            "eps_growth_yearly": 19.59
        },
        "20173": {
            "year_quarter": 20173,
            "year": 2017,
            "quarter": 3,
            "eps": 0.53,
            "eps_growth_year": 3.58,
            "eps_4q": 2.03,
            "eps_4q_growth_year": 11.54,
            "roe": 12.08,
            "roe_4q": 50.22,
            "gross_profit": 1783500,
            "gross_margin": 31.5,
            "gross_margin_4q_avg": 31.42,
            "net_income": 691300,
            "net_income_4q": null,
            "revenue": 5661500,
            "revenue_4q": null,
            "common_shares": 1400,
            "book_valuer_per_share": 2.66,
            "book_valuer_per_share_4q_avg": 2.54,
            "equity": 5843400,
            "current_ratio": 136.83,
            "debt_ratio": 59.76,
            "inventory_turnover_ratio": 2.89,
            "account_receivable_turnover_ratio": 7.16,
            "reinvestment_rate": 24.62,
            "research_to_sale_ratio": null,
            "price_fair": 55.73,
            "eps_avg_yearly": 1.69,
            "eps_latest_yearly": 2.12,
            "eps_growth_yearly": 23.08
        },
        "20174": {
            "year_quarter": 20174,
            "year": 2017,
            "quarter": 4,
            "eps": 0.56,
            "eps_growth_year": 3.16,
            "eps_4q": 2.04,
            "eps_4q_growth_year": 7.81,
            "roe": 13.98,
            "roe_4q": 50.38,
            "gross_profit": 1705600,
            "gross_margin": 29.93,
            "gross_margin_4q_avg": 30.6,
            "net_income": 789400,
            "net_income_4q": null,
            "revenue": 5698300,
            "revenue_4q": null,
            "common_shares": 1400,
            "book_valuer_per_share": 2.42,
            "book_valuer_per_share_4q_avg": 2.52,
            "equity": 5450100,
            "current_ratio": 125.18,
            "debt_ratio": 62.06,
            "inventory_turnover_ratio": 2.93,
            "account_receivable_turnover_ratio": 6.86,
            "reinvestment_rate": 16.53,
            "research_to_sale_ratio": null,
            "price_fair": 47.06,
            "eps_avg_yearly": 1.74,
            "eps_latest_yearly": 2.24,
            "eps_growth_yearly": 17.08
        },
        "20181": {
            "year_quarter": 20181,
            "year": 2018,
            "quarter": 1,
            "eps": 0.67,
            "eps_growth_year": 30.48,
            "eps_4q": 2.2,
            "eps_4q_growth_year": 12.82,
            "roe": 42.58,
            "roe_4q": 80.09,
            "gross_profit": 1833800,
            "gross_margin": 30.19,
            "gross_margin_4q_avg": 30.3,
            "net_income": 2385100,
            "net_income_4q": null,
            "revenue": 6073700,
            "revenue_4q": null,
            "common_shares": 1400,
            "book_valuer_per_share": 0.59,
            "book_valuer_per_share_4q_avg": 2.02,
            "equity": 5752100,
            "current_ratio": 100.62,
            "debt_ratio": 68.94,
            "inventory_turnover_ratio": 3.17,
            "account_receivable_turnover_ratio": 5.2,
            "reinvestment_rate": 14.45,
            "research_to_sale_ratio": null,
            "price_fair": 59.53,
            "eps_avg_yearly": 1.82,
            "eps_latest_yearly": 2.68,
            "eps_growth_yearly": 22.71
        },
        "20182": {
            "year_quarter": 20182,
            "year": 2018,
            "quarter": 2,
            "eps": 0.54,
            "eps_growth_year": 21.97,
            "eps_4q": 2.3,
            "eps_4q_growth_year": 14.39,
            "roe": 13.13,
            "roe_4q": 81.77,
            "gross_profit": 1726200,
            "gross_margin": 28.62,
            "gross_margin_4q_avg": 30.06,
            "net_income": 686800,
            "net_income_4q": null,
            "revenue": 6031800,
            "revenue_4q": null,
            "common_shares": 1400,
            "book_valuer_per_share": -0.22,
            "book_valuer_per_share_4q_avg": 1.36,
            "equity": 4711200,
            "current_ratio": 109.06,
            "debt_ratio": 73.16,
            "inventory_turnover_ratio": 3.2,
            "account_receivable_turnover_ratio": 3.82,
            "reinvestment_rate": 11.23,
            "research_to_sale_ratio": null,
            "price_fair": 60.83,
            "eps_avg_yearly": 1.89,
            "eps_latest_yearly": 2.16,
            "eps_growth_yearly": 22.27
        },
        "20183": {
            "year_quarter": 20183,
            "year": 2018,
            "quarter": 3,
            "eps": 0.61,
            "eps_growth_year": 16.39,
            "eps_4q": 2.38,
            "eps_4q_growth_year": 17.63,
            "roe": 19.33,
            "roe_4q": 89.02,
            "gross_profit": 1930400,
            "gross_margin": 30.59,
            "gross_margin_4q_avg": 29.83,
            "net_income": 841000,
            "net_income_4q": null,
            "revenue": 6310300,
            "revenue_4q": null,
            "common_shares": 1400,
            "book_valuer_per_share": -0.57,
            "book_valuer_per_share_4q_avg": 0.56,
            "equity": 3990700,
            "current_ratio": 100.57,
            "debt_ratio": 76.77,
            "inventory_turnover_ratio": 3.17,
            "account_receivable_turnover_ratio": 3.61,
            "reinvestment_rate": 14.82,
            "research_to_sale_ratio": null,
            "price_fair": 58.88,
            "eps_avg_yearly": 1.95,
            "eps_latest_yearly": 2.44,
            "eps_growth_yearly": 20.15
        },
        "20184": {
            "year_quarter": 20184,
            "year": 2018,
            "quarter": 4,
            "eps": 0.59,
            "eps_growth_year": 5.99,
            "eps_4q": 2.42,
            "eps_4q_growth_year": 18.29,
            "roe": 29.65,
            "roe_4q": 104.69,
            "gross_profit": 1861200,
            "gross_margin": 29.53,
            "gross_margin_4q_avg": 29.73,
            "net_income": 765100,
            "net_income_4q": null,
            "revenue": 6303600,
            "revenue_4q": null,
            "common_shares": 1300,
            "book_valuer_per_share": -2.61,
            "book_valuer_per_share_4q_avg": -0.7,
            "equity": 1169500,
            "current_ratio": 219.81,
            "debt_ratio": 95.16,
            "inventory_turnover_ratio": 3.19,
            "account_receivable_turnover_ratio": 3.64,
            "reinvestment_rate": 15.83,
            "research_to_sale_ratio": null,
            "price_fair": 51.38,
            "eps_avg_yearly": 2,
            "eps_latest_yearly": 2.36,
            "eps_growth_yearly": 15.66
        },
        "20191": {
            "year_quarter": 20191,
            "year": 2019,
            "quarter": 1,
            "eps": 0.63,
            "eps_growth_year": -4.97,
            "eps_4q": 2.38,
            "eps_4q_growth_year": 8.4,
            "roe": -88.66,
            "roe_4q": -26.549999999999997,
            "gross_profit": 1881000,
            "gross_margin": 28.36,
            "gross_margin_4q_avg": 29.28,
            "net_income": 760400,
            "net_income_4q": null,
            "revenue": 6632700,
            "revenue_4q": null,
            "common_shares": 1200,
            "book_valuer_per_share": -5.97,
            "book_valuer_per_share_4q_avg": -2.34,
            "equity": -2884900,
            "current_ratio": 141.43,
            "debt_ratio": 114.44,
            "inventory_turnover_ratio": 3.45,
            "account_receivable_turnover_ratio": 5.32,
            "reinvestment_rate": 16.11,
            "research_to_sale_ratio": null,
            "price_fair": 48.13,
            "eps_avg_yearly": 2.05,
            "eps_latest_yearly": 2.52,
            "eps_growth_yearly": 13.51
        },
        "20192": {
            "year_quarter": 20192,
            "year": 2019,
            "quarter": 2,
            "eps": 0.55,
            "eps_growth_year": 0.79,
            "eps_4q": 2.39,
            "eps_4q_growth_year": 3.97,
            "roe": -16.63,
            "roe_4q": -56.30999999999999,
            "gross_profit": 1752500,
            "gross_margin": 27.79,
            "gross_margin_4q_avg": 29.07,
            "net_income": 658800,
            "net_income_4q": null,
            "revenue": 6305900,
            "revenue_4q": null,
            "common_shares": 1200,
            "book_valuer_per_share": -7.9,
            "book_valuer_per_share_4q_avg": -4.26,
            "equity": -5036900,
            "current_ratio": 93.91,
            "debt_ratio": 128.55,
            "inventory_turnover_ratio": 3.26,
            "account_receivable_turnover_ratio": 7.23,
            "reinvestment_rate": 15.06,
            "research_to_sale_ratio": null,
            "price_fair": 56.76,
            "eps_avg_yearly": 2.1,
            "eps_latest_yearly": 2.2,
            "eps_growth_yearly": 17
        },
        "20193": {
            "year_quarter": 20193,
            "year": 2019,
            "quarter": 3,
            "eps": 0.75,
            "eps_growth_year": 21.75,
            "eps_4q": 2.52,
            "eps_4q_growth_year": 5.8,
            "roe": -29.35,
            "roe_4q": -104.98999999999998,
            "gross_profit": 1995900,
            "gross_margin": 29.25,
            "gross_margin_4q_avg": 28.73,
            "net_income": 1373200,
            "net_income_4q": null,
            "revenue": 6823000,
            "revenue_4q": null,
            "common_shares": 1200,
            "book_valuer_per_share": -7.24,
            "book_valuer_per_share_4q_avg": -5.93,
            "equity": -4320600,
            "current_ratio": 131.19,
            "debt_ratio": 120.68,
            "inventory_turnover_ratio": 3.26,
            "account_receivable_turnover_ratio": 7.59,
            "reinvestment_rate": 14.45,
            "research_to_sale_ratio": null,
            "price_fair": 65.69,
            "eps_avg_yearly": 2.19,
            "eps_latest_yearly": 3,
            "eps_growth_yearly": 20.03
        },
        "20194": {
            "year_quarter": 20194,
            "year": 2019,
            "quarter": 4,
            "eps": 0.67,
            "eps_growth_year": 13.7,
            "eps_4q": 2.6,
            "eps_4q_growth_year": 7.69,
            "roe": -15.21,
            "roe_4q": -149.85,
            "gross_profit": 1858800,
            "gross_margin": 27.55,
            "gross_margin_4q_avg": 28.24,
            "net_income": 802400,
            "net_income_4q": null,
            "revenue": 6747000,
            "revenue_4q": null,
            "common_shares": 1200,
            "book_valuer_per_share": -8.87,
            "book_valuer_per_share_4q_avg": -7.5,
            "equity": -6232200,
            "current_ratio": 91.65,
            "debt_ratio": 132.43,
            "inventory_turnover_ratio": 3.21,
            "account_receivable_turnover_ratio": 7.03,
            "reinvestment_rate": 16.24,
            "research_to_sale_ratio": null,
            "price_fair": 54.46,
            "eps_avg_yearly": 2.24,
            "eps_latest_yearly": 2.68,
            "eps_growth_yearly": 14.31
        },
        "20201": {
            "year_quarter": 20201,
            "year": 2020,
            "quarter": 1,
            "eps": 0.75,
            "eps_growth_year": 17.95,
            "eps_4q": 2.72,
            "eps_4q_growth_year": 13.96,
            "roe": -13.63,
            "roe_4q": -74.82000000000001,
            "gross_profit": 2039200,
            "gross_margin": 28.73,
            "gross_margin_4q_avg": 28.33,
            "net_income": 885300,
            "net_income_4q": null,
            "revenue": 7097100,
            "revenue_4q": null,
            "common_shares": 1200,
            "book_valuer_per_share": -9.38,
            "book_valuer_per_share_4q_avg": -8.35,
            "equity": -6759900,
            "current_ratio": 68,
            "debt_ratio": 124.38,
            "inventory_turnover_ratio": 3.44,
            "account_receivable_turnover_ratio": 6.86,
            "reinvestment_rate": 71.81,
            "research_to_sale_ratio": null,
            "price_fair": 63.13,
            "eps_avg_yearly": 2.31,
            "eps_latest_yearly": 3,
            "eps_growth_yearly": 17.3
        },
        "20202": {
            "year_quarter": 20202,
            "year": 2020,
            "quarter": 2,
            "eps": 0.28,
            "eps_growth_year": -49.32,
            "eps_4q": 2.45,
            "eps_4q_growth_year": 2.44,
            "roe": -4.55,
            "roe_4q": -62.74,
            "gross_profit": 1276600,
            "gross_margin": 21.29,
            "gross_margin_4q_avg": 26.71,
            "net_income": 324800,
            "net_income_4q": null,
            "revenue": 5995700,
            "revenue_4q": null,
            "common_shares": 1200,
            "book_valuer_per_share": -10.02,
            "book_valuer_per_share_4q_avg": -8.88,
            "equity": -7530100,
            "current_ratio": 69.56,
            "debt_ratio": 127.4,
            "inventory_turnover_ratio": 3.25,
            "account_receivable_turnover_ratio": 5.04,
            "reinvestment_rate": 69.96,
            "research_to_sale_ratio": null,
            "price_fair": 35.27,
            "eps_avg_yearly": 2.29,
            "eps_latest_yearly": 1.12,
            "eps_growth_yearly": 5.44
        },
        "20203": {
            "year_quarter": 20203,
            "year": 2020,
            "quarter": 3,
            "eps": -0.54,
            "eps_growth_year": -171.79,
            "eps_4q": 1.16,
            "eps_4q_growth_year": -53.93,
            "roe": 8.4,
            "roe_4q": -24.990000000000002,
            "gross_profit": 200300,
            "gross_margin": 4.74,
            "gross_margin_4q_avg": 20.58,
            "net_income": -678100,
            "net_income_4q": null,
            "revenue": 4222100,
            "revenue_4q": null,
            "common_shares": 1200,
            "book_valuer_per_share": -10.89,
            "book_valuer_per_share_4q_avg": -9.79,
            "equity": -8621600,
            "current_ratio": 94.74,
            "debt_ratio": 129.59,
            "inventory_turnover_ratio": 2.61,
            "account_receivable_turnover_ratio": 2.96,
            "reinvestment_rate": 73.13,
            "research_to_sale_ratio": null,
            "price_fair": 6.9,
            "eps_avg_yearly": 2.3,
            "eps_latest_yearly": 1.12,
            "eps_growth_yearly": -2.41
        },
        "20204": {
            "year_quarter": 20204,
            "year": 2020,
            "quarter": 4,
            "eps": 0.48,
            "eps_growth_year": -28.79,
            "eps_4q": 0.97,
            "eps_4q_growth_year": -62.82,
            "roe": -4.78,
            "roe_4q": -14.56,
            "gross_profit": 1543100,
            "gross_margin": 24.88,
            "gross_margin_4q_avg": 19.91,
            "net_income": 392700,
            "net_income_4q": null,
            "revenue": 6203100,
            "revenue_4q": null,
            "common_shares": 1200,
            "book_valuer_per_share": -10.19,
            "book_valuer_per_share_4q_avg": -10.12,
            "equity": -7805100,
            "current_ratio": 106.26,
            "debt_ratio": 126.57,
            "inventory_turnover_ratio": 2.97,
            "account_receivable_turnover_ratio": 4.25,
            "reinvestment_rate": 73.96,
            "research_to_sale_ratio": null,
            "price_fair": 6.93,
            "eps_avg_yearly": 2.31,
            "eps_latest_yearly": 1.12,
            "eps_growth_yearly": -4.26
        },
        "20211": {
            "year_quarter": 20211,
            "year": 2021,
            "quarter": 1,
            "eps": 0.57,
            "eps_growth_year": -23.38,
            "eps_4q": 0.79,
            "eps_4q_growth_year": -70.81,
            "roe": -7.92,
            "roe_4q": -8.849999999999998,
            "gross_profit": 1833000,
            "gross_margin": 27.16,
            "gross_margin_4q_avg": 19.52,
            "net_income": 622200,
            "net_income_4q": null,
            "revenue": 6749400,
            "revenue_4q": null,
            "common_shares": 1200,
            "book_valuer_per_share": -10.3,
            "book_valuer_per_share_4q_avg": -10.35,
            "equity": -7909700,
            "current_ratio": 106.01,
            "debt_ratio": 126.39,
            "inventory_turnover_ratio": 3.25,
            "account_receivable_turnover_ratio": 4.88,
            "reinvestment_rate": 75.67,
            "research_to_sale_ratio": null,
            "price_fair": 29.54,
            "eps_avg_yearly": 2.33,
            "eps_latest_yearly": 2.28,
            "eps_growth_yearly": 2.69
        },
        "20212": {
            "year_quarter": 20212,
            "year": 2021,
            "quarter": 2,
            "eps": 0.57,
            "eps_growth_year": 105.63,
            "eps_4q": 1.09,
            "eps_4q_growth_year": -55.61,
            "roe": -8.47,
            "roe_4q": -12.770000000000001,
            "gross_profit": 1852300,
            "gross_margin": 27.78,
            "gross_margin_4q_avg": 21.14,
            "net_income": 659400,
            "net_income_4q": null,
            "revenue": 6668000,
            "revenue_4q": null,
            "common_shares": 1200,
            "book_valuer_per_share": -9.98,
            "book_valuer_per_share_4q_avg": -10.34,
            "equity": -7654000,
            "current_ratio": 107.29,
            "debt_ratio": 126.98,
            "inventory_turnover_ratio": 3.24,
            "account_receivable_turnover_ratio": 5.15,
            "reinvestment_rate": 76.19,
            "research_to_sale_ratio": null,
            "price_fair": 37.92,
            "eps_avg_yearly": 2.36,
            "eps_latest_yearly": 2.28,
            "eps_growth_yearly": 6.05
        },
        "20213": {
            "year_quarter": 20213,
            "year": 2021,
            "quarter": 3,
            "eps": 0.99,
            "eps_growth_year": null,
            "eps_4q": 2.61,
            "eps_4q_growth_year": 124.57,
            "roe": -15.97,
            "roe_4q": -37.14,
            "gross_profit": 2323600,
            "gross_margin": 31,
            "gross_margin_4q_avg": 27.71,
            "net_income": 1154200,
            "net_income_4q": null,
            "revenue": 7496500,
            "revenue_4q": null,
            "common_shares": 1200,
            "book_valuer_per_share": -9.22,
            "book_valuer_per_share_4q_avg": -9.92,
            "equity": -6800800,
            "current_ratio": 101.69,
            "debt_ratio": 123.07,
            "inventory_turnover_ratio": 3.39,
            "account_receivable_turnover_ratio": 6.35,
            "reinvestment_rate": 73.25,
            "research_to_sale_ratio": null,
            "price_fair": 79.87,
            "eps_avg_yearly": 2.49,
            "eps_latest_yearly": 3.96,
            "eps_growth_yearly": 22.02
        },
        "20214": {
            "year_quarter": 20214,
            "year": 2021,
            "quarter": 4,
            "eps": 0.95,
            "eps_growth_year": 98.13,
            "eps_4q": 3.08,
            "eps_4q_growth_year": 218.21,
            "roe": -29.11,
            "roe_4q": -61.47,
            "gross_profit": 2382200,
            "gross_margin": 29.24,
            "gross_margin_4q_avg": 28.8,
            "net_income": 1764600,
            "net_income_4q": null,
            "revenue": 8146700,
            "revenue_4q": null,
            "common_shares": 1200,
            "book_valuer_per_share": -7.92,
            "book_valuer_per_share_4q_avg": -9.36,
            "equity": -5321200,
            "current_ratio": 119.69,
            "debt_ratio": 116.95,
            "inventory_turnover_ratio": 3.66,
            "account_receivable_turnover_ratio": 7.17,
            "reinvestment_rate": 68.15,
            "research_to_sale_ratio": null,
            "price_fair": 76.21,
            "eps_avg_yearly": 2.61,
            "eps_latest_yearly": 3.8,
            "eps_growth_yearly": 19.25
        },
        "20221": {
            "year_quarter": 20221,
            "year": 2022,
            "quarter": 1,
            "eps": 0.69,
            "eps_growth_year": 20.18,
            "eps_4q": 3.2,
            "eps_4q_growth_year": 302.92,
            "roe": -11.85,
            "roe_4q": -65.4,
            "gross_profit": 2123500,
            "gross_margin": 26.38,
            "gross_margin_4q_avg": 28.6,
            "net_income": 816100,
            "net_income_4q": null,
            "revenue": 8050400,
            "revenue_4q": null,
            "common_shares": 1200,
            "book_valuer_per_share": -10.8,
            "book_valuer_per_share_4q_avg": -9.48,
            "equity": -8457200,
            "current_ratio": 81.33,
            "debt_ratio": 129.33,
            "inventory_turnover_ratio": 3.66,
            "account_receivable_turnover_ratio": 7.05,
            "reinvestment_rate": 76.01,
            "research_to_sale_ratio": null,
            "price_fair": 41.3,
            "eps_avg_yearly": 2.61,
            "eps_latest_yearly": 2.76,
            "eps_growth_yearly": 5.82
        },
        "20222": {
            "year_quarter": 20222,
            "year": 2022,
            "quarter": 2,
            "eps": 0.59,
            "eps_growth_year": 2.9,
            "eps_4q": 3.21,
            "eps_4q_growth_year": 195.68,
            "roe": -7.84,
            "roe_4q": -64.77,
            "gross_profit": 1855100,
            "gross_margin": 24.3,
            "gross_margin_4q_avg": 27.73,
            "net_income": 675000,
            "net_income_4q": null,
            "revenue": 7635600,
            "revenue_4q": null,
            "common_shares": 1100,
            "book_valuer_per_share": -11.05,
            "book_valuer_per_share_4q_avg": -9.75,
            "equity": -8768000,
            "current_ratio": 82.83,
            "debt_ratio": 130.21,
            "inventory_turnover_ratio": 3.25,
            "account_receivable_turnover_ratio": 6.27,
            "reinvestment_rate": 75.47,
            "research_to_sale_ratio": null,
            "price_fair": 45.21,
            "eps_avg_yearly": 2.63,
            "eps_latest_yearly": 2.36,
            "eps_growth_yearly": 7.22
        },
        "20223": {
            "year_quarter": 20223,
            "year": 2022,
            "quarter": 3,
            "eps": 0.8,
            "eps_growth_year": -18.61,
            "eps_4q": 3.03,
            "eps_4q_growth_year": 16.07,
            "roe": -10.48,
            "roe_4q": -59.28,
            "gross_profit": 2234000,
            "gross_margin": 27.41,
            "gross_margin_4q_avg": 26.83,
            "net_income": 913700,
            "net_income_4q": null,
            "revenue": 8150100,
            "revenue_4q": null,
            "common_shares": 1100,
            "book_valuer_per_share": -10.74,
            "book_valuer_per_share_4q_avg": -10.13,
            "equity": -8666500,
            "current_ratio": 84.11,
            "debt_ratio": 130.78,
            "inventory_turnover_ratio": 2.92,
            "account_receivable_turnover_ratio": 6.31,
            "reinvestment_rate": 71.6,
            "research_to_sale_ratio": null,
            "price_fair": 63.48,
            "eps_avg_yearly": 2.68,
            "eps_latest_yearly": 3.2,
            "eps_growth_yearly": 13.69
        },
        "20224": {
            "year_quarter": 20224,
            "year": 2022,
            "quarter": 4,
            "eps": 0.79,
            "eps_growth_year": -17.27,
            "eps_4q": 2.86,
            "eps_4q_growth_year": -7,
            "roe": -10.11,
            "roe_4q": -40.28,
            "gross_profit": 2158500,
            "gross_margin": 25.65,
            "gross_margin_4q_avg": 25.94,
            "net_income": 878600,
            "net_income_4q": null,
            "revenue": 8414200,
            "revenue_4q": null,
            "common_shares": 1100,
            "book_valuer_per_share": -10.58,
            "book_valuer_per_share_4q_avg": -10.79,
            "equity": -8706600,
            "current_ratio": 76.69,
            "debt_ratio": 131.12,
            "inventory_turnover_ratio": 2.9,
            "account_receivable_turnover_ratio": 6.54,
            "reinvestment_rate": 71.06,
            "research_to_sale_ratio": null,
            "price_fair": 66.42,
            "eps_avg_yearly": 2.74,
            "eps_latest_yearly": 3.16,
            "eps_growth_yearly": 14.27
        },
        "20231": {
            "year_quarter": 20231,
            "year": 2023,
            "quarter": 1,
            "eps": 0.75,
            "eps_growth_year": 8.28,
            "eps_4q": 2.92,
            "eps_4q_growth_year": -8.58,
            "roe": -9.84,
            "roe_4q": -38.269999999999996,
            "gross_profit": 2238400,
            "gross_margin": 25.69,
            "gross_margin_4q_avg": 25.76,
            "net_income": 855200,
            "net_income_4q": null,
            "revenue": 8713900,
            "revenue_4q": null,
            "common_shares": 1100,
            "book_valuer_per_share": -10.63,
            "book_valuer_per_share_4q_avg": -10.75,
            "equity": -8673800,
            "current_ratio": 75,
            "debt_ratio": 130.7,
            "inventory_turnover_ratio": 3.04,
            "account_receivable_turnover_ratio": 7.04,
            "reinvestment_rate": 72.36,
            "research_to_sale_ratio": null,
            "price_fair": 57.87,
            "eps_avg_yearly": 2.77,
            "eps_latest_yearly": 3,
            "eps_growth_yearly": 10.88
        },
        "20232": {
            "year_quarter": 20232,
            "year": 2023,
            "quarter": 2,
            "eps": 0.73,
            "eps_growth_year": 24.98,
            "eps_4q": 3.07,
            "eps_4q_growth_year": -4.48,
            "roe": -10.57,
            "roe_4q": -41,
            "gross_profit": 2282100,
            "gross_margin": 26.17,
            "gross_margin_4q_avg": 26.23,
            "net_income": 908300,
            "net_income_4q": null,
            "revenue": 8719800,
            "revenue_4q": null,
            "common_shares": 1100,
            "book_valuer_per_share": -10.51,
            "book_valuer_per_share_4q_avg": -10.62,
            "equity": -8506900,
            "current_ratio": 77.25,
            "debt_ratio": 129.74,
            "inventory_turnover_ratio": 3.15,
            "account_receivable_turnover_ratio": 7.31,
            "reinvestment_rate": 72.34,
            "research_to_sale_ratio": null,
            "price_fair": 67.04,
            "eps_avg_yearly": 2.82,
            "eps_latest_yearly": 2.92,
            "eps_growth_yearly": 13.75
        },
        "20233": {
            "year_quarter": 20233,
            "year": 2023,
            "quarter": 3,
            "eps": 1,
            "eps_growth_year": 24.26,
            "eps_4q": 3.26,
            "eps_4q_growth_year": 7.74,
            "roe": -13.55,
            "roe_4q": -44.07,
            "gross_profit": 2606500,
            "gross_margin": 28.43,
            "gross_margin_4q_avg": 26.49,
            "net_income": 1141900,
            "net_income_4q": null,
            "revenue": 9168300,
            "revenue_4q": null,
            "common_shares": 1100,
            "book_valuer_per_share": -10.24,
            "book_valuer_per_share_4q_avg": -10.49,
            "equity": -8348600,
            "current_ratio": 77.82,
            "debt_ratio": 129.06,
            "inventory_turnover_ratio": 3.29,
            "account_receivable_turnover_ratio": 7.88,
            "reinvestment_rate": 72.7,
            "research_to_sale_ratio": null,
            "price_fair": 69.25,
            "eps_avg_yearly": 2.89,
            "eps_latest_yearly": 4,
            "eps_growth_yearly": 13.93
        },
        "20234": {
            "year_quarter": 20234,
            "year": 2023,
            "quarter": 4,
            "eps": 1.08,
            "eps_growth_year": 36.89,
            "eps_4q": 3.55,
            "eps_4q_growth_year": 24.03,
            "roe": -14.92,
            "roe_4q": -48.879999999999995,
            "gross_profit": 2742400,
            "gross_margin": 29.26,
            "gross_margin_4q_avg": 27.39,
            "net_income": 1219300,
            "net_income_4q": null,
            "revenue": 9373600,
            "revenue_4q": null,
            "common_shares": 1100,
            "book_valuer_per_share": -9.92,
            "book_valuer_per_share_4q_avg": -10.33,
            "equity": -7994800,
            "current_ratio": 78.15,
            "debt_ratio": 127.15,
            "inventory_turnover_ratio": 3.5,
            "account_receivable_turnover_ratio": 8.07,
            "reinvestment_rate": 8.99,
            "research_to_sale_ratio": null,
            "price_fair": 88.11,
            "eps_avg_yearly": 3.01,
            "eps_latest_yearly": 4.32,
            "eps_growth_yearly": 19.26
        },
        "20241": {
            "year_quarter": 20241,
            "year": 2024,
            "quarter": 1,
            "eps": 0.9,
            "eps_growth_year": 20.46,
            "eps_4q": 3.71,
            "eps_4q_growth_year": 26.83,
            "roe": -12.33,
            "roe_4q": -51.37,
            "gross_profit": 2593200,
            "gross_margin": 27.51,
            "gross_margin_4q_avg": 27.84,
            "net_income": 1024400,
            "net_income_4q": null,
            "revenue": 9425300,
            "revenue_4q": null,
            "common_shares": 1100,
            "book_valuer_per_share": -10.63,
            "book_valuer_per_share_4q_avg": -10.33,
            "equity": -8616000,
            "current_ratio": 69.92,
            "debt_ratio": 129.53,
            "inventory_turnover_ratio": 3.96,
            "account_receivable_turnover_ratio": 8.02,
            "reinvestment_rate": 12.81,
            "research_to_sale_ratio": null,
            "price_fair": 64.4,
            "eps_avg_yearly": 3.05,
            "eps_latest_yearly": 3.6,
            "eps_growth_yearly": 11.09
        }
    },
    "months": {
        "2001-01": {
            "month": "2001-01",
            "price": "5.58",
            "revenue": 0
        },
        "2001-02": {
            "month": "2001-02",
            "price": "6.01",
            "revenue": 0
        },
        "2001-03": {
            "month": "2001-03",
            "price": "5.50",
            "revenue": 0
        },
        "2001-04": {
            "month": "2001-04",
            "price": "4.96",
            "revenue": 0
        },
        "2001-05": {
            "month": "2001-05",
            "price": "4.94",
            "revenue": 0
        },
        "2001-06": {
            "month": "2001-06",
            "price": "5.13",
            "revenue": 0
        },
        "2001-07": {
            "month": "2001-07",
            "price": "5.04",
            "revenue": 0
        },
        "2001-08": {
            "month": "2001-08",
            "price": "4.52",
            "revenue": 0
        },
        "2001-09": {
            "month": "2001-09",
            "price": "3.85",
            "revenue": 0
        },
        "2001-10": {
            "month": "2001-10",
            "price": "4.14",
            "revenue": 0
        },
        "2001-11": {
            "month": "2001-11",
            "price": "4.52",
            "revenue": 0
        },
        "2001-12": {
            "month": "2001-12",
            "price": "4.78",
            "revenue": 0
        },
        "2002-01": {
            "month": "2002-01",
            "price": "5.52",
            "revenue": 0
        },
        "2002-02": {
            "month": "2002-02",
            "price": "5.49",
            "revenue": 0
        },
        "2002-03": {
            "month": "2002-03",
            "price": "5.85",
            "revenue": 0
        },
        "2002-04": {
            "month": "2002-04",
            "price": "6.13",
            "revenue": 0
        },
        "2002-05": {
            "month": "2002-05",
            "price": "5.78",
            "revenue": 0
        },
        "2002-06": {
            "month": "2002-06",
            "price": "6.11",
            "revenue": 0
        },
        "2002-07": {
            "month": "2002-07",
            "price": "5.37",
            "revenue": 0
        },
        "2002-08": {
            "month": "2002-08",
            "price": "5.03",
            "revenue": 0
        },
        "2002-09": {
            "month": "2002-09",
            "price": "5.14",
            "revenue": 0
        },
        "2002-10": {
            "month": "2002-10",
            "price": "5.62",
            "revenue": 0
        },
        "2002-11": {
            "month": "2002-11",
            "price": "5.56",
            "revenue": 0
        },
        "2002-12": {
            "month": "2002-12",
            "price": "5.21",
            "revenue": 0
        },
        "2003-01": {
            "month": "2003-01",
            "price": "5.30",
            "revenue": 0
        },
        "2003-02": {
            "month": "2003-02",
            "price": "5.63",
            "revenue": 0
        },
        "2003-03": {
            "month": "2003-03",
            "price": "6.13",
            "revenue": 0
        },
        "2003-04": {
            "month": "2003-04",
            "price": "6.31",
            "revenue": 0
        },
        "2003-05": {
            "month": "2003-05",
            "price": "5.88",
            "revenue": 0
        },
        "2003-06": {
            "month": "2003-06",
            "price": "6.08",
            "revenue": 0
        },
        "2003-07": {
            "month": "2003-07",
            "price": "6.68",
            "revenue": 0
        },
        "2003-08": {
            "month": "2003-08",
            "price": "6.73",
            "revenue": 0
        },
        "2003-09": {
            "month": "2003-09",
            "price": "7.30",
            "revenue": 0
        },
        "2003-10": {
            "month": "2003-10",
            "price": "7.57",
            "revenue": 0
        },
        "2003-11": {
            "month": "2003-11",
            "price": "7.94",
            "revenue": 0
        },
        "2003-12": {
            "month": "2003-12",
            "price": "8.02",
            "revenue": 0
        },
        "2004-01": {
            "month": "2004-01",
            "price": "8.64",
            "revenue": 0
        },
        "2004-02": {
            "month": "2004-02",
            "price": "9.36",
            "revenue": 0
        },
        "2004-03": {
            "month": "2004-03",
            "price": "9.36",
            "revenue": 0
        },
        "2004-04": {
            "month": "2004-04",
            "price": "9.68",
            "revenue": 0
        },
        "2004-05": {
            "month": "2004-05",
            "price": "9.68",
            "revenue": 0
        },
        "2004-06": {
            "month": "2004-06",
            "price": "10.70",
            "revenue": 0
        },
        "2004-07": {
            "month": "2004-07",
            "price": "11.58",
            "revenue": 0
        },
        "2004-08": {
            "month": "2004-08",
            "price": "11.10",
            "revenue": 0
        },
        "2004-09": {
            "month": "2004-09",
            "price": "11.24",
            "revenue": 0
        },
        "2004-10": {
            "month": "2004-10",
            "price": "12.31",
            "revenue": 0
        },
        "2004-11": {
            "month": "2004-11",
            "price": "13.80",
            "revenue": 0
        },
        "2004-12": {
            "month": "2004-12",
            "price": "14.90",
            "revenue": 0
        },
        "2005-01": {
            "month": "2005-01",
            "price": "14.24",
            "revenue": 0
        },
        "2005-02": {
            "month": "2005-02",
            "price": "12.71",
            "revenue": 0
        },
        "2005-03": {
            "month": "2005-03",
            "price": "13.25",
            "revenue": 0
        },
        "2005-04": {
            "month": "2005-04",
            "price": "12.04",
            "revenue": 0
        },
        "2005-05": {
            "month": "2005-05",
            "price": "13.36",
            "revenue": 0
        },
        "2005-06": {
            "month": "2005-06",
            "price": "13.58",
            "revenue": 0
        },
        "2005-07": {
            "month": "2005-07",
            "price": "12.90",
            "revenue": 0
        },
        "2005-08": {
            "month": "2005-08",
            "price": "12.71",
            "revenue": 0
        },
        "2005-09": {
            "month": "2005-09",
            "price": "12.01",
            "revenue": 0
        },
        "2005-10": {
            "month": "2005-10",
            "price": "13.27",
            "revenue": 0
        },
        "2005-11": {
            "month": "2005-11",
            "price": "15.21",
            "revenue": 0
        },
        "2005-12": {
            "month": "2005-12",
            "price": "15.51",
            "revenue": 0
        },
        "2006-01": {
            "month": "2006-01",
            "price": "15.59",
            "revenue": 0
        },
        "2006-02": {
            "month": "2006-02",
            "price": "17.52",
            "revenue": 0
        },
        "2006-03": {
            "month": "2006-03",
            "price": "18.12",
            "revenue": 0
        },
        "2006-04": {
            "month": "2006-04",
            "price": "19.01",
            "revenue": 0
        },
        "2006-05": {
            "month": "2006-05",
            "price": "18.40",
            "revenue": 0
        },
        "2006-06": {
            "month": "2006-06",
            "price": "18.07",
            "revenue": 0
        },
        "2006-07": {
            "month": "2006-07",
            "price": "17.45",
            "revenue": 0
        },
        "2006-08": {
            "month": "2006-08",
            "price": "15.30",
            "revenue": 0
        },
        "2006-09": {
            "month": "2006-09",
            "price": "16.57",
            "revenue": 0
        },
        "2006-10": {
            "month": "2006-10",
            "price": "18.81",
            "revenue": 0
        },
        "2006-11": {
            "month": "2006-11",
            "price": "18.54",
            "revenue": 0
        },
        "2006-12": {
            "month": "2006-12",
            "price": "18.09",
            "revenue": 0
        },
        "2007-01": {
            "month": "2007-01",
            "price": "17.57",
            "revenue": 0
        },
        "2007-02": {
            "month": "2007-02",
            "price": "16.47",
            "revenue": 0
        },
        "2007-03": {
            "month": "2007-03",
            "price": "15.35",
            "revenue": 0
        },
        "2007-04": {
            "month": "2007-04",
            "price": "15.61",
            "revenue": 0
        },
        "2007-05": {
            "month": "2007-05",
            "price": "14.71",
            "revenue": 0
        },
        "2007-06": {
            "month": "2007-06",
            "price": "13.64",
            "revenue": 0
        },
        "2007-07": {
            "month": "2007-07",
            "price": "13.38",
            "revenue": 0
        },
        "2007-08": {
            "month": "2007-08",
            "price": "13.62",
            "revenue": 0
        },
        "2007-09": {
            "month": "2007-09",
            "price": "13.68",
            "revenue": 0
        },
        "2007-10": {
            "month": "2007-10",
            "price": "13.19",
            "revenue": 0
        },
        "2007-11": {
            "month": "2007-11",
            "price": "11.81",
            "revenue": 0
        },
        "2007-12": {
            "month": "2007-12",
            "price": "10.70",
            "revenue": 0
        },
        "2008-01": {
            "month": "2008-01",
            "price": "9.67",
            "revenue": 0
        },
        "2008-02": {
            "month": "2008-02",
            "price": "9.25",
            "revenue": 0
        },
        "2008-03": {
            "month": "2008-03",
            "price": "8.80",
            "revenue": 0
        },
        "2008-04": {
            "month": "2008-04",
            "price": "8.73",
            "revenue": 0
        },
        "2008-05": {
            "month": "2008-05",
            "price": "8.36",
            "revenue": 0
        },
        "2008-06": {
            "month": "2008-06",
            "price": "8.73",
            "revenue": 0
        },
        "2008-07": {
            "month": "2008-07",
            "price": "7.34",
            "revenue": 0
        },
        "2008-08": {
            "month": "2008-08",
            "price": "7.82",
            "revenue": 0
        },
        "2008-09": {
            "month": "2008-09",
            "price": "7.66",
            "revenue": 0
        },
        "2008-10": {
            "month": "2008-10",
            "price": "5.76",
            "revenue": 0
        },
        "2008-11": {
            "month": "2008-11",
            "price": "4.74",
            "revenue": 0
        },
        "2008-12": {
            "month": "2008-12",
            "price": "4.61",
            "revenue": 0
        },
        "2009-01": {
            "month": "2009-01",
            "price": "4.74",
            "revenue": 0
        },
        "2009-02": {
            "month": "2009-02",
            "price": "4.88",
            "revenue": 0
        },
        "2009-03": {
            "month": "2009-03",
            "price": "5.17",
            "revenue": 0
        },
        "2009-04": {
            "month": "2009-04",
            "price": "6.13",
            "revenue": 0
        },
        "2009-05": {
            "month": "2009-05",
            "price": "6.77",
            "revenue": 0
        },
        "2009-06": {
            "month": "2009-06",
            "price": "7.27",
            "revenue": 0
        },
        "2009-07": {
            "month": "2009-07",
            "price": "7.59",
            "revenue": 0
        },
        "2009-08": {
            "month": "2009-08",
            "price": "9.53",
            "revenue": 0
        },
        "2009-09": {
            "month": "2009-09",
            "price": "9.91",
            "revenue": 0
        },
        "2009-10": {
            "month": "2009-10",
            "price": "10.07",
            "revenue": 0
        },
        "2009-11": {
            "month": "2009-11",
            "price": "10.58",
            "revenue": 0
        },
        "2009-12": {
            "month": "2009-12",
            "price": "11.29",
            "revenue": 0
        },
        "2010-01": {
            "month": "2010-01",
            "price": "11.52",
            "revenue": 0
        },
        "2010-02": {
            "month": "2010-02",
            "price": "11.30",
            "revenue": 0
        },
        "2010-03": {
            "month": "2010-03",
            "price": "12.16",
            "revenue": 0
        },
        "2010-04": {
            "month": "2010-04",
            "price": "12.73",
            "revenue": 0
        },
        "2010-05": {
            "month": "2010-05",
            "price": "13.07",
            "revenue": 0
        },
        "2010-06": {
            "month": "2010-06",
            "price": "13.37",
            "revenue": 0
        },
        "2010-07": {
            "month": "2010-07",
            "price": "12.57",
            "revenue": 0
        },
        "2010-08": {
            "month": "2010-08",
            "price": "12.11",
            "revenue": 0
        },
        "2010-09": {
            "month": "2010-09",
            "price": "12.75",
            "revenue": 0
        },
        "2010-10": {
            "month": "2010-10",
            "price": "13.60",
            "revenue": 0
        },
        "2010-11": {
            "month": "2010-11",
            "price": "15.16",
            "revenue": 0
        },
        "2010-12": {
            "month": "2010-12",
            "price": "16.25",
            "revenue": 0
        },
        "2011-01": {
            "month": "2011-01",
            "price": "16.35",
            "revenue": 0
        },
        "2011-02": {
            "month": "2011-02",
            "price": "16.43",
            "revenue": 0
        },
        "2011-03": {
            "month": "2011-03",
            "price": "17.67",
            "revenue": 0
        },
        "2011-04": {
            "month": "2011-04",
            "price": "18.19",
            "revenue": 0
        },
        "2011-05": {
            "month": "2011-05",
            "price": "18.16",
            "revenue": 0
        },
        "2011-06": {
            "month": "2011-06",
            "price": "18.22",
            "revenue": 0
        },
        "2011-07": {
            "month": "2011-07",
            "price": "20.00",
            "revenue": 0
        },
        "2011-08": {
            "month": "2011-08",
            "price": "18.58",
            "revenue": 0
        },
        "2011-09": {
            "month": "2011-09",
            "price": "19.41",
            "revenue": 0
        },
        "2011-10": {
            "month": "2011-10",
            "price": "20.41",
            "revenue": 0
        },
        "2011-11": {
            "month": "2011-11",
            "price": "21.33",
            "revenue": 0
        },
        "2011-12": {
            "month": "2011-12",
            "price": "22.20",
            "revenue": 0
        },
        "2012-01": {
            "month": "2012-01",
            "price": "23.68",
            "revenue": 0
        },
        "2012-02": {
            "month": "2012-02",
            "price": "24.26",
            "revenue": 0
        },
        "2012-03": {
            "month": "2012-03",
            "price": "26.38",
            "revenue": 0
        },
        "2012-04": {
            "month": "2012-04",
            "price": "29.32",
            "revenue": 0
        },
        "2012-05": {
            "month": "2012-05",
            "price": "27.31",
            "revenue": 0
        },
        "2012-06": {
            "month": "2012-06",
            "price": "26.67",
            "revenue": 0
        },
        "2012-07": {
            "month": "2012-07",
            "price": "25.76",
            "revenue": 0
        },
        "2012-08": {
            "month": "2012-08",
            "price": "23.49",
            "revenue": 0
        },
        "2012-09": {
            "month": "2012-09",
            "price": "25.29",
            "revenue": 0
        },
        "2012-10": {
            "month": "2012-10",
            "price": "23.71",
            "revenue": 0
        },
        "2012-11": {
            "month": "2012-11",
            "price": "25.20",
            "revenue": 0
        },
        "2012-12": {
            "month": "2012-12",
            "price": "26.62",
            "revenue": 0
        },
        "2013-01": {
            "month": "2013-01",
            "price": "27.59",
            "revenue": 0
        },
        "2013-02": {
            "month": "2013-02",
            "price": "27.55",
            "revenue": 0
        },
        "2013-03": {
            "month": "2013-03",
            "price": "28.63",
            "revenue": 0
        },
        "2013-04": {
            "month": "2013-04",
            "price": "29.32",
            "revenue": 0
        },
        "2013-05": {
            "month": "2013-05",
            "price": "31.51",
            "revenue": 0
        },
        "2013-06": {
            "month": "2013-06",
            "price": "32.50",
            "revenue": 0
        },
        "2013-07": {
            "month": "2013-07",
            "price": "34.47",
            "revenue": 0
        },
        "2013-08": {
            "month": "2013-08",
            "price": "35.94",
            "revenue": 0
        },
        "2013-09": {
            "month": "2013-09",
            "price": "37.54",
            "revenue": 0
        },
        "2013-10": {
            "month": "2013-10",
            "price": "39.17",
            "revenue": 0
        },
        "2013-11": {
            "month": "2013-11",
            "price": "40.45",
            "revenue": 0
        },
        "2013-12": {
            "month": "2013-12",
            "price": "39.13",
            "revenue": 0
        },
        "2014-01": {
            "month": "2014-01",
            "price": "37.53",
            "revenue": 0
        },
        "2014-02": {
            "month": "2014-02",
            "price": "36.34",
            "revenue": 0
        },
        "2014-03": {
            "month": "2014-03",
            "price": "37.02",
            "revenue": 0
        },
        "2014-04": {
            "month": "2014-04",
            "price": "35.51",
            "revenue": 0
        },
        "2014-05": {
            "month": "2014-05",
            "price": "35.56",
            "revenue": 0
        },
        "2014-06": {
            "month": "2014-06",
            "price": "37.89",
            "revenue": 0
        },
        "2014-07": {
            "month": "2014-07",
            "price": "39.30",
            "revenue": 0
        },
        "2014-08": {
            "month": "2014-08",
            "price": "38.74",
            "revenue": 0
        },
        "2014-09": {
            "month": "2014-09",
            "price": "37.95",
            "revenue": 0
        },
        "2014-10": {
            "month": "2014-10",
            "price": "37.36",
            "revenue": 0
        },
        "2014-11": {
            "month": "2014-11",
            "price": "39.13",
            "revenue": 0
        },
        "2014-12": {
            "month": "2014-12",
            "price": "40.76",
            "revenue": 0
        },
        "2015-01": {
            "month": "2015-01",
            "price": "41.50",
            "revenue": 0
        },
        "2015-02": {
            "month": "2015-02",
            "price": "45.76",
            "revenue": 0
        },
        "2015-03": {
            "month": "2015-03",
            "price": "47.31",
            "revenue": 0
        },
        "2015-04": {
            "month": "2015-04",
            "price": "48.58",
            "revenue": 0
        },
        "2015-05": {
            "month": "2015-05",
            "price": "50.55",
            "revenue": 0
        },
        "2015-06": {
            "month": "2015-06",
            "price": "52.95",
            "revenue": 0
        },
        "2015-07": {
            "month": "2015-07",
            "price": "55.80",
            "revenue": 0
        },
        "2015-08": {
            "month": "2015-08",
            "price": "56.04",
            "revenue": 0
        },
        "2015-09": {
            "month": "2015-09",
            "price": "56.25",
            "revenue": 0
        },
        "2015-10": {
            "month": "2015-10",
            "price": "60.54",
            "revenue": 0
        },
        "2015-11": {
            "month": "2015-11",
            "price": "61.71",
            "revenue": 0
        },
        "2015-12": {
            "month": "2015-12",
            "price": "60.53",
            "revenue": 0
        },
        "2016-01": {
            "month": "2016-01",
            "price": "58.32",
            "revenue": 0
        },
        "2016-02": {
            "month": "2016-02",
            "price": "57.41",
            "revenue": 0
        },
        "2016-03": {
            "month": "2016-03",
            "price": "58.89",
            "revenue": 0
        },
        "2016-04": {
            "month": "2016-04",
            "price": "59.60",
            "revenue": 0
        },
        "2016-05": {
            "month": "2016-05",
            "price": "55.71",
            "revenue": 0
        },
        "2016-06": {
            "month": "2016-06",
            "price": "55.34",
            "revenue": 0
        },
        "2016-07": {
            "month": "2016-07",
            "price": "57.32",
            "revenue": 0
        },
        "2016-08": {
            "month": "2016-08",
            "price": "56.04",
            "revenue": 0
        },
        "2016-09": {
            "month": "2016-09",
            "price": "54.47",
            "revenue": 0
        },
        "2016-10": {
            "month": "2016-10",
            "price": "53.34",
            "revenue": 0
        },
        "2016-11": {
            "month": "2016-11",
            "price": "55.19",
            "revenue": 0
        },
        "2016-12": {
            "month": "2016-12",
            "price": "57.67",
            "revenue": 0
        },
        "2017-01": {
            "month": "2017-01",
            "price": "57.38",
            "revenue": 0
        },
        "2017-02": {
            "month": "2017-02",
            "price": "56.24",
            "revenue": 0
        },
        "2017-03": {
            "month": "2017-03",
            "price": "56.19",
            "revenue": 0
        },
        "2017-04": {
            "month": "2017-04",
            "price": "59.10",
            "revenue": 0
        },
        "2017-05": {
            "month": "2017-05",
            "price": "61.11",
            "revenue": 0
        },
        "2017-06": {
            "month": "2017-06",
            "price": "60.99",
            "revenue": 0
        },
        "2017-07": {
            "month": "2017-07",
            "price": "57.79",
            "revenue": 0
        },
        "2017-08": {
            "month": "2017-08",
            "price": "54.13",
            "revenue": 0
        },
        "2017-09": {
            "month": "2017-09",
            "price": "54.51",
            "revenue": 0
        },
        "2017-10": {
            "month": "2017-10",
            "price": "54.84",
            "revenue": 0
        },
        "2017-11": {
            "month": "2017-11",
            "price": "56.78",
            "revenue": 0
        },
        "2017-12": {
            "month": "2017-12",
            "price": "58.33",
            "revenue": 0
        },
        "2018-01": {
            "month": "2018-01",
            "price": "59.55",
            "revenue": 0
        },
        "2018-02": {
            "month": "2018-02",
            "price": "55.76",
            "revenue": 0
        },
        "2018-03": {
            "month": "2018-03",
            "price": "57.92",
            "revenue": 0
        },
        "2018-04": {
            "month": "2018-04",
            "price": "58.65",
            "revenue": 0
        },
        "2018-05": {
            "month": "2018-05",
            "price": "57.26",
            "revenue": 0
        },
        "2018-06": {
            "month": "2018-06",
            "price": "54.33",
            "revenue": 0
        },
        "2018-07": {
            "month": "2018-07",
            "price": "50.73",
            "revenue": 0
        },
        "2018-08": {
            "month": "2018-08",
            "price": "52.64",
            "revenue": 0
        },
        "2018-09": {
            "month": "2018-09",
            "price": "55.53",
            "revenue": 0
        },
        "2018-10": {
            "month": "2018-10",
            "price": "57.34",
            "revenue": 0
        },
        "2018-11": {
            "month": "2018-11",
            "price": "66.51",
            "revenue": 0
        },
        "2018-12": {
            "month": "2018-12",
            "price": "64.61",
            "revenue": 0
        },
        "2019-01": {
            "month": "2019-01",
            "price": "64.88",
            "revenue": 0
        },
        "2019-02": {
            "month": "2019-02",
            "price": "69.99",
            "revenue": 0
        },
        "2019-03": {
            "month": "2019-03",
            "price": "71.44",
            "revenue": 0
        },
        "2019-04": {
            "month": "2019-04",
            "price": "75.73",
            "revenue": 0
        },
        "2019-05": {
            "month": "2019-05",
            "price": "77.27",
            "revenue": 0
        },
        "2019-06": {
            "month": "2019-06",
            "price": "82.52",
            "revenue": 0
        },
        "2019-07": {
            "month": "2019-07",
            "price": "90.50",
            "revenue": 0
        },
        "2019-08": {
            "month": "2019-08",
            "price": "95.91",
            "revenue": 0
        },
        "2019-09": {
            "month": "2019-09",
            "price": "91.63",
            "revenue": 0
        },
        "2019-10": {
            "month": "2019-10",
            "price": "85.09",
            "revenue": 0
        },
        "2019-11": {
            "month": "2019-11",
            "price": "83.43",
            "revenue": 0
        },
        "2019-12": {
            "month": "2019-12",
            "price": "87.22",
            "revenue": 0
        },
        "2020-01": {
            "month": "2020-01",
            "price": "89.96",
            "revenue": 0
        },
        "2020-02": {
            "month": "2020-02",
            "price": "86.12",
            "revenue": 0
        },
        "2020-03": {
            "month": "2020-03",
            "price": "67.66",
            "revenue": 0
        },
        "2020-04": {
            "month": "2020-04",
            "price": "72.74",
            "revenue": 0
        },
        "2020-05": {
            "month": "2020-05",
            "price": "75.80",
            "revenue": 0
        },
        "2020-06": {
            "month": "2020-06",
            "price": "76.87",
            "revenue": 0
        },
        "2020-07": {
            "month": "2020-07",
            "price": "74.98",
            "revenue": 0
        },
        "2020-08": {
            "month": "2020-08",
            "price": "78.93",
            "revenue": 0
        },
        "2020-09": {
            "month": "2020-09",
            "price": "85.62",
            "revenue": 0
        },
        "2020-10": {
            "month": "2020-10",
            "price": "88.68",
            "revenue": 0
        },
        "2020-11": {
            "month": "2020-11",
            "price": "94.92",
            "revenue": 0
        },
        "2020-12": {
            "month": "2020-12",
            "price": "102.78",
            "revenue": 0
        },
        "2021-01": {
            "month": "2021-01",
            "price": "102.72",
            "revenue": 0
        },
        "2021-02": {
            "month": "2021-02",
            "price": "104.15",
            "revenue": 0
        },
        "2021-03": {
            "month": "2021-03",
            "price": "107.58",
            "revenue": 0
        },
        "2021-04": {
            "month": "2021-04",
            "price": "114.76",
            "revenue": 0
        },
        "2021-05": {
            "month": "2021-05",
            "price": "112.56",
            "revenue": 0
        },
        "2021-06": {
            "month": "2021-06",
            "price": "111.86",
            "revenue": 0
        },
        "2021-07": {
            "month": "2021-07",
            "price": "119.48",
            "revenue": 0
        },
        "2021-08": {
            "month": "2021-08",
            "price": "116.65",
            "revenue": 0
        },
        "2021-09": {
            "month": "2021-09",
            "price": "115.14",
            "revenue": 0
        },
        "2021-10": {
            "month": "2021-10",
            "price": "112.31",
            "revenue": 0
        },
        "2021-11": {
            "month": "2021-11",
            "price": "112.33",
            "revenue": 0
        },
        "2021-12": {
            "month": "2021-12",
            "price": "113.56",
            "revenue": 0
        },
        "2022-01": {
            "month": "2022-01",
            "price": "102.24",
            "revenue": 0
        },
        "2022-02": {
            "month": "2022-02",
            "price": "94.29",
            "revenue": 0
        },
        "2022-03": {
            "month": "2022-03",
            "price": "87.59",
            "revenue": 0
        },
        "2022-04": {
            "month": "2022-04",
            "price": "80.50",
            "revenue": 0
        },
        "2022-05": {
            "month": "2022-05",
            "price": "74.16",
            "revenue": 0
        },
        "2022-06": {
            "month": "2022-06",
            "price": "75.92",
            "revenue": 0
        },
        "2022-07": {
            "month": "2022-07",
            "price": "80.75",
            "revenue": 0
        },
        "2022-08": {
            "month": "2022-08",
            "price": "86.18",
            "revenue": 0
        },
        "2022-09": {
            "month": "2022-09",
            "price": "87.61",
            "revenue": 0
        },
        "2022-10": {
            "month": "2022-10",
            "price": "87.20",
            "revenue": 0
        },
        "2022-11": {
            "month": "2022-11",
            "price": "95.20",
            "revenue": 0
        },
        "2022-12": {
            "month": "2022-12",
            "price": "100.72",
            "revenue": 0
        },
        "2023-01": {
            "month": "2023-01",
            "price": "106.14",
            "revenue": 0
        },
        "2023-02": {
            "month": "2023-02",
            "price": "106.00",
            "revenue": 0
        },
        "2023-03": {
            "month": "2023-03",
            "price": "100.71",
            "revenue": 0
        },
        "2023-04": {
            "month": "2023-04",
            "price": "107.62",
            "revenue": 0
        },
        "2023-05": {
            "month": "2023-05",
            "price": "104.68",
            "revenue": 0
        },
        "2023-06": {
            "month": "2023-06",
            "price": "99.40",
            "revenue": 0
        },
        "2023-07": {
            "month": "2023-07",
            "price": "100.58",
            "revenue": 0
        },
        "2023-08": {
            "month": "2023-08",
            "price": "98.96",
            "revenue": 0
        },
        "2023-09": {
            "month": "2023-09",
            "price": "94.78",
            "revenue": 0
        },
        "2023-10": {
            "month": "2023-10",
            "price": "92.76",
            "revenue": 0
        },
        "2023-11": {
            "month": "2023-11",
            "price": "102.73",
            "revenue": 0
        },
        "2023-12": {
            "month": "2023-12",
            "price": "96.69",
            "revenue": 0
        },
        "2024-01": {
            "month": "2024-01",
            "price": "93.06",
            "revenue": 0
        },
        "2024-02": {
            "month": "2024-02",
            "price": "94.49",
            "revenue": 0
        },
        "2024-03": {
            "month": "2024-03",
            "price": "91.49",
            "revenue": 0
        }
    }
}
