{
    "summary": {
        "stock_name": "Super Micro Computer Inc",
        "stock_id": "SMCI",
        "category": "Computer and Technology",
        "main_business": "超微電腦公司於1993年9月在加利福尼亞州註冊成立，2007年3月在特拉華州重新註冊成立。該公司是一家總部位於矽谷的加速計算平臺供應商，這些平臺是應用最佳化的高效能和高效率伺服器和儲存系統，適用於各種市場，包括企業資料中心、雲計算、人工智慧、5G和邊緣計算。該公司包括完整的伺服器、儲存系統、模組化刀鋒伺服器、刀片、工作站、全機架規模解決方案、網路裝置、伺服器子系統、伺服器管理和安全軟體。該公司還提供全球支援和服務，幫助客戶安裝、升級和維護他們的計算基礎設施。該公司透過提供廣泛的伺服器模型和配置，為客戶提供高度的靈活性和定製化，他們可以從中選擇適合其計算需求的最佳解決方案。該公司的伺服器和儲存系統、子系統和附件的架構設計提供了高水平的可靠性、質量、可配置性和可擴充套件性。",
        "website_url": "https://www.supermicro.com/en/",
        "ceo": "Charles Liang",
        "pe_ratio": 89,
        "report_year_from": 2007,
        "report_year_to": 2024,
        "age": 17,
        "eps_negative_percentage": 0,
        "eps_growth_avg": {
            "last_all": 28.61,
            "last_2y": 77.08,
            "last_4y": 52.83,
            "last_8y": 31.4,
            "last_12y": 28.3,
            "last_16y": 24.41,
            "last_20y": null,
            "at_2006_last_3y": null,
            "at_2007_last_3y": null,
            "at_2008_last_3y": null,
            "at_2009_last_3y": 20.49,
            "at_2010_last_3y": 11.74,
            "at_2011_last_3y": 20.95,
            "at_2012_last_3y": 9.83,
            "at_2013_last_3y": 12.59,
            "at_2014_last_3y": 21.34,
            "at_2015_last_3y": 25.38,
            "at_2016_last_3y": 26.45,
            "at_2017_last_3y": 31.92,
            "at_2018_last_3y": 4.61,
            "at_2019_last_3y": -5.59,
            "at_2020_last_3y": 4.3,
            "at_2021_last_3y": 13.73,
            "at_2022_last_3y": 41.04,
            "at_2023_last_3y": 61.59,
            "at_2024_last_3y": 61.59,
            "at_2006_last_all": null,
            "at_2007_last_all": 52.78,
            "at_2008_last_all": 40.45,
            "at_2009_last_all": 20.49,
            "at_2010_last_all": 29.39,
            "at_2011_last_all": 31.56,
            "at_2012_last_all": 22.95,
            "at_2013_last_all": 16.54,
            "at_2014_last_all": 25.81,
            "at_2015_last_all": 29.09,
            "at_2016_last_all": 24.22,
            "at_2017_last_all": 21.67,
            "at_2018_last_all": 19.29,
            "at_2019_last_all": 19.18,
            "at_2020_last_all": 18.91,
            "at_2021_last_all": 19.68,
            "at_2022_last_all": 24.41,
            "at_2023_last_all": 28.61,
            "at_2024_last_all": 28.61
        },
        "latest_eps": 12.79,
        "latest_price": 1140.01,
        "latest_roe": 32.59,
        "latest_gross_margin": 16.69,
        "latest_equity": 2165378,
        "latest_revenue": 2119672,
        "latest_gross_profit": 353691,
        "latest_net_income": 157045,
        "latest_debt_ratio": 47.13,
        "latest_current_ratio": 222.51,
        "latest_account_receivable_turnover_ratio": 2.07,
        "latest_inventory_turnover_ratio": 1.01,
        "latest_reinvestment_rate": 4.45,
        "latest_research_to_sale_ratio": 5.24
    },
    "eps_dividends": {
        "2001": {
            "cash": 0,
            "stock": 0,
            "eps": 0
        },
        "2002": {
            "cash": 0,
            "stock": 0,
            "eps": 0
        },
        "2003": {
            "cash": 0,
            "stock": 0,
            "eps": 0
        },
        "2004": {
            "cash": 0,
            "stock": 0,
            "eps": 0
        },
        "2005": {
            "cash": 0,
            "stock": 0,
            "eps": 0.21
        },
        "2006": {
            "cash": 0,
            "stock": 0,
            "eps": 0.54
        },
        "2007": {
            "cash": 0,
            "stock": 0,
            "eps": 0.57
        },
        "2008": {
            "cash": 0,
            "stock": 0,
            "eps": 0.66
        },
        "2009": {
            "cash": 0,
            "stock": 0,
            "eps": 0.4
        },
        "2010": {
            "cash": 0,
            "stock": 0,
            "eps": 0.66
        },
        "2011": {
            "cash": 0,
            "stock": 0,
            "eps": 0.94
        },
        "2012": {
            "cash": 0,
            "stock": 0,
            "eps": 0.67
        },
        "2013": {
            "cash": 0,
            "stock": 0,
            "eps": 0.48
        },
        "2014": {
            "cash": 0,
            "stock": 0,
            "eps": 1.16
        },
        "2015": {
            "cash": 0,
            "stock": 0,
            "eps": 1.84
        },
        "2016": {
            "cash": 0,
            "stock": 0,
            "eps": 1.39
        },
        "2017": {
            "cash": 0,
            "stock": 0,
            "eps": 1.3
        },
        "2018": {
            "cash": 0,
            "stock": 0,
            "eps": 1.18
        },
        "2019": {
            "cash": 0,
            "stock": 0,
            "eps": 1.39
        },
        "2020": {
            "cash": 0,
            "stock": 0,
            "eps": 1.6
        },
        "2021": {
            "cash": 0,
            "stock": 0,
            "eps": 2.1
        },
        "2022": {
            "cash": 0,
            "stock": 0,
            "eps": 5.32
        },
        "2023": {
            "cash": 0,
            "stock": 0,
            "eps": 11.45
        },
        "2024": {
            "cash": 0,
            "stock": 0,
            "eps": 2.75
        }
    },
    "dividends": [],
    "prices": {
        "200101": "無",
        "200102": "無",
        "200103": "無",
        "200104": "無",
        "200105": "無",
        "200106": "無",
        "200107": "無",
        "200108": "無",
        "200109": "無",
        "200110": "無",
        "200111": "無",
        "200112": "無",
        "200201": "無",
        "200202": "無",
        "200203": "無",
        "200204": "無",
        "200205": "無",
        "200206": "無",
        "200207": "無",
        "200208": "無",
        "200209": "無",
        "200210": "無",
        "200211": "無",
        "200212": "無",
        "200301": "無",
        "200302": "無",
        "200303": "無",
        "200304": "無",
        "200305": "無",
        "200306": "無",
        "200307": "無",
        "200308": "無",
        "200309": "無",
        "200310": "無",
        "200311": "無",
        "200312": "無",
        "200401": "無",
        "200402": "無",
        "200403": "無",
        "200404": "無",
        "200405": "無",
        "200406": "無",
        "200407": "無",
        "200408": "無",
        "200409": "無",
        "200410": "無",
        "200411": "無",
        "200412": "無",
        "200501": "無",
        "200502": "無",
        "200503": "無",
        "200504": "無",
        "200505": "無",
        "200506": "無",
        "200507": "無",
        "200508": "無",
        "200509": "無",
        "200510": "無",
        "200511": "無",
        "200512": "無",
        "200601": "無",
        "200602": "無",
        "200603": "無",
        "200604": "無",
        "200605": "無",
        "200606": "無",
        "200607": "無",
        "200608": "無",
        "200609": "無",
        "200610": "無",
        "200611": "無",
        "200612": "無",
        "200701": "無",
        "200702": "無",
        "200703": "8.88",
        "200704": "10.06",
        "200705": "10.26",
        "200706": "10.66",
        "200707": "9.85",
        "200708": "8.61",
        "200709": "9.28",
        "200710": "9.91",
        "200711": "8.88",
        "200712": "8.46",
        "200801": "8.62",
        "200802": "8.99",
        "200803": "8.92",
        "200804": "7.91",
        "200805": "7.35",
        "200806": "7.47",
        "200807": "7.70",
        "200808": "9.24",
        "200809": "10.09",
        "200810": "7.24",
        "200811": "4.94",
        "200812": "6.18",
        "200901": "5.95",
        "200902": "4.88",
        "200903": "4.91",
        "200904": "5.58",
        "200905": "6.10",
        "200906": "7.59",
        "200907": "7.74",
        "200908": "7.76",
        "200909": "8.45",
        "200910": "8.34",
        "200911": "9.34",
        "200912": "10.95",
        "201001": "12.11",
        "201002": "13.62",
        "201003": "16.70",
        "201004": "17.43",
        "201005": "13.48",
        "201006": "13.47",
        "201007": "14.19",
        "201008": "9.68",
        "201009": "9.81",
        "201010": "10.97",
        "201011": "10.77",
        "201012": "11.50",
        "201101": "12.65",
        "201102": "15.20",
        "201103": "15.18",
        "201104": "16.45",
        "201105": "16.50",
        "201106": "16.01",
        "201107": "15.42",
        "201108": "13.48",
        "201109": "12.95",
        "201110": "14.66",
        "201111": "14.82",
        "201112": "14.96",
        "201201": "16.64",
        "201202": "17.29",
        "201203": "16.93",
        "201204": "17.39",
        "201205": "16.52",
        "201206": "15.27",
        "201207": "14.13",
        "201208": "12.20",
        "201209": "12.72",
        "201210": "9.55",
        "201211": "8.36",
        "201212": "9.54",
        "201301": "10.96",
        "201302": "12.30",
        "201303": "11.65",
        "201304": "10.07",
        "201305": "10.19",
        "201306": "10.77",
        "201307": "11.73",
        "201308": "12.81",
        "201309": "13.35",
        "201310": "13.95",
        "201311": "14.68",
        "201312": "16.75",
        "201401": "18.79",
        "201402": "21.14",
        "201403": "18.87",
        "201404": "18.33",
        "201405": "19.91",
        "201406": "23.87",
        "201407": "25.37",
        "201408": "25.18",
        "201409": "27.25",
        "201410": "27.05",
        "201411": "33.56",
        "201412": "33.53",
        "201501": "35.23",
        "201502": "38.71",
        "201503": "36.56",
        "201504": "33.61",
        "201505": "32.04",
        "201506": "33.03",
        "201507": "26.20",
        "201508": "26.57",
        "201509": "27.03",
        "201510": "27.54",
        "201511": "26.42",
        "201512": "24.41",
        "201601": "24.95",
        "201602": "31.60",
        "201603": "32.69",
        "201604": "30.68",
        "201605": "25.90",
        "201606": "25.82",
        "201607": "23.11",
        "201608": "21.46",
        "201609": "22.30",
        "201610": "22.38",
        "201611": "24.92",
        "201612": "28.23",
        "201701": "27.80",
        "201702": "26.51",
        "201703": "25.30",
        "201704": "24.69",
        "201705": "24.12",
        "201706": "24.51",
        "201707": "25.83",
        "201708": "26.94",
        "201709": "23.66",
        "201710": "22.14",
        "201711": "20.64",
        "201712": "21.58",
        "201801": "22.32",
        "201802": "19.15",
        "201803": "18.54",
        "201804": "17.32",
        "201805": "22.90",
        "201806": "25.21",
        "201807": "23.73",
        "201808": "18.44",
        "201809": "15.65",
        "201810": "15.65",
        "201811": "15.65",
        "201812": "15.65",
        "201901": "15.65",
        "201902": "15.65",
        "201903": "15.65",
        "201904": "15.65",
        "201905": "15.65",
        "201906": "15.65",
        "201907": "15.65",
        "201908": "15.65",
        "201909": "15.65",
        "201910": "15.65",
        "201911": "15.65",
        "201912": "15.65",
        "202001": "23.61",
        "202002": "27.82",
        "202003": "21.49",
        "202004": "21.50",
        "202005": "24.18",
        "202006": "29.56",
        "202007": "28.15",
        "202008": "27.65",
        "202009": "26.12",
        "202010": "26.06",
        "202011": "28.37",
        "202012": "30.18",
        "202101": "32.52",
        "202102": "32.57",
        "202103": "36.45",
        "202104": "38.87",
        "202105": "35.69",
        "202106": "35.75",
        "202107": "34.93",
        "202108": "36.86",
        "202109": "36.99",
        "202110": "35.97",
        "202111": "42.56",
        "202112": "42.95",
        "202201": "43.13",
        "202202": "39.33",
        "202203": "41.55",
        "202204": "39.12",
        "202205": "50.15",
        "202206": "47.25",
        "202207": "45.01",
        "202208": "64.83",
        "202209": "59.71",
        "202210": "60.26",
        "202211": "83.84",
        "202212": "84.30",
        "202301": "78.07",
        "202302": "89.68",
        "202303": "101.23",
        "202304": "105.78",
        "202305": "156.20",
        "202306": "235.22",
        "202307": "294.60",
        "202308": "280.63",
        "202309": "261.11",
        "202310": "273.70",
        "202311": "274.52",
        "202312": "283.79"
    },
    "quarters": {
        "20011": {
            "year_quarter": 20011,
            "year": 2001,
            "quarter": 1,
            "eps": null,
            "eps_growth_year": null,
            "eps_4q": null,
            "eps_4q_growth_year": null,
            "roe": null,
            "roe_4q": 0,
            "gross_profit": null,
            "gross_margin": null,
            "gross_margin_4q_avg": 0,
            "net_income": null,
            "net_income_4q": null,
            "revenue": null,
            "revenue_4q": null,
            "common_shares": null,
            "book_valuer_per_share": null,
            "book_valuer_per_share_4q_avg": 0,
            "equity": null,
            "current_ratio": null,
            "debt_ratio": null,
            "inventory_turnover_ratio": null,
            "account_receivable_turnover_ratio": null,
            "reinvestment_rate": null,
            "research_to_sale_ratio": null,
            "price_fair": 0,
            "eps_avg_yearly": 0,
            "eps_latest_yearly": 0,
            "eps_growth_yearly": 0
        },
        "20012": {
            "year_quarter": 20012,
            "year": 2001,
            "quarter": 2,
            "eps": null,
            "eps_growth_year": null,
            "eps_4q": null,
            "eps_4q_growth_year": null,
            "roe": null,
            "roe_4q": 0,
            "gross_profit": null,
            "gross_margin": null,
            "gross_margin_4q_avg": 0,
            "net_income": null,
            "net_income_4q": null,
            "revenue": null,
            "revenue_4q": null,
            "common_shares": null,
            "book_valuer_per_share": null,
            "book_valuer_per_share_4q_avg": 0,
            "equity": null,
            "current_ratio": null,
            "debt_ratio": null,
            "inventory_turnover_ratio": null,
            "account_receivable_turnover_ratio": null,
            "reinvestment_rate": null,
            "research_to_sale_ratio": null,
            "price_fair": 0,
            "eps_avg_yearly": 0,
            "eps_latest_yearly": 0,
            "eps_growth_yearly": 0
        },
        "20013": {
            "year_quarter": 20013,
            "year": 2001,
            "quarter": 3,
            "eps": null,
            "eps_growth_year": null,
            "eps_4q": null,
            "eps_4q_growth_year": null,
            "roe": null,
            "roe_4q": 0,
            "gross_profit": null,
            "gross_margin": null,
            "gross_margin_4q_avg": 0,
            "net_income": null,
            "net_income_4q": null,
            "revenue": null,
            "revenue_4q": null,
            "common_shares": null,
            "book_valuer_per_share": null,
            "book_valuer_per_share_4q_avg": 0,
            "equity": null,
            "current_ratio": null,
            "debt_ratio": null,
            "inventory_turnover_ratio": null,
            "account_receivable_turnover_ratio": null,
            "reinvestment_rate": null,
            "research_to_sale_ratio": null,
            "price_fair": 0,
            "eps_avg_yearly": 0,
            "eps_latest_yearly": 0,
            "eps_growth_yearly": 0
        },
        "20014": {
            "year_quarter": 20014,
            "year": 2001,
            "quarter": 4,
            "eps": null,
            "eps_growth_year": null,
            "eps_4q": null,
            "eps_4q_growth_year": null,
            "roe": null,
            "roe_4q": 0,
            "gross_profit": null,
            "gross_margin": null,
            "gross_margin_4q_avg": 0,
            "net_income": null,
            "net_income_4q": null,
            "revenue": null,
            "revenue_4q": null,
            "common_shares": null,
            "book_valuer_per_share": null,
            "book_valuer_per_share_4q_avg": 0,
            "equity": null,
            "current_ratio": null,
            "debt_ratio": null,
            "inventory_turnover_ratio": null,
            "account_receivable_turnover_ratio": null,
            "reinvestment_rate": null,
            "research_to_sale_ratio": null,
            "price_fair": 0,
            "eps_avg_yearly": 0,
            "eps_latest_yearly": 0,
            "eps_growth_yearly": 0
        },
        "20021": {
            "year_quarter": 20021,
            "year": 2002,
            "quarter": 1,
            "eps": null,
            "eps_growth_year": null,
            "eps_4q": null,
            "eps_4q_growth_year": null,
            "roe": null,
            "roe_4q": 0,
            "gross_profit": null,
            "gross_margin": null,
            "gross_margin_4q_avg": 0,
            "net_income": null,
            "net_income_4q": null,
            "revenue": null,
            "revenue_4q": null,
            "common_shares": null,
            "book_valuer_per_share": null,
            "book_valuer_per_share_4q_avg": 0,
            "equity": null,
            "current_ratio": null,
            "debt_ratio": null,
            "inventory_turnover_ratio": null,
            "account_receivable_turnover_ratio": null,
            "reinvestment_rate": null,
            "research_to_sale_ratio": null,
            "price_fair": 0,
            "eps_avg_yearly": 0,
            "eps_latest_yearly": 0,
            "eps_growth_yearly": 0
        },
        "20022": {
            "year_quarter": 20022,
            "year": 2002,
            "quarter": 2,
            "eps": null,
            "eps_growth_year": null,
            "eps_4q": null,
            "eps_4q_growth_year": null,
            "roe": null,
            "roe_4q": 0,
            "gross_profit": null,
            "gross_margin": null,
            "gross_margin_4q_avg": 0,
            "net_income": null,
            "net_income_4q": null,
            "revenue": null,
            "revenue_4q": null,
            "common_shares": null,
            "book_valuer_per_share": null,
            "book_valuer_per_share_4q_avg": 0,
            "equity": null,
            "current_ratio": null,
            "debt_ratio": null,
            "inventory_turnover_ratio": null,
            "account_receivable_turnover_ratio": null,
            "reinvestment_rate": null,
            "research_to_sale_ratio": null,
            "price_fair": 0,
            "eps_avg_yearly": 0,
            "eps_latest_yearly": 0,
            "eps_growth_yearly": 0
        },
        "20023": {
            "year_quarter": 20023,
            "year": 2002,
            "quarter": 3,
            "eps": null,
            "eps_growth_year": null,
            "eps_4q": null,
            "eps_4q_growth_year": null,
            "roe": null,
            "roe_4q": 0,
            "gross_profit": null,
            "gross_margin": null,
            "gross_margin_4q_avg": 0,
            "net_income": null,
            "net_income_4q": null,
            "revenue": null,
            "revenue_4q": null,
            "common_shares": null,
            "book_valuer_per_share": null,
            "book_valuer_per_share_4q_avg": 0,
            "equity": null,
            "current_ratio": null,
            "debt_ratio": null,
            "inventory_turnover_ratio": null,
            "account_receivable_turnover_ratio": null,
            "reinvestment_rate": null,
            "research_to_sale_ratio": null,
            "price_fair": 0,
            "eps_avg_yearly": 0,
            "eps_latest_yearly": 0,
            "eps_growth_yearly": 0
        },
        "20024": {
            "year_quarter": 20024,
            "year": 2002,
            "quarter": 4,
            "eps": null,
            "eps_growth_year": null,
            "eps_4q": null,
            "eps_4q_growth_year": null,
            "roe": null,
            "roe_4q": 0,
            "gross_profit": null,
            "gross_margin": null,
            "gross_margin_4q_avg": 0,
            "net_income": null,
            "net_income_4q": null,
            "revenue": null,
            "revenue_4q": null,
            "common_shares": null,
            "book_valuer_per_share": null,
            "book_valuer_per_share_4q_avg": 0,
            "equity": null,
            "current_ratio": null,
            "debt_ratio": null,
            "inventory_turnover_ratio": null,
            "account_receivable_turnover_ratio": null,
            "reinvestment_rate": null,
            "research_to_sale_ratio": null,
            "price_fair": 0,
            "eps_avg_yearly": 0,
            "eps_latest_yearly": 0,
            "eps_growth_yearly": 0
        },
        "20031": {
            "year_quarter": 20031,
            "year": 2003,
            "quarter": 1,
            "eps": null,
            "eps_growth_year": null,
            "eps_4q": null,
            "eps_4q_growth_year": null,
            "roe": null,
            "roe_4q": 0,
            "gross_profit": null,
            "gross_margin": null,
            "gross_margin_4q_avg": 0,
            "net_income": null,
            "net_income_4q": null,
            "revenue": null,
            "revenue_4q": null,
            "common_shares": null,
            "book_valuer_per_share": null,
            "book_valuer_per_share_4q_avg": 0,
            "equity": null,
            "current_ratio": null,
            "debt_ratio": null,
            "inventory_turnover_ratio": null,
            "account_receivable_turnover_ratio": null,
            "reinvestment_rate": null,
            "research_to_sale_ratio": null,
            "price_fair": 0,
            "eps_avg_yearly": 0,
            "eps_latest_yearly": 0,
            "eps_growth_yearly": 0
        },
        "20032": {
            "year_quarter": 20032,
            "year": 2003,
            "quarter": 2,
            "eps": null,
            "eps_growth_year": null,
            "eps_4q": null,
            "eps_4q_growth_year": null,
            "roe": null,
            "roe_4q": 0,
            "gross_profit": null,
            "gross_margin": null,
            "gross_margin_4q_avg": 0,
            "net_income": null,
            "net_income_4q": null,
            "revenue": null,
            "revenue_4q": null,
            "common_shares": null,
            "book_valuer_per_share": null,
            "book_valuer_per_share_4q_avg": 0,
            "equity": null,
            "current_ratio": null,
            "debt_ratio": null,
            "inventory_turnover_ratio": null,
            "account_receivable_turnover_ratio": null,
            "reinvestment_rate": null,
            "research_to_sale_ratio": null,
            "price_fair": 0,
            "eps_avg_yearly": 0,
            "eps_latest_yearly": 0,
            "eps_growth_yearly": 0
        },
        "20033": {
            "year_quarter": 20033,
            "year": 2003,
            "quarter": 3,
            "eps": null,
            "eps_growth_year": null,
            "eps_4q": null,
            "eps_4q_growth_year": null,
            "roe": null,
            "roe_4q": 0,
            "gross_profit": null,
            "gross_margin": null,
            "gross_margin_4q_avg": 0,
            "net_income": null,
            "net_income_4q": null,
            "revenue": null,
            "revenue_4q": null,
            "common_shares": null,
            "book_valuer_per_share": null,
            "book_valuer_per_share_4q_avg": 0,
            "equity": null,
            "current_ratio": null,
            "debt_ratio": null,
            "inventory_turnover_ratio": null,
            "account_receivable_turnover_ratio": null,
            "reinvestment_rate": null,
            "research_to_sale_ratio": null,
            "price_fair": 0,
            "eps_avg_yearly": 0,
            "eps_latest_yearly": 0,
            "eps_growth_yearly": 0
        },
        "20034": {
            "year_quarter": 20034,
            "year": 2003,
            "quarter": 4,
            "eps": null,
            "eps_growth_year": null,
            "eps_4q": null,
            "eps_4q_growth_year": null,
            "roe": null,
            "roe_4q": 0,
            "gross_profit": null,
            "gross_margin": null,
            "gross_margin_4q_avg": 0,
            "net_income": null,
            "net_income_4q": null,
            "revenue": null,
            "revenue_4q": null,
            "common_shares": null,
            "book_valuer_per_share": null,
            "book_valuer_per_share_4q_avg": 0,
            "equity": null,
            "current_ratio": null,
            "debt_ratio": null,
            "inventory_turnover_ratio": null,
            "account_receivable_turnover_ratio": null,
            "reinvestment_rate": null,
            "research_to_sale_ratio": null,
            "price_fair": 0,
            "eps_avg_yearly": 0,
            "eps_latest_yearly": 0,
            "eps_growth_yearly": 0
        },
        "20041": {
            "year_quarter": 20041,
            "year": 2004,
            "quarter": 1,
            "eps": null,
            "eps_growth_year": null,
            "eps_4q": null,
            "eps_4q_growth_year": null,
            "roe": null,
            "roe_4q": 0,
            "gross_profit": null,
            "gross_margin": null,
            "gross_margin_4q_avg": 0,
            "net_income": null,
            "net_income_4q": null,
            "revenue": null,
            "revenue_4q": null,
            "common_shares": null,
            "book_valuer_per_share": null,
            "book_valuer_per_share_4q_avg": 0,
            "equity": null,
            "current_ratio": null,
            "debt_ratio": null,
            "inventory_turnover_ratio": null,
            "account_receivable_turnover_ratio": null,
            "reinvestment_rate": null,
            "research_to_sale_ratio": null,
            "price_fair": 0,
            "eps_avg_yearly": 0,
            "eps_latest_yearly": 0,
            "eps_growth_yearly": 0
        },
        "20042": {
            "year_quarter": 20042,
            "year": 2004,
            "quarter": 2,
            "eps": null,
            "eps_growth_year": null,
            "eps_4q": null,
            "eps_4q_growth_year": null,
            "roe": null,
            "roe_4q": 0,
            "gross_profit": null,
            "gross_margin": null,
            "gross_margin_4q_avg": 0,
            "net_income": null,
            "net_income_4q": null,
            "revenue": null,
            "revenue_4q": null,
            "common_shares": null,
            "book_valuer_per_share": null,
            "book_valuer_per_share_4q_avg": 0,
            "equity": null,
            "current_ratio": null,
            "debt_ratio": null,
            "inventory_turnover_ratio": null,
            "account_receivable_turnover_ratio": null,
            "reinvestment_rate": null,
            "research_to_sale_ratio": null,
            "price_fair": 0,
            "eps_avg_yearly": 0,
            "eps_latest_yearly": 0,
            "eps_growth_yearly": 0
        },
        "20051": {
            "year_quarter": 20051,
            "year": 2005,
            "quarter": 1,
            "eps": 0.03,
            "eps_growth_year": null,
            "eps_4q": null,
            "eps_4q_growth_year": null,
            "roe": null,
            "roe_4q": 0,
            "gross_profit": 7192,
            "gross_margin": 15.54,
            "gross_margin_4q_avg": 7.77,
            "net_income": 957,
            "net_income_4q": null,
            "revenue": 46282,
            "revenue_4q": null,
            "common_shares": null,
            "book_valuer_per_share": null,
            "book_valuer_per_share_4q_avg": 0,
            "equity": null,
            "current_ratio": null,
            "debt_ratio": null,
            "inventory_turnover_ratio": null,
            "account_receivable_turnover_ratio": null,
            "reinvestment_rate": null,
            "research_to_sale_ratio": 5.63,
            "price_fair": 0,
            "eps_avg_yearly": 0,
            "eps_latest_yearly": 0,
            "eps_growth_yearly": 0
        },
        "20052": {
            "year_quarter": 20052,
            "year": 2005,
            "quarter": 2,
            "eps": 0.05,
            "eps_growth_year": null,
            "eps_4q": null,
            "eps_4q_growth_year": null,
            "roe": null,
            "roe_4q": 0,
            "gross_profit": 8091,
            "gross_margin": 15.28,
            "gross_margin_4q_avg": 15.41,
            "net_income": 1546,
            "net_income_4q": null,
            "revenue": 52944,
            "revenue_4q": null,
            "common_shares": null,
            "book_valuer_per_share": null,
            "book_valuer_per_share_4q_avg": 0,
            "equity": null,
            "current_ratio": null,
            "debt_ratio": null,
            "inventory_turnover_ratio": null,
            "account_receivable_turnover_ratio": null,
            "reinvestment_rate": null,
            "research_to_sale_ratio": 4.79,
            "price_fair": 7,
            "eps_avg_yearly": 0.2,
            "eps_latest_yearly": 0.2,
            "eps_growth_yearly": 266.67
        },
        "20053": {
            "year_quarter": 20053,
            "year": 2005,
            "quarter": 3,
            "eps": 0.04,
            "eps_growth_year": null,
            "eps_4q": null,
            "eps_4q_growth_year": null,
            "roe": null,
            "roe_4q": 0,
            "gross_profit": 7650,
            "gross_margin": 14.72,
            "gross_margin_4q_avg": 15.18,
            "net_income": 1999,
            "net_income_4q": null,
            "revenue": 51957,
            "revenue_4q": null,
            "common_shares": null,
            "book_valuer_per_share": null,
            "book_valuer_per_share_4q_avg": 0,
            "equity": null,
            "current_ratio": null,
            "debt_ratio": null,
            "inventory_turnover_ratio": null,
            "account_receivable_turnover_ratio": null,
            "reinvestment_rate": null,
            "research_to_sale_ratio": 5.49,
            "price_fair": 6.3,
            "eps_avg_yearly": 0.18,
            "eps_latest_yearly": 0.16,
            "eps_growth_yearly": 93.33
        },
        "20054": {
            "year_quarter": 20054,
            "year": 2005,
            "quarter": 4,
            "eps": 0.09,
            "eps_growth_year": null,
            "eps_4q": 0.21,
            "eps_4q_growth_year": null,
            "roe": null,
            "roe_4q": 0,
            "gross_profit": 10537,
            "gross_margin": 17.39,
            "gross_margin_4q_avg": 15.73,
            "net_income": 2588,
            "net_income_4q": null,
            "revenue": 60580,
            "revenue_4q": null,
            "common_shares": null,
            "book_valuer_per_share": null,
            "book_valuer_per_share_4q_avg": 0,
            "equity": null,
            "current_ratio": null,
            "debt_ratio": null,
            "inventory_turnover_ratio": null,
            "account_receivable_turnover_ratio": null,
            "reinvestment_rate": null,
            "research_to_sale_ratio": 4.32,
            "price_fair": 8.4,
            "eps_avg_yearly": 0.24,
            "eps_latest_yearly": 0.36,
            "eps_growth_yearly": 228.89
        },
        "20061": {
            "year_quarter": 20061,
            "year": 2006,
            "quarter": 1,
            "eps": 0.11,
            "eps_growth_year": 237.78,
            "eps_4q": 0.29,
            "eps_4q_growth_year": null,
            "roe": null,
            "roe_4q": 0,
            "gross_profit": 12520,
            "gross_margin": 19.4,
            "gross_margin_4q_avg": 16.7,
            "net_income": 3343,
            "net_income_4q": null,
            "revenue": 64525,
            "revenue_4q": null,
            "common_shares": null,
            "book_valuer_per_share": null,
            "book_valuer_per_share_4q_avg": 0,
            "equity": null,
            "current_ratio": null,
            "debt_ratio": null,
            "inventory_turnover_ratio": null,
            "account_receivable_turnover_ratio": null,
            "reinvestment_rate": null,
            "research_to_sale_ratio": 5.04,
            "price_fair": 10.15,
            "eps_avg_yearly": 0.29,
            "eps_latest_yearly": 0.44,
            "eps_growth_yearly": 193.89
        },
        "20062": {
            "year_quarter": 20062,
            "year": 2006,
            "quarter": 2,
            "eps": 0.12,
            "eps_growth_year": 132.02,
            "eps_4q": 0.36,
            "eps_4q_growth_year": null,
            "roe": null,
            "roe_4q": 0,
            "gross_profit": 13665,
            "gross_margin": 18.95,
            "gross_margin_4q_avg": 17.62,
            "net_income": 3668,
            "net_income_4q": null,
            "revenue": 72117,
            "revenue_4q": null,
            "common_shares": null,
            "book_valuer_per_share": null,
            "book_valuer_per_share_4q_avg": 0,
            "equity": null,
            "current_ratio": null,
            "debt_ratio": null,
            "inventory_turnover_ratio": null,
            "account_receivable_turnover_ratio": null,
            "reinvestment_rate": null,
            "research_to_sale_ratio": 5.06,
            "price_fair": 11.48,
            "eps_avg_yearly": 0.33,
            "eps_latest_yearly": 0.48,
            "eps_growth_yearly": 162.38
        },
        "20063": {
            "year_quarter": 20063,
            "year": 2006,
            "quarter": 3,
            "eps": 0.12,
            "eps_growth_year": 232.46,
            "eps_4q": 0.44,
            "eps_4q_growth_year": null,
            "roe": null,
            "roe_4q": 0,
            "gross_profit": 14786,
            "gross_margin": 19.48,
            "gross_margin_4q_avg": 18.81,
            "net_income": 3586,
            "net_income_4q": null,
            "revenue": 75886,
            "revenue_4q": null,
            "common_shares": null,
            "book_valuer_per_share": null,
            "book_valuer_per_share_4q_avg": 0,
            "equity": null,
            "current_ratio": null,
            "debt_ratio": null,
            "inventory_turnover_ratio": null,
            "account_receivable_turnover_ratio": null,
            "reinvestment_rate": null,
            "research_to_sale_ratio": 5.81,
            "price_fair": 12.37,
            "eps_avg_yearly": 0.35,
            "eps_latest_yearly": 0.48,
            "eps_growth_yearly": 135.32
        },
        "20064": {
            "year_quarter": 20064,
            "year": 2006,
            "quarter": 4,
            "eps": 0.19,
            "eps_growth_year": 122.72,
            "eps_4q": 0.55,
            "eps_4q_growth_year": 162.6,
            "roe": null,
            "roe_4q": 0,
            "gross_profit": 19335,
            "gross_margin": 21.48,
            "gross_margin_4q_avg": 19.83,
            "net_income": 6350,
            "net_income_4q": null,
            "revenue": 90013,
            "revenue_4q": null,
            "common_shares": null,
            "book_valuer_per_share": null,
            "book_valuer_per_share_4q_avg": 0,
            "equity": null,
            "current_ratio": null,
            "debt_ratio": null,
            "inventory_turnover_ratio": null,
            "account_receivable_turnover_ratio": null,
            "reinvestment_rate": null,
            "research_to_sale_ratio": 5,
            "price_fair": 14.4,
            "eps_avg_yearly": 0.41,
            "eps_latest_yearly": 0.76,
            "eps_growth_yearly": 149.32
        },
        "20071": {
            "year_quarter": 20071,
            "year": 2007,
            "quarter": 1,
            "eps": 0.15,
            "eps_growth_year": 32.18,
            "eps_4q": 0.59,
            "eps_4q_growth_year": 103.62,
            "roe": null,
            "roe_4q": 0,
            "gross_profit": 17985,
            "gross_margin": 19.94,
            "gross_margin_4q_avg": 19.96,
            "net_income": 4809,
            "net_income_4q": null,
            "revenue": 90187,
            "revenue_4q": null,
            "common_shares": 10511,
            "book_valuer_per_share": 2.38,
            "book_valuer_per_share_4q_avg": 0.6,
            "equity": 52877,
            "current_ratio": 146.49,
            "debt_ratio": 66.95,
            "inventory_turnover_ratio": null,
            "account_receivable_turnover_ratio": null,
            "reinvestment_rate": null,
            "research_to_sale_ratio": 5.47,
            "price_fair": 15.23,
            "eps_avg_yearly": 0.44,
            "eps_latest_yearly": 0.6,
            "eps_growth_yearly": 120.13
        },
        "20072": {
            "year_quarter": 20072,
            "year": 2007,
            "quarter": 2,
            "eps": 0.15,
            "eps_growth_year": 25.14,
            "eps_4q": 0.62,
            "eps_4q_growth_year": 72.58,
            "roe": 8.89,
            "roe_4q": 8.89,
            "gross_profit": 19015,
            "gross_margin": 16.74,
            "gross_margin_4q_avg": 19.41,
            "net_income": 4958,
            "net_income_4q": null,
            "revenue": 113602,
            "revenue_4q": null,
            "common_shares": 11099,
            "book_valuer_per_share": 2.64,
            "book_valuer_per_share_4q_avg": 1.26,
            "equity": 58667,
            "current_ratio": 150.41,
            "debt_ratio": 65.2,
            "inventory_turnover_ratio": 1.24,
            "account_receivable_turnover_ratio": 3.94,
            "reinvestment_rate": null,
            "research_to_sale_ratio": 4.89,
            "price_fair": 15.87,
            "eps_avg_yearly": 0.45,
            "eps_latest_yearly": 0.6,
            "eps_growth_yearly": 106.78
        },
        "20073": {
            "year_quarter": 20073,
            "year": 2007,
            "quarter": 3,
            "eps": 0.13,
            "eps_growth_year": 1.55,
            "eps_4q": 0.62,
            "eps_4q_growth_year": 39.41,
            "roe": 6.61,
            "roe_4q": 15.5,
            "gross_profit": 18067,
            "gross_margin": 17.1,
            "gross_margin_4q_avg": 18.82,
            "net_income": 4071,
            "net_income_4q": null,
            "revenue": 105659,
            "revenue_4q": null,
            "common_shares": 12616,
            "book_valuer_per_share": 2.91,
            "book_valuer_per_share_4q_avg": 1.98,
            "equity": 64502,
            "current_ratio": 161.47,
            "debt_ratio": 61.33,
            "inventory_turnover_ratio": 1.19,
            "account_receivable_turnover_ratio": 3.31,
            "reinvestment_rate": null,
            "research_to_sale_ratio": 4.87,
            "price_fair": 16.1,
            "eps_avg_yearly": 0.46,
            "eps_latest_yearly": 0.52,
            "eps_growth_yearly": 90.77
        },
        "20074": {
            "year_quarter": 20074,
            "year": 2007,
            "quarter": 4,
            "eps": 0.14,
            "eps_growth_year": -26.22,
            "eps_4q": 0.57,
            "eps_4q_growth_year": 3.23,
            "roe": 6.1,
            "roe_4q": 21.6,
            "gross_profit": 19942,
            "gross_margin": 17.97,
            "gross_margin_4q_avg": 17.94,
            "net_income": 5501,
            "net_income_4q": null,
            "revenue": 110945,
            "revenue_4q": null,
            "common_shares": 58239,
            "book_valuer_per_share": 3.84,
            "book_valuer_per_share_4q_avg": 2.94,
            "equity": 115872,
            "current_ratio": 221.25,
            "debt_ratio": 43.64,
            "inventory_turnover_ratio": 1.3,
            "account_receivable_turnover_ratio": 3.35,
            "reinvestment_rate": null,
            "research_to_sale_ratio": 4.99,
            "price_fair": 16.42,
            "eps_avg_yearly": 0.47,
            "eps_latest_yearly": 0.56,
            "eps_growth_yearly": 85.32
        },
        "20081": {
            "year_quarter": 20081,
            "year": 2008,
            "quarter": 1,
            "eps": 0.15,
            "eps_growth_year": 2.28,
            "eps_4q": 0.57,
            "eps_4q_growth_year": -2.5,
            "roe": 4.88,
            "roe_4q": 26.48,
            "gross_profit": 23045,
            "gross_margin": 19.54,
            "gross_margin_4q_avg": 17.84,
            "net_income": 5807,
            "net_income_4q": null,
            "revenue": 117949,
            "revenue_4q": null,
            "common_shares": 59251,
            "book_valuer_per_share": 4.01,
            "book_valuer_per_share_4q_avg": 3.35,
            "equity": 121935,
            "current_ratio": 215.13,
            "debt_ratio": 46.05,
            "inventory_turnover_ratio": 1.35,
            "account_receivable_turnover_ratio": 3.18,
            "reinvestment_rate": null,
            "research_to_sale_ratio": 5.69,
            "price_fair": 16.8,
            "eps_avg_yearly": 0.48,
            "eps_latest_yearly": 0.6,
            "eps_growth_yearly": 80.59
        },
        "20082": {
            "year_quarter": 20082,
            "year": 2008,
            "quarter": 2,
            "eps": 0.2,
            "eps_growth_year": 30.52,
            "eps_4q": 0.62,
            "eps_4q_growth_year": 0.21,
            "roe": 6.05,
            "roe_4q": 23.64,
            "gross_profit": 27255,
            "gross_margin": 19.9,
            "gross_margin_4q_avg": 18.63,
            "net_income": 7740,
            "net_income_4q": null,
            "revenue": 136933,
            "revenue_4q": null,
            "common_shares": 63345,
            "book_valuer_per_share": 4.29,
            "book_valuer_per_share_4q_avg": 3.76,
            "equity": 133977,
            "current_ratio": 193.05,
            "debt_ratio": 48.1,
            "inventory_turnover_ratio": 1.32,
            "account_receivable_turnover_ratio": 3.17,
            "reinvestment_rate": null,
            "research_to_sale_ratio": 5.1,
            "price_fair": 17.66,
            "eps_avg_yearly": 0.5,
            "eps_latest_yearly": 0.8,
            "eps_growth_yearly": 84.64
        },
        "20083": {
            "year_quarter": 20083,
            "year": 2008,
            "quarter": 3,
            "eps": 0.13,
            "eps_growth_year": 2.73,
            "eps_4q": 0.62,
            "eps_4q_growth_year": 0.46,
            "roe": 3.62,
            "roe_4q": 20.65,
            "gross_profit": 24826,
            "gross_margin": 18.15,
            "gross_margin_4q_avg": 18.89,
            "net_income": 5024,
            "net_income_4q": null,
            "revenue": 136755,
            "revenue_4q": null,
            "common_shares": 67918,
            "book_valuer_per_share": 4.44,
            "book_valuer_per_share_4q_avg": 4.15,
            "equity": 143388,
            "current_ratio": 195.57,
            "debt_ratio": 43.47,
            "inventory_turnover_ratio": 1.2,
            "account_receivable_turnover_ratio": 3.11,
            "reinvestment_rate": null,
            "research_to_sale_ratio": 5.89,
            "price_fair": 17.7,
            "eps_avg_yearly": 0.51,
            "eps_latest_yearly": 0.52,
            "eps_growth_yearly": 68.6
        },
        "20084": {
            "year_quarter": 20084,
            "year": 2008,
            "quarter": 4,
            "eps": 0.18,
            "eps_growth_year": 23.14,
            "eps_4q": 0.65,
            "eps_4q_growth_year": 15.22,
            "roe": 4.64,
            "roe_4q": 19.189999999999998,
            "gross_profit": 28427,
            "gross_margin": 19.1,
            "gross_margin_4q_avg": 19.17,
            "net_income": 6848,
            "net_income_4q": null,
            "revenue": 148866,
            "revenue_4q": null,
            "common_shares": 69434,
            "book_valuer_per_share": 4.65,
            "book_valuer_per_share_4q_avg": 4.35,
            "equity": 151871,
            "current_ratio": 205.03,
            "debt_ratio": 42.56,
            "inventory_turnover_ratio": 1.35,
            "account_receivable_turnover_ratio": 3.16,
            "reinvestment_rate": null,
            "research_to_sale_ratio": 5.91,
            "price_fair": 19,
            "eps_avg_yearly": 0.54,
            "eps_latest_yearly": 0.72,
            "eps_growth_yearly": 60.54
        },
        "20091": {
            "year_quarter": 20091,
            "year": 2009,
            "quarter": 1,
            "eps": 0.18,
            "eps_growth_year": 20.28,
            "eps_4q": 0.69,
            "eps_4q_growth_year": 19.88,
            "roe": 4.55,
            "roe_4q": 18.86,
            "gross_profit": 27836,
            "gross_margin": 19.32,
            "gross_margin_4q_avg": 19.12,
            "net_income": 7172,
            "net_income_4q": null,
            "revenue": 144051,
            "revenue_4q": null,
            "common_shares": 73581,
            "book_valuer_per_share": 4.88,
            "book_valuer_per_share_4q_avg": 4.57,
            "equity": 163270,
            "current_ratio": 205.14,
            "debt_ratio": 43.02,
            "inventory_turnover_ratio": 1.25,
            "account_receivable_turnover_ratio": 2.92,
            "reinvestment_rate": null,
            "research_to_sale_ratio": 5.61,
            "price_fair": 20.4,
            "eps_avg_yearly": 0.58,
            "eps_latest_yearly": 0.72,
            "eps_growth_yearly": 66.25
        },
        "20092": {
            "year_quarter": 20092,
            "year": 2009,
            "quarter": 2,
            "eps": 0.13,
            "eps_growth_year": -33.08,
            "eps_4q": 0.62,
            "eps_4q_growth_year": 0.14,
            "roe": 3.19,
            "roe_4q": 16,
            "gross_profit": 24092,
            "gross_margin": 18.74,
            "gross_margin_4q_avg": 18.83,
            "net_income": 5346,
            "net_income_4q": null,
            "revenue": 128565,
            "revenue_4q": null,
            "common_shares": 78686,
            "book_valuer_per_share": 4.96,
            "book_valuer_per_share_4q_avg": 4.73,
            "equity": 171746,
            "current_ratio": 245.04,
            "debt_ratio": 36.76,
            "inventory_turnover_ratio": 1.1,
            "account_receivable_turnover_ratio": 2.76,
            "reinvestment_rate": null,
            "research_to_sale_ratio": 6.97,
            "price_fair": 19.38,
            "eps_avg_yearly": 0.59,
            "eps_latest_yearly": 0.52,
            "eps_growth_yearly": 22.6
        },
        "20093": {
            "year_quarter": 20093,
            "year": 2009,
            "quarter": 3,
            "eps": 0.03,
            "eps_growth_year": -75.71,
            "eps_4q": 0.52,
            "eps_4q_growth_year": -16.12,
            "roe": 0.71,
            "roe_4q": 13.09,
            "gross_profit": 16327,
            "gross_margin": 14.91,
            "gross_margin_4q_avg": 18.02,
            "net_income": 1231,
            "net_income_4q": null,
            "revenue": 109540,
            "revenue_4q": null,
            "common_shares": 80492,
            "book_valuer_per_share": 5.04,
            "book_valuer_per_share_4q_avg": 4.88,
            "equity": 174742,
            "current_ratio": 260.55,
            "debt_ratio": 34.74,
            "inventory_turnover_ratio": 1.08,
            "account_receivable_turnover_ratio": 2.3,
            "reinvestment_rate": null,
            "research_to_sale_ratio": 7.88,
            "price_fair": 5.63,
            "eps_avg_yearly": 0.56,
            "eps_latest_yearly": 0.12,
            "eps_growth_yearly": 0.58
        },
        "20094": {
            "year_quarter": 20094,
            "year": 2009,
            "quarter": 4,
            "eps": 0.06,
            "eps_growth_year": -65.72,
            "eps_4q": 0.41,
            "eps_4q_growth_year": -37.98,
            "roe": 1.33,
            "roe_4q": 9.780000000000001,
            "gross_profit": 20455,
            "gross_margin": 16.57,
            "gross_margin_4q_avg": 17.39,
            "net_income": 2358,
            "net_income_4q": null,
            "revenue": 123453,
            "revenue_4q": null,
            "common_shares": 81893,
            "book_valuer_per_share": 5.14,
            "book_valuer_per_share_4q_avg": 5.01,
            "equity": 178622,
            "current_ratio": 247.13,
            "debt_ratio": 36.91,
            "inventory_turnover_ratio": 1.19,
            "account_receivable_turnover_ratio": 2.53,
            "reinvestment_rate": null,
            "research_to_sale_ratio": 7.16,
            "price_fair": 18.99,
            "eps_avg_yearly": 0.54,
            "eps_latest_yearly": 0.24,
            "eps_growth_yearly": 25.55
        },
        "20101": {
            "year_quarter": 20101,
            "year": 2010,
            "quarter": 1,
            "eps": 0.11,
            "eps_growth_year": -37.35,
            "eps_4q": 0.34,
            "eps_4q_growth_year": -50.59,
            "roe": 2.12,
            "roe_4q": 7.35,
            "gross_profit": 24509,
            "gross_margin": 16.5,
            "gross_margin_4q_avg": 16.68,
            "net_income": 3863,
            "net_income_4q": null,
            "revenue": 148521,
            "revenue_4q": null,
            "common_shares": 85067,
            "book_valuer_per_share": 5.28,
            "book_valuer_per_share_4q_avg": 5.11,
            "equity": 185934,
            "current_ratio": 227.57,
            "debt_ratio": 37.26,
            "inventory_turnover_ratio": 1.3,
            "account_receivable_turnover_ratio": 2.94,
            "reinvestment_rate": null,
            "research_to_sale_ratio": 5.81,
            "price_fair": 18.99,
            "eps_avg_yearly": 0.54,
            "eps_latest_yearly": 0.44,
            "eps_growth_yearly": 40.83
        },
        "20102": {
            "year_quarter": 20102,
            "year": 2010,
            "quarter": 2,
            "eps": 0.19,
            "eps_growth_year": 39.51,
            "eps_4q": 0.39,
            "eps_4q_growth_year": -36.79,
            "roe": 3.96,
            "roe_4q": 8.120000000000001,
            "gross_profit": 30309,
            "gross_margin": 16.66,
            "gross_margin_4q_avg": 16.16,
            "net_income": 7604,
            "net_income_4q": null,
            "revenue": 181977,
            "revenue_4q": null,
            "common_shares": 89512,
            "book_valuer_per_share": 5.53,
            "book_valuer_per_share_4q_avg": 5.25,
            "equity": 198234,
            "current_ratio": 214.18,
            "debt_ratio": 41.32,
            "inventory_turnover_ratio": 1.29,
            "account_receivable_turnover_ratio": 3.38,
            "reinvestment_rate": null,
            "research_to_sale_ratio": 4.81,
            "price_fair": 19.6,
            "eps_avg_yearly": 0.56,
            "eps_latest_yearly": 0.76,
            "eps_growth_yearly": 56.73
        },
        "20103": {
            "year_quarter": 20103,
            "year": 2010,
            "quarter": 3,
            "eps": 0.18,
            "eps_growth_year": 479.76,
            "eps_4q": 0.54,
            "eps_4q_growth_year": 3.86,
            "roe": 3.77,
            "roe_4q": 11.180000000000001,
            "gross_profit": 29265,
            "gross_margin": 15.46,
            "gross_margin_4q_avg": 16.3,
            "net_income": 7733,
            "net_income_4q": null,
            "revenue": 189276,
            "revenue_4q": null,
            "common_shares": 95974,
            "book_valuer_per_share": 5.8,
            "book_valuer_per_share_4q_avg": 5.44,
            "equity": 212429,
            "current_ratio": 234.94,
            "debt_ratio": 38.21,
            "inventory_turnover_ratio": 1.15,
            "account_receivable_turnover_ratio": 3.08,
            "reinvestment_rate": null,
            "research_to_sale_ratio": 5.15,
            "price_fair": 20.13,
            "eps_avg_yearly": 0.58,
            "eps_latest_yearly": 0.72,
            "eps_growth_yearly": 55.42
        },
        "20104": {
            "year_quarter": 20104,
            "year": 2010,
            "quarter": 4,
            "eps": 0.18,
            "eps_growth_year": 198.54,
            "eps_4q": 0.66,
            "eps_4q_growth_year": 62.81,
            "roe": 3.53,
            "roe_4q": 13.379999999999999,
            "gross_profit": 30909,
            "gross_margin": 15.33,
            "gross_margin_4q_avg": 15.99,
            "net_income": 7715,
            "net_income_4q": null,
            "revenue": 201664,
            "revenue_4q": null,
            "common_shares": 100350,
            "book_valuer_per_share": 6.07,
            "book_valuer_per_share_4q_avg": 5.67,
            "equity": 224701,
            "current_ratio": 215.31,
            "debt_ratio": 39.39,
            "inventory_turnover_ratio": 1.22,
            "account_receivable_turnover_ratio": 2.82,
            "reinvestment_rate": 43.31,
            "research_to_sale_ratio": 5.08,
            "price_fair": 20.04,
            "eps_avg_yearly": 0.57,
            "eps_latest_yearly": 0.72,
            "eps_growth_yearly": 40.84
        },
        "20111": {
            "year_quarter": 20111,
            "year": 2011,
            "quarter": 1,
            "eps": 0.18,
            "eps_growth_year": 60.24,
            "eps_4q": 0.73,
            "eps_4q_growth_year": 115.45,
            "roe": 3.14,
            "roe_4q": 14.399999999999999,
            "gross_profit": 33037,
            "gross_margin": 15.95,
            "gross_margin_4q_avg": 15.85,
            "net_income": 7217,
            "net_income_4q": null,
            "revenue": 207178,
            "revenue_4q": null,
            "common_shares": 103002,
            "book_valuer_per_share": 6.27,
            "book_valuer_per_share_4q_avg": 5.92,
            "equity": 234570,
            "current_ratio": 201.42,
            "debt_ratio": 41.88,
            "inventory_turnover_ratio": 1.21,
            "account_receivable_turnover_ratio": 2.74,
            "reinvestment_rate": 48.06,
            "research_to_sale_ratio": 5.04,
            "price_fair": 20.3,
            "eps_avg_yearly": 0.58,
            "eps_latest_yearly": 0.72,
            "eps_growth_yearly": 46.1
        },
        "20112": {
            "year_quarter": 20112,
            "year": 2011,
            "quarter": 2,
            "eps": 0.27,
            "eps_growth_year": 46.84,
            "eps_4q": 0.82,
            "eps_4q_growth_year": 108.7,
            "roe": 4.79,
            "roe_4q": 15.229999999999999,
            "gross_profit": 40179,
            "gross_margin": 16.68,
            "gross_margin_4q_avg": 15.86,
            "net_income": 11569,
            "net_income_4q": null,
            "revenue": 240813,
            "revenue_4q": null,
            "common_shares": 105586,
            "book_valuer_per_share": 6.6,
            "book_valuer_per_share_4q_avg": 6.19,
            "equity": 248723,
            "current_ratio": 213.83,
            "debt_ratio": 44.6,
            "inventory_turnover_ratio": 1.18,
            "account_receivable_turnover_ratio": 3.05,
            "reinvestment_rate": 44.49,
            "research_to_sale_ratio": 5.11,
            "price_fair": 21.35,
            "eps_avg_yearly": 0.61,
            "eps_latest_yearly": 1.08,
            "eps_growth_yearly": 58.6
        },
        "20113": {
            "year_quarter": 20113,
            "year": 2011,
            "quarter": 3,
            "eps": 0.25,
            "eps_growth_year": 35.75,
            "eps_4q": 0.88,
            "eps_4q_growth_year": 62.79,
            "roe": 4.13,
            "roe_4q": 15.59,
            "gross_profit": 37856,
            "gross_margin": 16.16,
            "gross_margin_4q_avg": 16.03,
            "net_income": 10696,
            "net_income_4q": null,
            "revenue": 234288,
            "revenue_4q": null,
            "common_shares": 115761,
            "book_valuer_per_share": 6.95,
            "book_valuer_per_share_4q_avg": 6.47,
            "equity": 269594,
            "current_ratio": 240.23,
            "debt_ratio": 41.63,
            "inventory_turnover_ratio": 1,
            "account_receivable_turnover_ratio": 2.79,
            "reinvestment_rate": 42.48,
            "research_to_sale_ratio": 5.21,
            "price_fair": 22.4,
            "eps_avg_yearly": 0.64,
            "eps_latest_yearly": 1,
            "eps_growth_yearly": 60.08
        },
        "20114": {
            "year_quarter": 20114,
            "year": 2011,
            "quarter": 4,
            "eps": 0.24,
            "eps_growth_year": 34.89,
            "eps_4q": 0.94,
            "eps_4q_growth_year": 42.84,
            "roe": 3.85,
            "roe_4q": 15.91,
            "gross_profit": 40032,
            "gross_margin": 15.38,
            "gross_margin_4q_avg": 16.04,
            "net_income": 10731,
            "net_income_4q": null,
            "revenue": 260303,
            "revenue_4q": null,
            "common_shares": 122693,
            "book_valuer_per_share": 7.13,
            "book_valuer_per_share_4q_avg": 6.74,
            "equity": 287257,
            "current_ratio": 262.8,
            "debt_ratio": 38.17,
            "inventory_turnover_ratio": 1.11,
            "account_receivable_turnover_ratio": 2.93,
            "reinvestment_rate": 43.14,
            "research_to_sale_ratio": 5.06,
            "price_fair": 23.28,
            "eps_avg_yearly": 0.67,
            "eps_latest_yearly": 0.96,
            "eps_growth_yearly": 57.16
        },
        "20121": {
            "year_quarter": 20121,
            "year": 2012,
            "quarter": 1,
            "eps": 0.19,
            "eps_growth_year": 6.61,
            "eps_4q": 0.96,
            "eps_4q_growth_year": 31.12,
            "roe": 2.9,
            "roe_4q": 15.669999999999998,
            "gross_profit": 39626,
            "gross_margin": 15.99,
            "gross_margin_4q_avg": 16.05,
            "net_income": 8492,
            "net_income_4q": null,
            "revenue": 247885,
            "revenue_4q": null,
            "common_shares": 125425,
            "book_valuer_per_share": 7.38,
            "book_valuer_per_share_4q_avg": 7.02,
            "equity": 298576,
            "current_ratio": 258.72,
            "debt_ratio": 38.84,
            "inventory_turnover_ratio": 1.09,
            "account_receivable_turnover_ratio": 2.69,
            "reinvestment_rate": 36.43,
            "research_to_sale_ratio": 5.58,
            "price_fair": 23.63,
            "eps_avg_yearly": 0.68,
            "eps_latest_yearly": 0.76,
            "eps_growth_yearly": 50.16
        },
        "20122": {
            "year_quarter": 20122,
            "year": 2012,
            "quarter": 2,
            "eps": 0.2,
            "eps_growth_year": -27.48,
            "eps_4q": 0.88,
            "eps_4q_growth_year": 7.88,
            "roe": 2.88,
            "roe_4q": 13.759999999999998,
            "gross_profit": 42614,
            "gross_margin": 17.05,
            "gross_margin_4q_avg": 16.15,
            "net_income": 8774,
            "net_income_4q": null,
            "revenue": 249915,
            "revenue_4q": null,
            "common_shares": 129552,
            "book_valuer_per_share": 7.66,
            "book_valuer_per_share_4q_avg": 7.28,
            "equity": 311477,
            "current_ratio": 251.55,
            "debt_ratio": 37.7,
            "inventory_turnover_ratio": 1.08,
            "account_receivable_turnover_ratio": 2.87,
            "reinvestment_rate": 32.56,
            "research_to_sale_ratio": 6.26,
            "price_fair": 23.63,
            "eps_avg_yearly": 0.68,
            "eps_latest_yearly": 0.8,
            "eps_growth_yearly": 43.15
        },
        "20123": {
            "year_quarter": 20123,
            "year": 2012,
            "quarter": 3,
            "eps": 0.16,
            "eps_growth_year": -36.16,
            "eps_4q": 0.79,
            "eps_4q_growth_year": -10.17,
            "roe": 2.21,
            "roe_4q": 11.84,
            "gross_profit": 40729,
            "gross_margin": 16.96,
            "gross_margin_4q_avg": 16.35,
            "net_income": 7077,
            "net_income_4q": null,
            "revenue": 240178,
            "revenue_4q": null,
            "common_shares": 139851,
            "book_valuer_per_share": 7.93,
            "book_valuer_per_share_4q_avg": 7.53,
            "equity": 328853,
            "current_ratio": 237.43,
            "debt_ratio": 40,
            "inventory_turnover_ratio": 0.94,
            "account_receivable_turnover_ratio": 2.56,
            "reinvestment_rate": 33.09,
            "research_to_sale_ratio": 7.15,
            "price_fair": 23.89,
            "eps_avg_yearly": 0.68,
            "eps_latest_yearly": 0.64,
            "eps_growth_yearly": 46.9
        },
        "20124": {
            "year_quarter": 20124,
            "year": 2012,
            "quarter": 4,
            "eps": 0.12,
            "eps_growth_year": -49.57,
            "eps_4q": 0.67,
            "eps_4q_growth_year": -28.86,
            "roe": 1.65,
            "roe_4q": 9.64,
            "gross_profit": 42448,
            "gross_margin": 15.39,
            "gross_margin_4q_avg": 16.35,
            "net_income": 5510,
            "net_income_4q": null,
            "revenue": 275896,
            "revenue_4q": null,
            "common_shares": 143806,
            "book_valuer_per_share": 8.14,
            "book_valuer_per_share_4q_avg": 7.78,
            "equity": 338351,
            "current_ratio": 218.55,
            "debt_ratio": 42.57,
            "inventory_turnover_ratio": 0.92,
            "account_receivable_turnover_ratio": 2.62,
            "reinvestment_rate": 35.35,
            "research_to_sale_ratio": 6.37,
            "price_fair": 23.36,
            "eps_avg_yearly": 0.67,
            "eps_latest_yearly": 0.48,
            "eps_growth_yearly": 31.03
        },
        "20131": {
            "year_quarter": 20131,
            "year": 2013,
            "quarter": 1,
            "eps": 0.02,
            "eps_growth_year": -89.56,
            "eps_4q": 0.5,
            "eps_4q_growth_year": -47.88,
            "roe": 0.26,
            "roe_4q": 7,
            "gross_profit": 35015,
            "gross_margin": 12.93,
            "gross_margin_4q_avg": 15.58,
            "net_income": 899,
            "net_income_4q": null,
            "revenue": 270707,
            "revenue_4q": null,
            "common_shares": 146861,
            "book_valuer_per_share": 8.19,
            "book_valuer_per_share_4q_avg": 7.98,
            "equity": 342309,
            "current_ratio": 224.06,
            "debt_ratio": 39.58,
            "inventory_turnover_ratio": 0.87,
            "account_receivable_turnover_ratio": 2.44,
            "reinvestment_rate": 37.19,
            "research_to_sale_ratio": 6.73,
            "price_fair": 12.67,
            "eps_avg_yearly": 0.63,
            "eps_latest_yearly": 0.08,
            "eps_growth_yearly": 10.2
        },
        "20132": {
            "year_quarter": 20132,
            "year": 2013,
            "quarter": 2,
            "eps": 0.11,
            "eps_growth_year": -43.28,
            "eps_4q": 0.41,
            "eps_4q_growth_year": -53.19,
            "roe": 1.42,
            "roe_4q": 5.54,
            "gross_profit": 40122,
            "gross_margin": 13.76,
            "gross_margin_4q_avg": 14.76,
            "net_income": 4914,
            "net_income_4q": null,
            "revenue": 291487,
            "revenue_4q": null,
            "common_shares": 150870,
            "book_valuer_per_share": 8.35,
            "book_valuer_per_share_4q_avg": 8.15,
            "equity": 351252,
            "current_ratio": 222.77,
            "debt_ratio": 39.81,
            "inventory_turnover_ratio": 0.99,
            "account_receivable_turnover_ratio": 2.43,
            "reinvestment_rate": 37.61,
            "research_to_sale_ratio": 6.46,
            "price_fair": 21.79,
            "eps_avg_yearly": 0.62,
            "eps_latest_yearly": 0.44,
            "eps_growth_yearly": 129.64
        },
        "20133": {
            "year_quarter": 20133,
            "year": 2013,
            "quarter": 3,
            "eps": 0.16,
            "eps_growth_year": 0.92,
            "eps_4q": 0.41,
            "eps_4q_growth_year": -47.73,
            "roe": 1.97,
            "roe_4q": 5.299999999999999,
            "gross_profit": 38893,
            "gross_margin": 13.99,
            "gross_margin_4q_avg": 14.02,
            "net_income": 7040,
            "net_income_4q": null,
            "revenue": 278034,
            "revenue_4q": null,
            "common_shares": 154579,
            "book_valuer_per_share": 8.57,
            "book_valuer_per_share_4q_avg": 8.31,
            "equity": 361992,
            "current_ratio": 218.12,
            "debt_ratio": 40.47,
            "inventory_turnover_ratio": 0.95,
            "account_receivable_turnover_ratio": 2.23,
            "reinvestment_rate": 34.56,
            "research_to_sale_ratio": 6.69,
            "price_fair": 22.93,
            "eps_avg_yearly": 0.66,
            "eps_latest_yearly": 0.64,
            "eps_growth_yearly": 160.24
        },
        "20134": {
            "year_quarter": 20134,
            "year": 2013,
            "quarter": 4,
            "eps": 0.19,
            "eps_growth_year": 56.4,
            "eps_4q": 0.48,
            "eps_4q_growth_year": -28.12,
            "roe": 2.29,
            "roe_4q": 5.9399999999999995,
            "gross_profit": 46023,
            "gross_margin": 14.28,
            "gross_margin_4q_avg": 13.74,
            "net_income": 8426,
            "net_income_4q": null,
            "revenue": 322333,
            "revenue_4q": null,
            "common_shares": 157712,
            "book_valuer_per_share": 8.83,
            "book_valuer_per_share_4q_avg": 8.49,
            "equity": 373543,
            "current_ratio": 216.5,
            "debt_ratio": 40.92,
            "inventory_turnover_ratio": 1.08,
            "account_receivable_turnover_ratio": 2.3,
            "reinvestment_rate": 36.22,
            "research_to_sale_ratio": 6.07,
            "price_fair": 24.06,
            "eps_avg_yearly": 0.69,
            "eps_latest_yearly": 0.76,
            "eps_growth_yearly": 139.92
        },
        "20141": {
            "year_quarter": 20141,
            "year": 2014,
            "quarter": 1,
            "eps": 0.17,
            "eps_growth_year": 742.33,
            "eps_4q": 0.63,
            "eps_4q_growth_year": 26.99,
            "roe": 2.03,
            "roe_4q": 7.71,
            "gross_profit": 46792,
            "gross_margin": 15.14,
            "gross_margin_4q_avg": 14.29,
            "net_income": 7699,
            "net_income_4q": null,
            "revenue": 309016,
            "revenue_4q": null,
            "common_shares": 162255,
            "book_valuer_per_share": 9.03,
            "book_valuer_per_share_4q_avg": 8.7,
            "equity": 385789,
            "current_ratio": 240.16,
            "debt_ratio": 39.32,
            "inventory_turnover_ratio": 1.03,
            "account_receivable_turnover_ratio": 2.12,
            "reinvestment_rate": 40.24,
            "research_to_sale_ratio": 6.55,
            "price_fair": 24.59,
            "eps_avg_yearly": 0.7,
            "eps_latest_yearly": 0.68,
            "eps_growth_yearly": 116.46
        },
        "20142": {
            "year_quarter": 20142,
            "year": 2014,
            "quarter": 2,
            "eps": 0.3,
            "eps_growth_year": 166.29,
            "eps_4q": 0.82,
            "eps_4q_growth_year": 98.87,
            "roe": 3.37,
            "roe_4q": 9.66,
            "gross_profit": 55092,
            "gross_margin": 15.46,
            "gross_margin_4q_avg": 14.72,
            "net_income": 13335,
            "net_income_4q": null,
            "revenue": 356362,
            "revenue_4q": null,
            "common_shares": 168755,
            "book_valuer_per_share": 9.4,
            "book_valuer_per_share_4q_avg": 8.96,
            "equity": 405619,
            "current_ratio": 198.01,
            "debt_ratio": 42.77,
            "inventory_turnover_ratio": 1.11,
            "account_receivable_turnover_ratio": 2.34,
            "reinvestment_rate": 62.83,
            "research_to_sale_ratio": 5.73,
            "price_fair": 25.55,
            "eps_avg_yearly": 0.73,
            "eps_latest_yearly": 1.2,
            "eps_growth_yearly": 117.39
        },
        "20143": {
            "year_quarter": 20143,
            "year": 2014,
            "quarter": 3,
            "eps": 0.35,
            "eps_growth_year": 120.07,
            "eps_4q": 1.01,
            "eps_4q_growth_year": 144.24,
            "roe": 3.91,
            "roe_4q": 11.600000000000001,
            "gross_profit": 57264,
            "gross_margin": 15.32,
            "gross_margin_4q_avg": 15.05,
            "net_income": 16574,
            "net_income_4q": null,
            "revenue": 373755,
            "revenue_4q": null,
            "common_shares": 188931,
            "book_valuer_per_share": 9.93,
            "book_valuer_per_share_4q_avg": 9.3,
            "equity": 442365,
            "current_ratio": 208.81,
            "debt_ratio": 41.06,
            "inventory_turnover_ratio": 1.08,
            "account_receivable_turnover_ratio": 2.12,
            "reinvestment_rate": 46.32,
            "research_to_sale_ratio": 5.5,
            "price_fair": 27.04,
            "eps_avg_yearly": 0.77,
            "eps_latest_yearly": 1.4,
            "eps_growth_yearly": 122.88
        },
        "20144": {
            "year_quarter": 20144,
            "year": 2014,
            "quarter": 4,
            "eps": 0.34,
            "eps_growth_year": 78.53,
            "eps_4q": 1.16,
            "eps_4q_growth_year": 140.46,
            "roe": 3.63,
            "roe_4q": 12.94,
            "gross_profit": 66397,
            "gross_margin": 15.51,
            "gross_margin_4q_avg": 15.36,
            "net_income": 16549,
            "net_income_4q": null,
            "revenue": 428069,
            "revenue_4q": null,
            "common_shares": 199062,
            "book_valuer_per_share": 10.36,
            "book_valuer_per_share_4q_avg": 9.68,
            "equity": 469056,
            "current_ratio": 210.39,
            "debt_ratio": 41.1,
            "inventory_turnover_ratio": 1.18,
            "account_receivable_turnover_ratio": 2.11,
            "reinvestment_rate": 40.87,
            "research_to_sale_ratio": 5.38,
            "price_fair": 28.44,
            "eps_avg_yearly": 0.81,
            "eps_latest_yearly": 1.36,
            "eps_growth_yearly": 122.16
        },
        "20151": {
            "year_quarter": 20151,
            "year": 2015,
            "quarter": 1,
            "eps": 0.42,
            "eps_growth_year": 146.53,
            "eps_4q": 1.41,
            "eps_4q_growth_year": 122.87,
            "roe": 4.31,
            "roe_4q": 15.219999999999999,
            "gross_profit": 69193,
            "gross_margin": 15.61,
            "gross_margin_4q_avg": 15.48,
            "net_income": 20863,
            "net_income_4q": null,
            "revenue": 443322,
            "revenue_4q": null,
            "common_shares": 207442,
            "book_valuer_per_share": 10.91,
            "book_valuer_per_share_4q_avg": 10.15,
            "equity": 498296,
            "current_ratio": 218.22,
            "debt_ratio": 39.84,
            "inventory_turnover_ratio": 1.14,
            "account_receivable_turnover_ratio": 2.1,
            "reinvestment_rate": 39.1,
            "research_to_sale_ratio": 4.85,
            "price_fair": 30.54,
            "eps_avg_yearly": 0.87,
            "eps_latest_yearly": 1.68,
            "eps_growth_yearly": 128.04
        },
        "20152": {
            "year_quarter": 20152,
            "year": 2015,
            "quarter": 2,
            "eps": 0.61,
            "eps_growth_year": 103.83,
            "eps_4q": 1.72,
            "eps_4q_growth_year": 109.94,
            "roe": 5.99,
            "roe_4q": 17.84,
            "gross_profit": 84452,
            "gross_margin": 16.79,
            "gross_margin_4q_avg": 15.81,
            "net_income": 31242,
            "net_income_4q": null,
            "revenue": 503014,
            "revenue_4q": null,
            "common_shares": 222971,
            "book_valuer_per_share": 11.73,
            "book_valuer_per_share_4q_avg": 10.73,
            "equity": 545054,
            "current_ratio": 209.51,
            "debt_ratio": 41.71,
            "inventory_turnover_ratio": 1.12,
            "account_receivable_turnover_ratio": 2.14,
            "reinvestment_rate": 40.09,
            "research_to_sale_ratio": 5.06,
            "price_fair": 33.51,
            "eps_avg_yearly": 0.96,
            "eps_latest_yearly": 2.44,
            "eps_growth_yearly": 126.85
        },
        "20153": {
            "year_quarter": 20153,
            "year": 2015,
            "quarter": 3,
            "eps": 0.44,
            "eps_growth_year": 26.85,
            "eps_4q": 1.82,
            "eps_4q_growth_year": 79.63,
            "roe": 4.08,
            "roe_4q": 18.009999999999998,
            "gross_profit": 76820,
            "gross_margin": 16.3,
            "gross_margin_4q_avg": 16.05,
            "net_income": 23056,
            "net_income_4q": null,
            "revenue": 471225,
            "revenue_4q": null,
            "common_shares": 240436,
            "book_valuer_per_share": 12.4,
            "book_valuer_per_share_4q_avg": 11.35,
            "equity": 585580,
            "current_ratio": 221.42,
            "debt_ratio": 39.06,
            "inventory_turnover_ratio": 0.94,
            "account_receivable_turnover_ratio": 1.91,
            "reinvestment_rate": 40.68,
            "research_to_sale_ratio": 5.42,
            "price_fair": 35.18,
            "eps_avg_yearly": 1.01,
            "eps_latest_yearly": 1.76,
            "eps_growth_yearly": 121.74
        },
        "20154": {
            "year_quarter": 20154,
            "year": 2015,
            "quarter": 4,
            "eps": 0.37,
            "eps_growth_year": 7.68,
            "eps_4q": 1.84,
            "eps_4q_growth_year": 58.66,
            "roe": 2.89,
            "roe_4q": 17.27,
            "gross_profit": 76119,
            "gross_margin": 14.18,
            "gross_margin_4q_avg": 15.72,
            "net_income": 17394,
            "net_income_4q": null,
            "revenue": 536792,
            "revenue_4q": null,
            "common_shares": 247081,
            "book_valuer_per_share": 13.05,
            "book_valuer_per_share_4q_avg": 12.02,
            "equity": 618921,
            "current_ratio": 201.37,
            "debt_ratio": 43.21,
            "inventory_turnover_ratio": 1.03,
            "account_receivable_turnover_ratio": 1.92,
            "reinvestment_rate": 41.51,
            "research_to_sale_ratio": 5.38,
            "price_fair": 36.31,
            "eps_avg_yearly": 1.04,
            "eps_latest_yearly": 1.48,
            "eps_growth_yearly": 118.76
        },
        "20161": {
            "year_quarter": 20161,
            "year": 2016,
            "quarter": 1,
            "eps": 0.34,
            "eps_growth_year": -19.53,
            "eps_4q": 1.76,
            "eps_4q_growth_year": 24.78,
            "roe": 2.76,
            "roe_4q": 15.72,
            "gross_profit": 77475,
            "gross_margin": 14.37,
            "gross_margin_4q_avg": 15.41,
            "net_income": 17351,
            "net_income_4q": null,
            "revenue": 539104,
            "revenue_4q": null,
            "common_shares": 252426,
            "book_valuer_per_share": 13.41,
            "book_valuer_per_share_4q_avg": 12.65,
            "equity": 637947,
            "current_ratio": 214.37,
            "debt_ratio": 41.04,
            "inventory_turnover_ratio": 1,
            "account_receivable_turnover_ratio": 1.71,
            "reinvestment_rate": 35.55,
            "research_to_sale_ratio": 5.22,
            "price_fair": 37.63,
            "eps_avg_yearly": 1.08,
            "eps_latest_yearly": 1.36,
            "eps_growth_yearly": 121.94
        },
        "20162": {
            "year_quarter": 20162,
            "year": 2016,
            "quarter": 2,
            "eps": 0.64,
            "eps_growth_year": 5.46,
            "eps_4q": 1.79,
            "eps_4q_growth_year": 4.15,
            "roe": 5.05,
            "roe_4q": 14.78,
            "gross_profit": 103187,
            "gross_margin": 16.09,
            "gross_margin_4q_avg": 15.24,
            "net_income": 33204,
            "net_income_4q": null,
            "revenue": 641235,
            "revenue_4q": null,
            "common_shares": 257776,
            "book_valuer_per_share": 14.2,
            "book_valuer_per_share_4q_avg": 13.27,
            "equity": 677988,
            "current_ratio": 208.24,
            "debt_ratio": 43.15,
            "inventory_turnover_ratio": 1.14,
            "account_receivable_turnover_ratio": 2.08,
            "reinvestment_rate": 33.6,
            "research_to_sale_ratio": 4.78,
            "price_fair": 41.48,
            "eps_avg_yearly": 1.19,
            "eps_latest_yearly": 2.56,
            "eps_growth_yearly": 142.69
        },
        "20163": {
            "year_quarter": 20163,
            "year": 2016,
            "quarter": 3,
            "eps": 0.31,
            "eps_growth_year": -30.71,
            "eps_4q": 1.66,
            "eps_4q_growth_year": -8.73,
            "roe": 2.31,
            "roe_4q": 13.01,
            "gross_profit": 78983,
            "gross_margin": 15.38,
            "gross_margin_4q_avg": 15.01,
            "net_income": 16046,
            "net_income_4q": null,
            "revenue": 513468,
            "revenue_4q": null,
            "common_shares": 271950,
            "book_valuer_per_share": 14.65,
            "book_valuer_per_share_4q_avg": 13.83,
            "equity": 708828,
            "current_ratio": 226.38,
            "debt_ratio": 39.99,
            "inventory_turnover_ratio": 0.9,
            "account_receivable_turnover_ratio": 1.66,
            "reinvestment_rate": 34.39,
            "research_to_sale_ratio": 6.18,
            "price_fair": 42.79,
            "eps_avg_yearly": 1.22,
            "eps_latest_yearly": 1.24,
            "eps_growth_yearly": 134.79
        },
        "20164": {
            "year_quarter": 20164,
            "year": 2016,
            "quarter": 4,
            "eps": 0.1,
            "eps_growth_year": -71.57,
            "eps_4q": 1.39,
            "eps_4q_growth_year": -24.31,
            "roe": 0.78,
            "roe_4q": 10.9,
            "gross_profit": 70856,
            "gross_margin": 13.34,
            "gross_margin_4q_avg": 14.8,
            "net_income": 5480,
            "net_income_4q": null,
            "revenue": 531215,
            "revenue_4q": null,
            "common_shares": 279465,
            "book_valuer_per_share": 14.34,
            "book_valuer_per_share_4q_avg": 14.15,
            "equity": 696469,
            "current_ratio": 232.97,
            "debt_ratio": 41.55,
            "inventory_turnover_ratio": 0.92,
            "account_receivable_turnover_ratio": 2.21,
            "reinvestment_rate": 37.72,
            "research_to_sale_ratio": 6.34,
            "price_fair": 42.61,
            "eps_avg_yearly": 1.22,
            "eps_latest_yearly": 0.4,
            "eps_growth_yearly": 124.11
        },
        "20171": {
            "year_quarter": 20171,
            "year": 2017,
            "quarter": 1,
            "eps": 0.3,
            "eps_growth_year": -11,
            "eps_4q": 1.36,
            "eps_4q_growth_year": -22.89,
            "roe": 2.2,
            "roe_4q": 10.34,
            "gross_profit": 82552,
            "gross_margin": 15.61,
            "gross_margin_4q_avg": 15.11,
            "net_income": 15373,
            "net_income_4q": null,
            "revenue": 528763,
            "revenue_4q": null,
            "common_shares": 286339,
            "book_valuer_per_share": 14.6,
            "book_valuer_per_share_4q_avg": 14.45,
            "equity": 700264,
            "current_ratio": 213.95,
            "debt_ratio": 44.67,
            "inventory_turnover_ratio": 0.81,
            "account_receivable_turnover_ratio": 2.24,
            "reinvestment_rate": 37.36,
            "research_to_sale_ratio": 6.46,
            "price_fair": 45.06,
            "eps_avg_yearly": 1.29,
            "eps_latest_yearly": 1.2,
            "eps_growth_yearly": 194.94
        },
        "20172": {
            "year_quarter": 20172,
            "year": 2017,
            "quarter": 2,
            "eps": 0.44,
            "eps_growth_year": -31.15,
            "eps_4q": 1.16,
            "eps_4q_growth_year": -35.53,
            "roe": 3.2,
            "roe_4q": 8.49,
            "gross_profit": 96136,
            "gross_margin": 14.5,
            "gross_margin_4q_avg": 14.71,
            "net_income": 22876,
            "net_income_4q": null,
            "revenue": 663200,
            "revenue_4q": null,
            "common_shares": 293617,
            "book_valuer_per_share": 15.12,
            "book_valuer_per_share_4q_avg": 14.68,
            "equity": 730411,
            "current_ratio": 200.68,
            "debt_ratio": 47.76,
            "inventory_turnover_ratio": 0.91,
            "account_receivable_turnover_ratio": 2.06,
            "reinvestment_rate": 36.69,
            "research_to_sale_ratio": 5.35,
            "price_fair": 47.95,
            "eps_avg_yearly": 1.37,
            "eps_latest_yearly": 1.76,
            "eps_growth_yearly": 94.11
        },
        "20173": {
            "year_quarter": 20173,
            "year": 2017,
            "quarter": 3,
            "eps": 0.3,
            "eps_growth_year": -3.75,
            "eps_4q": 1.14,
            "eps_4q_growth_year": -30.93,
            "roe": 2.07,
            "roe_4q": 8.25,
            "gross_profit": 85337,
            "gross_margin": 13.88,
            "gross_margin_4q_avg": 14.33,
            "net_income": 15350,
            "net_income_4q": null,
            "revenue": 614798,
            "revenue_4q": null,
            "common_shares": 301771,
            "book_valuer_per_share": 15.49,
            "book_valuer_per_share_4q_avg": 14.89,
            "equity": 753928,
            "current_ratio": 199.16,
            "debt_ratio": 48.19,
            "inventory_turnover_ratio": 0.76,
            "account_receivable_turnover_ratio": 1.72,
            "reinvestment_rate": 38.49,
            "research_to_sale_ratio": 5.86,
            "price_fair": 49.18,
            "eps_avg_yearly": 1.41,
            "eps_latest_yearly": 1.2,
            "eps_growth_yearly": 74.79
        },
        "20174": {
            "year_quarter": 20174,
            "year": 2017,
            "quarter": 4,
            "eps": 0.26,
            "eps_growth_year": 144.01,
            "eps_4q": 1.3,
            "eps_4q_growth_year": -7.1,
            "roe": 1.74,
            "roe_4q": 9.21,
            "gross_profit": 85933,
            "gross_margin": 12.67,
            "gross_margin_4q_avg": 14.17,
            "net_income": 13255,
            "net_income_4q": null,
            "revenue": 678168,
            "revenue_4q": null,
            "common_shares": 308271,
            "book_valuer_per_share": 15.81,
            "book_valuer_per_share_4q_avg": 15.26,
            "equity": 773676,
            "current_ratio": 187.53,
            "debt_ratio": 48.94,
            "inventory_turnover_ratio": 0.81,
            "account_receivable_turnover_ratio": 1.77,
            "reinvestment_rate": 36.98,
            "research_to_sale_ratio": 5.66,
            "price_fair": 49.79,
            "eps_avg_yearly": 1.42,
            "eps_latest_yearly": 1.04,
            "eps_growth_yearly": 66.77
        },
        "20181": {
            "year_quarter": 20181,
            "year": 2018,
            "quarter": 1,
            "eps": 0.42,
            "eps_growth_year": 38.08,
            "eps_4q": 1.41,
            "eps_4q_growth_year": 3.88,
            "roe": null,
            "roe_4q": 7.01,
            "gross_profit": 86054,
            "gross_margin": 12.01,
            "gross_margin_4q_avg": 13.27,
            "net_income": 22414,
            "net_income_4q": null,
            "revenue": 716737,
            "revenue_4q": null,
            "common_shares": null,
            "book_valuer_per_share": null,
            "book_valuer_per_share_4q_avg": 11.61,
            "equity": null,
            "current_ratio": null,
            "debt_ratio": null,
            "inventory_turnover_ratio": null,
            "account_receivable_turnover_ratio": null,
            "reinvestment_rate": 21.6,
            "research_to_sale_ratio": 5.67,
            "price_fair": 51.98,
            "eps_avg_yearly": 1.49,
            "eps_latest_yearly": 1.68,
            "eps_growth_yearly": 84.79
        },
        "20182": {
            "year_quarter": 20182,
            "year": 2018,
            "quarter": 2,
            "eps": -0.02,
            "eps_growth_year": -103.57,
            "eps_4q": 0.95,
            "eps_4q_growth_year": -17.85,
            "roe": null,
            "roe_4q": 3.8099999999999996,
            "gross_profit": 105694,
            "gross_margin": 12.78,
            "gross_margin_4q_avg": 12.84,
            "net_income": 373,
            "net_income_4q": null,
            "revenue": 826983,
            "revenue_4q": null,
            "common_shares": null,
            "book_valuer_per_share": null,
            "book_valuer_per_share_4q_avg": 7.83,
            "equity": null,
            "current_ratio": null,
            "debt_ratio": null,
            "inventory_turnover_ratio": null,
            "account_receivable_turnover_ratio": null,
            "reinvestment_rate": 22.16,
            "research_to_sale_ratio": 4.78,
            "price_fair": 52.64,
            "eps_avg_yearly": 1.5,
            "eps_latest_yearly": 1.68,
            "eps_growth_yearly": 70.05
        },
        "20183": {
            "year_quarter": 20183,
            "year": 2018,
            "quarter": 3,
            "eps": 0.28,
            "eps_growth_year": -4.48,
            "eps_4q": 0.94,
            "eps_4q_growth_year": -18.18,
            "roe": null,
            "roe_4q": 1.74,
            "gross_profit": 105917,
            "gross_margin": 12.68,
            "gross_margin_4q_avg": 12.54,
            "net_income": 15312,
            "net_income_4q": null,
            "revenue": 835110,
            "revenue_4q": null,
            "common_shares": null,
            "book_valuer_per_share": null,
            "book_valuer_per_share_4q_avg": 3.95,
            "equity": null,
            "current_ratio": null,
            "debt_ratio": null,
            "inventory_turnover_ratio": null,
            "account_receivable_turnover_ratio": null,
            "reinvestment_rate": 21.52,
            "research_to_sale_ratio": 5.06,
            "price_fair": 52.9,
            "eps_avg_yearly": 1.51,
            "eps_latest_yearly": 1.68,
            "eps_growth_yearly": 70.29
        },
        "20184": {
            "year_quarter": 20184,
            "year": 2018,
            "quarter": 4,
            "eps": 0.5,
            "eps_growth_year": 96.87,
            "eps_4q": 1.18,
            "eps_4q_growth_year": -8.61,
            "roe": null,
            "roe_4q": 0,
            "gross_profit": 132329,
            "gross_margin": 13.48,
            "gross_margin_4q_avg": 12.74,
            "net_income": 27373,
            "net_income_4q": null,
            "revenue": 981662,
            "revenue_4q": null,
            "common_shares": null,
            "book_valuer_per_share": null,
            "book_valuer_per_share_4q_avg": 0,
            "equity": null,
            "current_ratio": null,
            "debt_ratio": null,
            "inventory_turnover_ratio": null,
            "account_receivable_turnover_ratio": null,
            "reinvestment_rate": 19.91,
            "research_to_sale_ratio": 4.34,
            "price_fair": 54.5,
            "eps_avg_yearly": 1.56,
            "eps_latest_yearly": 2,
            "eps_growth_yearly": 93.55
        },
        "20191": {
            "year_quarter": 20191,
            "year": 2019,
            "quarter": 1,
            "eps": 0.37,
            "eps_growth_year": -10.8,
            "eps_4q": 1.14,
            "eps_4q_growth_year": -19.22,
            "roe": null,
            "roe_4q": 0,
            "gross_profit": 123239,
            "gross_margin": 12.69,
            "gross_margin_4q_avg": 12.91,
            "net_income": 20761,
            "net_income_4q": null,
            "revenue": 971118,
            "revenue_4q": null,
            "common_shares": 336365,
            "book_valuer_per_share": 17.61,
            "book_valuer_per_share_4q_avg": 4.4,
            "equity": 875135,
            "current_ratio": 202.43,
            "debt_ratio": 49.68,
            "inventory_turnover_ratio": null,
            "account_receivable_turnover_ratio": null,
            "reinvestment_rate": 20.3,
            "research_to_sale_ratio": 4.43,
            "price_fair": 54,
            "eps_avg_yearly": 1.54,
            "eps_latest_yearly": 1.48,
            "eps_growth_yearly": 79.4
        },
        "20192": {
            "year_quarter": 20192,
            "year": 2019,
            "quarter": 2,
            "eps": 0.36,
            "eps_growth_year": null,
            "eps_4q": 1.51,
            "eps_4q_growth_year": 59.3,
            "roe": 2.26,
            "roe_4q": 2.26,
            "gross_profit": 127922,
            "gross_margin": 13.73,
            "gross_margin_4q_avg": 13.15,
            "net_income": 20014,
            "net_income_4q": null,
            "revenue": 931509,
            "revenue_4q": null,
            "common_shares": 341070,
            "book_valuer_per_share": 18.03,
            "book_valuer_per_share_4q_avg": 8.91,
            "equity": 898054,
            "current_ratio": 210.48,
            "debt_ratio": 48.27,
            "inventory_turnover_ratio": 0.97,
            "account_receivable_turnover_ratio": 1.76,
            "reinvestment_rate": 16.81,
            "research_to_sale_ratio": 4.93,
            "price_fair": 51.5,
            "eps_avg_yearly": 1.47,
            "eps_latest_yearly": 1.44,
            "eps_growth_yearly": 65.7
        },
        "20193": {
            "year_quarter": 20193,
            "year": 2019,
            "quarter": 3,
            "eps": 0.21,
            "eps_growth_year": -26.89,
            "eps_4q": 1.44,
            "eps_4q_growth_year": 53.45,
            "roe": 1.22,
            "roe_4q": 3.4799999999999995,
            "gross_profit": 112327,
            "gross_margin": 15.11,
            "gross_margin_4q_avg": 13.75,
            "net_income": 11005,
            "net_income_4q": null,
            "revenue": 743499,
            "revenue_4q": null,
            "common_shares": 345308,
            "book_valuer_per_share": 18.3,
            "book_valuer_per_share_4q_avg": 13.49,
            "equity": 912998,
            "current_ratio": 240.41,
            "debt_ratio": 43.2,
            "inventory_turnover_ratio": 0.79,
            "account_receivable_turnover_ratio": 1.65,
            "reinvestment_rate": 15.42,
            "research_to_sale_ratio": 6.03,
            "price_fair": 49.2,
            "eps_avg_yearly": 1.41,
            "eps_latest_yearly": 0.84,
            "eps_growth_yearly": 61.76
        },
        "20194": {
            "year_quarter": 20194,
            "year": 2019,
            "quarter": 4,
            "eps": 0.45,
            "eps_growth_year": -9.51,
            "eps_4q": 1.39,
            "eps_4q_growth_year": 17.4,
            "roe": 2.47,
            "roe_4q": 5.95,
            "gross_profit": 132034,
            "gross_margin": 15.46,
            "gross_margin_4q_avg": 14.25,
            "net_income": 22859,
            "net_income_4q": null,
            "revenue": 854234,
            "revenue_4q": null,
            "common_shares": 349683,
            "book_valuer_per_share": 18.84,
            "book_valuer_per_share_4q_avg": 18.2,
            "equity": 941015,
            "current_ratio": 234.63,
            "debt_ratio": 44.07,
            "inventory_turnover_ratio": 1.01,
            "account_receivable_turnover_ratio": 1.98,
            "reinvestment_rate": 13.72,
            "research_to_sale_ratio": 5.41,
            "price_fair": 50,
            "eps_avg_yearly": 1.43,
            "eps_latest_yearly": 1.8,
            "eps_growth_yearly": 98.96
        },
        "20201": {
            "year_quarter": 20201,
            "year": 2020,
            "quarter": 1,
            "eps": 0.51,
            "eps_growth_year": 37.56,
            "eps_4q": 1.53,
            "eps_4q_growth_year": 34.23,
            "roe": 2.65,
            "roe_4q": 8.6,
            "gross_profit": 130929,
            "gross_margin": 16.37,
            "gross_margin_4q_avg": 15.17,
            "net_income": 25334,
            "net_income_4q": null,
            "revenue": 799804,
            "revenue_4q": null,
            "common_shares": 354157,
            "book_valuer_per_share": 19.42,
            "book_valuer_per_share_4q_avg": 18.65,
            "equity": 971694,
            "current_ratio": 241.38,
            "debt_ratio": 42.88,
            "inventory_turnover_ratio": 0.99,
            "account_receivable_turnover_ratio": 1.72,
            "reinvestment_rate": 18.68,
            "research_to_sale_ratio": 6.2,
            "price_fair": 51.7,
            "eps_avg_yearly": 1.48,
            "eps_latest_yearly": 2.04,
            "eps_growth_yearly": 105.09
        },
        "20202": {
            "year_quarter": 20202,
            "year": 2020,
            "quarter": 2,
            "eps": 0.46,
            "eps_growth_year": 27.11,
            "eps_4q": 1.63,
            "eps_4q_growth_year": 7.44,
            "roe": 2.51,
            "roe_4q": 8.850000000000001,
            "gross_profit": 138404,
            "gross_margin": 15.89,
            "gross_margin_4q_avg": 15.71,
            "net_income": 24726,
            "net_income_4q": null,
            "revenue": 870943,
            "revenue_4q": null,
            "common_shares": 360060,
            "book_valuer_per_share": 19.79,
            "book_valuer_per_share_4q_avg": 19.09,
            "equity": 1001388,
            "current_ratio": 226.38,
            "debt_ratio": 44.58,
            "inventory_turnover_ratio": 1.05,
            "account_receivable_turnover_ratio": 1.93,
            "reinvestment_rate": 18.74,
            "research_to_sale_ratio": 6.38,
            "price_fair": 49.9,
            "eps_avg_yearly": 1.43,
            "eps_latest_yearly": 1.84,
            "eps_growth_yearly": 77.08
        },
        "20203": {
            "year_quarter": 20203,
            "year": 2020,
            "quarter": 3,
            "eps": 0.29,
            "eps_growth_year": 42.57,
            "eps_4q": 1.71,
            "eps_4q_growth_year": 19.23,
            "roe": 1.65,
            "roe_4q": 9.280000000000001,
            "gross_profit": 133360,
            "gross_margin": 17.27,
            "gross_margin_4q_avg": 16.25,
            "net_income": 16864,
            "net_income_4q": null,
            "revenue": 772408,
            "revenue_4q": null,
            "common_shares": 381125,
            "book_valuer_per_share": 20,
            "book_valuer_per_share_4q_avg": 19.51,
            "equity": 1038229,
            "current_ratio": 210.03,
            "debt_ratio": 47.04,
            "inventory_turnover_ratio": 0.81,
            "account_receivable_turnover_ratio": 1.76,
            "reinvestment_rate": 23.94,
            "research_to_sale_ratio": 6.42,
            "price_fair": 49.7,
            "eps_avg_yearly": 1.42,
            "eps_latest_yearly": 1.16,
            "eps_growth_yearly": 81.25
        },
        "20204": {
            "year_quarter": 20204,
            "year": 2020,
            "quarter": 4,
            "eps": 0.34,
            "eps_growth_year": -25,
            "eps_4q": 1.6,
            "eps_4q_growth_year": 15.16,
            "roe": 1.42,
            "roe_4q": 8.23,
            "gross_profit": 123517,
            "gross_margin": 13.78,
            "gross_margin_4q_avg": 15.83,
            "net_income": 14982,
            "net_income_4q": null,
            "revenue": 896126,
            "revenue_4q": null,
            "common_shares": 389972,
            "book_valuer_per_share": 20.33,
            "book_valuer_per_share_4q_avg": 19.89,
            "equity": 1065540,
            "current_ratio": 225.08,
            "debt_ratio": 44.46,
            "inventory_turnover_ratio": 0.9,
            "account_receivable_turnover_ratio": 1.94,
            "reinvestment_rate": 23.11,
            "research_to_sale_ratio": 7.45,
            "price_fair": 52.1,
            "eps_avg_yearly": 1.49,
            "eps_latest_yearly": 1.36,
            "eps_growth_yearly": 105.53
        },
        "20211": {
            "year_quarter": 20211,
            "year": 2021,
            "quarter": 1,
            "eps": 0.49,
            "eps_growth_year": -4.08,
            "eps_4q": 1.58,
            "eps_4q_growth_year": 3.32,
            "roe": 2.36,
            "roe_4q": 7.9399999999999995,
            "gross_profit": 129915,
            "gross_margin": 17.04,
            "gross_margin_4q_avg": 16,
            "net_income": 25271,
            "net_income_4q": null,
            "revenue": 762250,
            "revenue_4q": null,
            "common_shares": 400157,
            "book_valuer_per_share": 20.72,
            "book_valuer_per_share_4q_avg": 20.21,
            "equity": 1072573,
            "current_ratio": 250.9,
            "debt_ratio": 40.96,
            "inventory_turnover_ratio": 0.78,
            "account_receivable_turnover_ratio": 1.77,
            "reinvestment_rate": 24.96,
            "research_to_sale_ratio": 7.19,
            "price_fair": 54,
            "eps_avg_yearly": 1.54,
            "eps_latest_yearly": 1.96,
            "eps_growth_yearly": 60.99
        },
        "20212": {
            "year_quarter": 20212,
            "year": 2021,
            "quarter": 2,
            "eps": 0.52,
            "eps_growth_year": 13.31,
            "eps_4q": 1.64,
            "eps_4q_growth_year": 0.87,
            "roe": 2.73,
            "roe_4q": 8.16,
            "gross_profit": 136095,
            "gross_margin": 16.39,
            "gross_margin_4q_avg": 16.12,
            "net_income": 29149,
            "net_income_4q": null,
            "revenue": 830306,
            "revenue_4q": null,
            "common_shares": 410522,
            "book_valuer_per_share": 21.58,
            "book_valuer_per_share_4q_avg": 20.66,
            "equity": 1064047,
            "current_ratio": 229.47,
            "debt_ratio": 43.82,
            "inventory_turnover_ratio": 0.88,
            "account_receivable_turnover_ratio": 2.2,
            "reinvestment_rate": 25.34,
            "research_to_sale_ratio": 6.35,
            "price_fair": 54.8,
            "eps_avg_yearly": 1.57,
            "eps_latest_yearly": 2.08,
            "eps_growth_yearly": 49.41
        },
        "20213": {
            "year_quarter": 20213,
            "year": 2021,
            "quarter": 3,
            "eps": 0.35,
            "eps_growth_year": 17.62,
            "eps_4q": 1.69,
            "eps_4q_growth_year": -1.27,
            "roe": 1.77,
            "roe_4q": 8.28,
            "gross_profit": 123017,
            "gross_margin": 13.73,
            "gross_margin_4q_avg": 15.24,
            "net_income": 18692,
            "net_income_4q": null,
            "revenue": 895881,
            "revenue_4q": null,
            "common_shares": 425489,
            "book_valuer_per_share": 21.06,
            "book_valuer_per_share_4q_avg": 20.92,
            "equity": 1053780,
            "current_ratio": 209.67,
            "debt_ratio": 47.28,
            "inventory_turnover_ratio": 0.9,
            "account_receivable_turnover_ratio": 1.95,
            "reinvestment_rate": 28,
            "research_to_sale_ratio": 6.46,
            "price_fair": 55.3,
            "eps_avg_yearly": 1.58,
            "eps_latest_yearly": 1.4,
            "eps_growth_yearly": 49.16
        },
        "20214": {
            "year_quarter": 20214,
            "year": 2021,
            "quarter": 4,
            "eps": 0.74,
            "eps_growth_year": 117.76,
            "eps_4q": 2.09,
            "eps_4q_growth_year": 30.8,
            "roe": 3.59,
            "roe_4q": 10.45,
            "gross_profit": 145511,
            "gross_margin": 13.61,
            "gross_margin_4q_avg": 15.19,
            "net_income": 38580,
            "net_income_4q": null,
            "revenue": 1068985,
            "revenue_4q": null,
            "common_shares": 438012,
            "book_valuer_per_share": 21.67,
            "book_valuer_per_share_4q_avg": 21.26,
            "equity": 1096225,
            "current_ratio": 192.72,
            "debt_ratio": 51.1,
            "inventory_turnover_ratio": 0.95,
            "account_receivable_turnover_ratio": 1.96,
            "reinvestment_rate": 31.56,
            "research_to_sale_ratio": 5.51,
            "price_fair": 60.1,
            "eps_avg_yearly": 1.72,
            "eps_latest_yearly": 2.96,
            "eps_growth_yearly": 84.8
        },
        "20221": {
            "year_quarter": 20221,
            "year": 2022,
            "quarter": 1,
            "eps": 0.48,
            "eps_growth_year": -1.65,
            "eps_4q": 2.09,
            "eps_4q_growth_year": 32.01,
            "roe": 2.25,
            "roe_4q": 10.34,
            "gross_profit": 138139,
            "gross_margin": 13.38,
            "gross_margin_4q_avg": 14.28,
            "net_income": 25049,
            "net_income_4q": null,
            "revenue": 1032730,
            "revenue_4q": null,
            "common_shares": 448976,
            "book_valuer_per_share": 22.18,
            "book_valuer_per_share_4q_avg": 21.62,
            "equity": 1132622,
            "current_ratio": 184.93,
            "debt_ratio": 53.33,
            "inventory_turnover_ratio": 0.8,
            "account_receivable_turnover_ratio": 1.86,
            "reinvestment_rate": 35.51,
            "research_to_sale_ratio": 6.31,
            "price_fair": 60.7,
            "eps_avg_yearly": 1.73,
            "eps_latest_yearly": 1.92,
            "eps_growth_yearly": 57.18
        },
        "20222": {
            "year_quarter": 20222,
            "year": 2022,
            "quarter": 2,
            "eps": 0.78,
            "eps_growth_year": 51.73,
            "eps_4q": 2.35,
            "eps_4q_growth_year": 43.42,
            "roe": 3.6,
            "roe_4q": 11.209999999999999,
            "gross_profit": 163743,
            "gross_margin": 13.97,
            "gross_margin_4q_avg": 13.67,
            "net_income": 41693,
            "net_income_4q": null,
            "revenue": 1172419,
            "revenue_4q": null,
            "common_shares": 460990,
            "book_valuer_per_share": 23.04,
            "book_valuer_per_share_4q_avg": 21.99,
            "equity": 1186668,
            "current_ratio": 191.17,
            "debt_ratio": 55.67,
            "inventory_turnover_ratio": 0.78,
            "account_receivable_turnover_ratio": 2.02,
            "reinvestment_rate": 30.28,
            "research_to_sale_ratio": 5.58,
            "price_fair": 63.93,
            "eps_avg_yearly": 1.83,
            "eps_latest_yearly": 3.12,
            "eps_growth_yearly": 70.04
        },
        "20223": {
            "year_quarter": 20223,
            "year": 2022,
            "quarter": 3,
            "eps": 1.46,
            "eps_growth_year": 322.15,
            "eps_4q": 3.47,
            "eps_4q_growth_year": 104.94,
            "roe": 6.24,
            "roe_4q": 15.68,
            "gross_profit": 210775,
            "gross_margin": 15.55,
            "gross_margin_4q_avg": 14.13,
            "net_income": 76717,
            "net_income_4q": null,
            "revenue": 1355490,
            "revenue_4q": null,
            "common_shares": 471088,
            "book_valuer_per_share": 24.56,
            "book_valuer_per_share_4q_avg": 22.86,
            "equity": 1273743,
            "current_ratio": 179.04,
            "debt_ratio": 58.53,
            "inventory_turnover_ratio": 0.77,
            "account_receivable_turnover_ratio": 1.89,
            "reinvestment_rate": 26.97,
            "research_to_sale_ratio": 5.23,
            "price_fair": 72.71,
            "eps_avg_yearly": 2.08,
            "eps_latest_yearly": 5.84,
            "eps_growth_yearly": 87.46
        },
        "20224": {
            "year_quarter": 20224,
            "year": 2022,
            "quarter": 4,
            "eps": 2.6,
            "eps_growth_year": 249.84,
            "eps_4q": 5.32,
            "eps_4q_growth_year": 154.21,
            "roe": 10.41,
            "roe_4q": 22.5,
            "gross_profit": 287344,
            "gross_margin": 17.57,
            "gross_margin_4q_avg": 15.12,
            "net_income": 140498,
            "net_income_4q": null,
            "revenue": 1635460,
            "revenue_4q": null,
            "common_shares": 481741,
            "book_valuer_per_share": 27.25,
            "book_valuer_per_share_4q_avg": 24.26,
            "equity": 1425575,
            "current_ratio": 190.9,
            "debt_ratio": 55.52,
            "inventory_turnover_ratio": 0.86,
            "account_receivable_turnover_ratio": 1.83,
            "reinvestment_rate": 19.85,
            "research_to_sale_ratio": 4.33,
            "price_fair": 91.09,
            "eps_avg_yearly": 2.6,
            "eps_latest_yearly": 10.4,
            "eps_growth_yearly": 87.33
        },
        "20231": {
            "year_quarter": 20231,
            "year": 2023,
            "quarter": 1,
            "eps": 3.35,
            "eps_growth_year": 597.3,
            "eps_4q": 8.19,
            "eps_4q_growth_year": 292.88,
            "roe": 12.15,
            "roe_4q": 32.400000000000006,
            "gross_profit": 347535,
            "gross_margin": 18.76,
            "gross_margin_4q_avg": 16.46,
            "net_income": 185305,
            "net_income_4q": null,
            "revenue": 1852130,
            "revenue_4q": null,
            "common_shares": 497183,
            "book_valuer_per_share": 30.75,
            "book_valuer_per_share_4q_avg": 26.4,
            "equity": 1625036,
            "current_ratio": 212.8,
            "debt_ratio": 50.78,
            "inventory_turnover_ratio": 0.92,
            "account_receivable_turnover_ratio": 1.99,
            "reinvestment_rate": 15.87,
            "research_to_sale_ratio": 4.01,
            "price_fair": 117.16,
            "eps_avg_yearly": 3.35,
            "eps_latest_yearly": 13.4,
            "eps_growth_yearly": 101.04
        },
        "20232": {
            "year_quarter": 20232,
            "year": 2023,
            "quarter": 2,
            "eps": 3.14,
            "eps_growth_year": 300.42,
            "eps_4q": 10.55,
            "eps_4q_growth_year": 348.33,
            "roe": 10.31,
            "roe_4q": 39.11000000000001,
            "gross_profit": 337422,
            "gross_margin": 18.71,
            "gross_margin_4q_avg": 17.65,
            "net_income": 177518,
            "net_income_4q": null,
            "revenue": 1803195,
            "revenue_4q": null,
            "common_shares": 514559,
            "book_valuer_per_share": 34.06,
            "book_valuer_per_share_4q_avg": 29.16,
            "equity": 1818677,
            "current_ratio": 288.95,
            "debt_ratio": 40.85,
            "inventory_turnover_ratio": 0.93,
            "account_receivable_turnover_ratio": 2.02,
            "reinvestment_rate": 12.08,
            "research_to_sale_ratio": 3.92,
            "price_fair": 141.49,
            "eps_avg_yearly": 4.04,
            "eps_latest_yearly": 12.56,
            "eps_growth_yearly": 100.15
        },
        "20233": {
            "year_quarter": 20233,
            "year": 2023,
            "quarter": 3,
            "eps": 1.53,
            "eps_growth_year": 4.44,
            "eps_4q": 10.61,
            "eps_4q_growth_year": 205.99,
            "roe": 4.84,
            "roe_4q": 37.71,
            "gross_profit": 226359,
            "gross_margin": 17.64,
            "gross_margin_4q_avg": 18.17,
            "net_income": 86859,
            "net_income_4q": null,
            "revenue": 1283296,
            "revenue_4q": null,
            "common_shares": 528279,
            "book_valuer_per_share": 33.69,
            "book_valuer_per_share_4q_avg": 31.44,
            "equity": 1768407,
            "current_ratio": 248.56,
            "debt_ratio": 44.61,
            "inventory_turnover_ratio": 0.71,
            "account_receivable_turnover_ratio": 1.52,
            "reinvestment_rate": 10.75,
            "research_to_sale_ratio": 6.04,
            "price_fair": 153.04,
            "eps_avg_yearly": 4.37,
            "eps_latest_yearly": 6.12,
            "eps_growth_yearly": 97.75
        },
        "20234": {
            "year_quarter": 20234,
            "year": 2023,
            "quarter": 4,
            "eps": 3.43,
            "eps_growth_year": 32.02,
            "eps_4q": 11.44,
            "eps_4q_growth_year": 115.03,
            "roe": 10.37,
            "roe_4q": 37.67,
            "gross_profit": 371696,
            "gross_margin": 17.01,
            "gross_margin_4q_avg": 18.03,
            "net_income": 193949,
            "net_income_4q": null,
            "revenue": 2184861,
            "revenue_4q": null,
            "common_shares": 538352,
            "book_valuer_per_share": 37.28,
            "book_valuer_per_share_4q_avg": 33.95,
            "equity": 1972005,
            "current_ratio": 231.29,
            "debt_ratio": 46.34,
            "inventory_turnover_ratio": 1.21,
            "account_receivable_turnover_ratio": 2.23,
            "reinvestment_rate": 5.3,
            "research_to_sale_ratio": 3.88,
            "price_fair": 179.11,
            "eps_avg_yearly": 5.12,
            "eps_latest_yearly": 13.72,
            "eps_growth_yearly": 100.23
        },
        "20241": {
            "year_quarter": 20241,
            "year": 2024,
            "quarter": 1,
            "eps": 2.75,
            "eps_growth_year": -18.1,
            "eps_4q": 10.84,
            "eps_4q_growth_year": 32.27,
            "roe": 7.59,
            "roe_4q": 33.11,
            "gross_profit": 353691,
            "gross_margin": 16.69,
            "gross_margin_4q_avg": 17.51,
            "net_income": 157045,
            "net_income_4q": null,
            "revenue": 2119672,
            "revenue_4q": null,
            "common_shares": 574718,
            "book_valuer_per_share": 40.63,
            "book_valuer_per_share_4q_avg": 36.42,
            "equity": 2165378,
            "current_ratio": 222.51,
            "debt_ratio": 47.13,
            "inventory_turnover_ratio": 1.01,
            "account_receivable_turnover_ratio": 2.07,
            "reinvestment_rate": 4.45,
            "research_to_sale_ratio": 5.24,
            "price_fair": 198.71,
            "eps_avg_yearly": 5.68,
            "eps_latest_yearly": 11,
            "eps_growth_yearly": 91.94
        }
    },
    "months": {
        "2007-03": {
            "month": "2007-03",
            "price": "8.88",
            "revenue": 0
        },
        "2007-04": {
            "month": "2007-04",
            "price": "10.06",
            "revenue": 0
        },
        "2007-05": {
            "month": "2007-05",
            "price": "10.26",
            "revenue": 0
        },
        "2007-06": {
            "month": "2007-06",
            "price": "10.66",
            "revenue": 0
        },
        "2007-07": {
            "month": "2007-07",
            "price": "9.85",
            "revenue": 0
        },
        "2007-08": {
            "month": "2007-08",
            "price": "8.61",
            "revenue": 0
        },
        "2007-09": {
            "month": "2007-09",
            "price": "9.28",
            "revenue": 0
        },
        "2007-10": {
            "month": "2007-10",
            "price": "9.91",
            "revenue": 0
        },
        "2007-11": {
            "month": "2007-11",
            "price": "8.88",
            "revenue": 0
        },
        "2007-12": {
            "month": "2007-12",
            "price": "8.46",
            "revenue": 0
        },
        "2008-01": {
            "month": "2008-01",
            "price": "8.62",
            "revenue": 0
        },
        "2008-02": {
            "month": "2008-02",
            "price": "8.99",
            "revenue": 0
        },
        "2008-03": {
            "month": "2008-03",
            "price": "8.92",
            "revenue": 0
        },
        "2008-04": {
            "month": "2008-04",
            "price": "7.91",
            "revenue": 0
        },
        "2008-05": {
            "month": "2008-05",
            "price": "7.35",
            "revenue": 0
        },
        "2008-06": {
            "month": "2008-06",
            "price": "7.47",
            "revenue": 0
        },
        "2008-07": {
            "month": "2008-07",
            "price": "7.70",
            "revenue": 0
        },
        "2008-08": {
            "month": "2008-08",
            "price": "9.24",
            "revenue": 0
        },
        "2008-09": {
            "month": "2008-09",
            "price": "10.09",
            "revenue": 0
        },
        "2008-10": {
            "month": "2008-10",
            "price": "7.24",
            "revenue": 0
        },
        "2008-11": {
            "month": "2008-11",
            "price": "4.94",
            "revenue": 0
        },
        "2008-12": {
            "month": "2008-12",
            "price": "6.18",
            "revenue": 0
        },
        "2009-01": {
            "month": "2009-01",
            "price": "5.95",
            "revenue": 0
        },
        "2009-02": {
            "month": "2009-02",
            "price": "4.88",
            "revenue": 0
        },
        "2009-03": {
            "month": "2009-03",
            "price": "4.91",
            "revenue": 0
        },
        "2009-04": {
            "month": "2009-04",
            "price": "5.58",
            "revenue": 0
        },
        "2009-05": {
            "month": "2009-05",
            "price": "6.10",
            "revenue": 0
        },
        "2009-06": {
            "month": "2009-06",
            "price": "7.59",
            "revenue": 0
        },
        "2009-07": {
            "month": "2009-07",
            "price": "7.74",
            "revenue": 0
        },
        "2009-08": {
            "month": "2009-08",
            "price": "7.76",
            "revenue": 0
        },
        "2009-09": {
            "month": "2009-09",
            "price": "8.45",
            "revenue": 0
        },
        "2009-10": {
            "month": "2009-10",
            "price": "8.34",
            "revenue": 0
        },
        "2009-11": {
            "month": "2009-11",
            "price": "9.34",
            "revenue": 0
        },
        "2009-12": {
            "month": "2009-12",
            "price": "10.95",
            "revenue": 0
        },
        "2010-01": {
            "month": "2010-01",
            "price": "12.11",
            "revenue": 0
        },
        "2010-02": {
            "month": "2010-02",
            "price": "13.62",
            "revenue": 0
        },
        "2010-03": {
            "month": "2010-03",
            "price": "16.70",
            "revenue": 0
        },
        "2010-04": {
            "month": "2010-04",
            "price": "17.43",
            "revenue": 0
        },
        "2010-05": {
            "month": "2010-05",
            "price": "13.48",
            "revenue": 0
        },
        "2010-06": {
            "month": "2010-06",
            "price": "13.47",
            "revenue": 0
        },
        "2010-07": {
            "month": "2010-07",
            "price": "14.19",
            "revenue": 0
        },
        "2010-08": {
            "month": "2010-08",
            "price": "9.68",
            "revenue": 0
        },
        "2010-09": {
            "month": "2010-09",
            "price": "9.81",
            "revenue": 0
        },
        "2010-10": {
            "month": "2010-10",
            "price": "10.97",
            "revenue": 0
        },
        "2010-11": {
            "month": "2010-11",
            "price": "10.77",
            "revenue": 0
        },
        "2010-12": {
            "month": "2010-12",
            "price": "11.50",
            "revenue": 0
        },
        "2011-01": {
            "month": "2011-01",
            "price": "12.65",
            "revenue": 0
        },
        "2011-02": {
            "month": "2011-02",
            "price": "15.20",
            "revenue": 0
        },
        "2011-03": {
            "month": "2011-03",
            "price": "15.18",
            "revenue": 0
        },
        "2011-04": {
            "month": "2011-04",
            "price": "16.45",
            "revenue": 0
        },
        "2011-05": {
            "month": "2011-05",
            "price": "16.50",
            "revenue": 0
        },
        "2011-06": {
            "month": "2011-06",
            "price": "16.01",
            "revenue": 0
        },
        "2011-07": {
            "month": "2011-07",
            "price": "15.42",
            "revenue": 0
        },
        "2011-08": {
            "month": "2011-08",
            "price": "13.48",
            "revenue": 0
        },
        "2011-09": {
            "month": "2011-09",
            "price": "12.95",
            "revenue": 0
        },
        "2011-10": {
            "month": "2011-10",
            "price": "14.66",
            "revenue": 0
        },
        "2011-11": {
            "month": "2011-11",
            "price": "14.82",
            "revenue": 0
        },
        "2011-12": {
            "month": "2011-12",
            "price": "14.96",
            "revenue": 0
        },
        "2012-01": {
            "month": "2012-01",
            "price": "16.64",
            "revenue": 0
        },
        "2012-02": {
            "month": "2012-02",
            "price": "17.29",
            "revenue": 0
        },
        "2012-03": {
            "month": "2012-03",
            "price": "16.93",
            "revenue": 0
        },
        "2012-04": {
            "month": "2012-04",
            "price": "17.39",
            "revenue": 0
        },
        "2012-05": {
            "month": "2012-05",
            "price": "16.52",
            "revenue": 0
        },
        "2012-06": {
            "month": "2012-06",
            "price": "15.27",
            "revenue": 0
        },
        "2012-07": {
            "month": "2012-07",
            "price": "14.13",
            "revenue": 0
        },
        "2012-08": {
            "month": "2012-08",
            "price": "12.20",
            "revenue": 0
        },
        "2012-09": {
            "month": "2012-09",
            "price": "12.72",
            "revenue": 0
        },
        "2012-10": {
            "month": "2012-10",
            "price": "9.55",
            "revenue": 0
        },
        "2012-11": {
            "month": "2012-11",
            "price": "8.36",
            "revenue": 0
        },
        "2012-12": {
            "month": "2012-12",
            "price": "9.54",
            "revenue": 0
        },
        "2013-01": {
            "month": "2013-01",
            "price": "10.96",
            "revenue": 0
        },
        "2013-02": {
            "month": "2013-02",
            "price": "12.30",
            "revenue": 0
        },
        "2013-03": {
            "month": "2013-03",
            "price": "11.65",
            "revenue": 0
        },
        "2013-04": {
            "month": "2013-04",
            "price": "10.07",
            "revenue": 0
        },
        "2013-05": {
            "month": "2013-05",
            "price": "10.19",
            "revenue": 0
        },
        "2013-06": {
            "month": "2013-06",
            "price": "10.77",
            "revenue": 0
        },
        "2013-07": {
            "month": "2013-07",
            "price": "11.73",
            "revenue": 0
        },
        "2013-08": {
            "month": "2013-08",
            "price": "12.81",
            "revenue": 0
        },
        "2013-09": {
            "month": "2013-09",
            "price": "13.35",
            "revenue": 0
        },
        "2013-10": {
            "month": "2013-10",
            "price": "13.95",
            "revenue": 0
        },
        "2013-11": {
            "month": "2013-11",
            "price": "14.68",
            "revenue": 0
        },
        "2013-12": {
            "month": "2013-12",
            "price": "16.75",
            "revenue": 0
        },
        "2014-01": {
            "month": "2014-01",
            "price": "18.79",
            "revenue": 0
        },
        "2014-02": {
            "month": "2014-02",
            "price": "21.14",
            "revenue": 0
        },
        "2014-03": {
            "month": "2014-03",
            "price": "18.87",
            "revenue": 0
        },
        "2014-04": {
            "month": "2014-04",
            "price": "18.33",
            "revenue": 0
        },
        "2014-05": {
            "month": "2014-05",
            "price": "19.91",
            "revenue": 0
        },
        "2014-06": {
            "month": "2014-06",
            "price": "23.87",
            "revenue": 0
        },
        "2014-07": {
            "month": "2014-07",
            "price": "25.37",
            "revenue": 0
        },
        "2014-08": {
            "month": "2014-08",
            "price": "25.18",
            "revenue": 0
        },
        "2014-09": {
            "month": "2014-09",
            "price": "27.25",
            "revenue": 0
        },
        "2014-10": {
            "month": "2014-10",
            "price": "27.05",
            "revenue": 0
        },
        "2014-11": {
            "month": "2014-11",
            "price": "33.56",
            "revenue": 0
        },
        "2014-12": {
            "month": "2014-12",
            "price": "33.53",
            "revenue": 0
        },
        "2015-01": {
            "month": "2015-01",
            "price": "35.23",
            "revenue": 0
        },
        "2015-02": {
            "month": "2015-02",
            "price": "38.71",
            "revenue": 0
        },
        "2015-03": {
            "month": "2015-03",
            "price": "36.56",
            "revenue": 0
        },
        "2015-04": {
            "month": "2015-04",
            "price": "33.61",
            "revenue": 0
        },
        "2015-05": {
            "month": "2015-05",
            "price": "32.04",
            "revenue": 0
        },
        "2015-06": {
            "month": "2015-06",
            "price": "33.03",
            "revenue": 0
        },
        "2015-07": {
            "month": "2015-07",
            "price": "26.20",
            "revenue": 0
        },
        "2015-08": {
            "month": "2015-08",
            "price": "26.57",
            "revenue": 0
        },
        "2015-09": {
            "month": "2015-09",
            "price": "27.03",
            "revenue": 0
        },
        "2015-10": {
            "month": "2015-10",
            "price": "27.54",
            "revenue": 0
        },
        "2015-11": {
            "month": "2015-11",
            "price": "26.42",
            "revenue": 0
        },
        "2015-12": {
            "month": "2015-12",
            "price": "24.41",
            "revenue": 0
        },
        "2016-01": {
            "month": "2016-01",
            "price": "24.95",
            "revenue": 0
        },
        "2016-02": {
            "month": "2016-02",
            "price": "31.60",
            "revenue": 0
        },
        "2016-03": {
            "month": "2016-03",
            "price": "32.69",
            "revenue": 0
        },
        "2016-04": {
            "month": "2016-04",
            "price": "30.68",
            "revenue": 0
        },
        "2016-05": {
            "month": "2016-05",
            "price": "25.90",
            "revenue": 0
        },
        "2016-06": {
            "month": "2016-06",
            "price": "25.82",
            "revenue": 0
        },
        "2016-07": {
            "month": "2016-07",
            "price": "23.11",
            "revenue": 0
        },
        "2016-08": {
            "month": "2016-08",
            "price": "21.46",
            "revenue": 0
        },
        "2016-09": {
            "month": "2016-09",
            "price": "22.30",
            "revenue": 0
        },
        "2016-10": {
            "month": "2016-10",
            "price": "22.38",
            "revenue": 0
        },
        "2016-11": {
            "month": "2016-11",
            "price": "24.92",
            "revenue": 0
        },
        "2016-12": {
            "month": "2016-12",
            "price": "28.23",
            "revenue": 0
        },
        "2017-01": {
            "month": "2017-01",
            "price": "27.80",
            "revenue": 0
        },
        "2017-02": {
            "month": "2017-02",
            "price": "26.51",
            "revenue": 0
        },
        "2017-03": {
            "month": "2017-03",
            "price": "25.30",
            "revenue": 0
        },
        "2017-04": {
            "month": "2017-04",
            "price": "24.69",
            "revenue": 0
        },
        "2017-05": {
            "month": "2017-05",
            "price": "24.12",
            "revenue": 0
        },
        "2017-06": {
            "month": "2017-06",
            "price": "24.51",
            "revenue": 0
        },
        "2017-07": {
            "month": "2017-07",
            "price": "25.83",
            "revenue": 0
        },
        "2017-08": {
            "month": "2017-08",
            "price": "26.94",
            "revenue": 0
        },
        "2017-09": {
            "month": "2017-09",
            "price": "23.66",
            "revenue": 0
        },
        "2017-10": {
            "month": "2017-10",
            "price": "22.14",
            "revenue": 0
        },
        "2017-11": {
            "month": "2017-11",
            "price": "20.64",
            "revenue": 0
        },
        "2017-12": {
            "month": "2017-12",
            "price": "21.58",
            "revenue": 0
        },
        "2018-01": {
            "month": "2018-01",
            "price": "22.32",
            "revenue": 0
        },
        "2018-02": {
            "month": "2018-02",
            "price": "19.15",
            "revenue": 0
        },
        "2018-03": {
            "month": "2018-03",
            "price": "18.54",
            "revenue": 0
        },
        "2018-04": {
            "month": "2018-04",
            "price": "17.32",
            "revenue": 0
        },
        "2018-05": {
            "month": "2018-05",
            "price": "22.90",
            "revenue": 0
        },
        "2018-06": {
            "month": "2018-06",
            "price": "25.21",
            "revenue": 0
        },
        "2018-07": {
            "month": "2018-07",
            "price": "23.73",
            "revenue": 0
        },
        "2018-08": {
            "month": "2018-08",
            "price": "18.44",
            "revenue": 0
        },
        "2018-09": {
            "month": "2018-09",
            "price": "15.65",
            "revenue": 0
        },
        "2018-10": {
            "month": "2018-10",
            "price": "15.65",
            "revenue": 0
        },
        "2018-11": {
            "month": "2018-11",
            "price": "15.65",
            "revenue": 0
        },
        "2018-12": {
            "month": "2018-12",
            "price": "15.65",
            "revenue": 0
        },
        "2019-01": {
            "month": "2019-01",
            "price": "15.65",
            "revenue": 0
        },
        "2019-02": {
            "month": "2019-02",
            "price": "15.65",
            "revenue": 0
        },
        "2019-03": {
            "month": "2019-03",
            "price": "15.65",
            "revenue": 0
        },
        "2019-04": {
            "month": "2019-04",
            "price": "15.65",
            "revenue": 0
        },
        "2019-05": {
            "month": "2019-05",
            "price": "15.65",
            "revenue": 0
        },
        "2019-06": {
            "month": "2019-06",
            "price": "15.65",
            "revenue": 0
        },
        "2019-07": {
            "month": "2019-07",
            "price": "15.65",
            "revenue": 0
        },
        "2019-08": {
            "month": "2019-08",
            "price": "15.65",
            "revenue": 0
        },
        "2019-09": {
            "month": "2019-09",
            "price": "15.65",
            "revenue": 0
        },
        "2019-10": {
            "month": "2019-10",
            "price": "15.65",
            "revenue": 0
        },
        "2019-11": {
            "month": "2019-11",
            "price": "15.65",
            "revenue": 0
        },
        "2019-12": {
            "month": "2019-12",
            "price": "15.65",
            "revenue": 0
        },
        "2020-01": {
            "month": "2020-01",
            "price": "23.61",
            "revenue": 0
        },
        "2020-02": {
            "month": "2020-02",
            "price": "27.82",
            "revenue": 0
        },
        "2020-03": {
            "month": "2020-03",
            "price": "21.49",
            "revenue": 0
        },
        "2020-04": {
            "month": "2020-04",
            "price": "21.50",
            "revenue": 0
        },
        "2020-05": {
            "month": "2020-05",
            "price": "24.18",
            "revenue": 0
        },
        "2020-06": {
            "month": "2020-06",
            "price": "29.56",
            "revenue": 0
        },
        "2020-07": {
            "month": "2020-07",
            "price": "28.15",
            "revenue": 0
        },
        "2020-08": {
            "month": "2020-08",
            "price": "27.65",
            "revenue": 0
        },
        "2020-09": {
            "month": "2020-09",
            "price": "26.12",
            "revenue": 0
        },
        "2020-10": {
            "month": "2020-10",
            "price": "26.06",
            "revenue": 0
        },
        "2020-11": {
            "month": "2020-11",
            "price": "28.37",
            "revenue": 0
        },
        "2020-12": {
            "month": "2020-12",
            "price": "30.18",
            "revenue": 0
        },
        "2021-01": {
            "month": "2021-01",
            "price": "32.52",
            "revenue": 0
        },
        "2021-02": {
            "month": "2021-02",
            "price": "32.57",
            "revenue": 0
        },
        "2021-03": {
            "month": "2021-03",
            "price": "36.45",
            "revenue": 0
        },
        "2021-04": {
            "month": "2021-04",
            "price": "38.87",
            "revenue": 0
        },
        "2021-05": {
            "month": "2021-05",
            "price": "35.69",
            "revenue": 0
        },
        "2021-06": {
            "month": "2021-06",
            "price": "35.75",
            "revenue": 0
        },
        "2021-07": {
            "month": "2021-07",
            "price": "34.93",
            "revenue": 0
        },
        "2021-08": {
            "month": "2021-08",
            "price": "36.86",
            "revenue": 0
        },
        "2021-09": {
            "month": "2021-09",
            "price": "36.99",
            "revenue": 0
        },
        "2021-10": {
            "month": "2021-10",
            "price": "35.97",
            "revenue": 0
        },
        "2021-11": {
            "month": "2021-11",
            "price": "42.56",
            "revenue": 0
        },
        "2021-12": {
            "month": "2021-12",
            "price": "42.95",
            "revenue": 0
        },
        "2022-01": {
            "month": "2022-01",
            "price": "43.13",
            "revenue": 0
        },
        "2022-02": {
            "month": "2022-02",
            "price": "39.33",
            "revenue": 0
        },
        "2022-03": {
            "month": "2022-03",
            "price": "41.55",
            "revenue": 0
        },
        "2022-04": {
            "month": "2022-04",
            "price": "39.12",
            "revenue": 0
        },
        "2022-05": {
            "month": "2022-05",
            "price": "50.15",
            "revenue": 0
        },
        "2022-06": {
            "month": "2022-06",
            "price": "47.25",
            "revenue": 0
        },
        "2022-07": {
            "month": "2022-07",
            "price": "45.01",
            "revenue": 0
        },
        "2022-08": {
            "month": "2022-08",
            "price": "64.83",
            "revenue": 0
        },
        "2022-09": {
            "month": "2022-09",
            "price": "59.71",
            "revenue": 0
        },
        "2022-10": {
            "month": "2022-10",
            "price": "60.26",
            "revenue": 0
        },
        "2022-11": {
            "month": "2022-11",
            "price": "83.84",
            "revenue": 0
        },
        "2022-12": {
            "month": "2022-12",
            "price": "84.30",
            "revenue": 0
        },
        "2023-01": {
            "month": "2023-01",
            "price": "78.07",
            "revenue": 0
        },
        "2023-02": {
            "month": "2023-02",
            "price": "89.68",
            "revenue": 0
        },
        "2023-03": {
            "month": "2023-03",
            "price": "101.23",
            "revenue": 0
        },
        "2023-04": {
            "month": "2023-04",
            "price": "105.78",
            "revenue": 0
        },
        "2023-05": {
            "month": "2023-05",
            "price": "156.20",
            "revenue": 0
        },
        "2023-06": {
            "month": "2023-06",
            "price": "235.22",
            "revenue": 0
        },
        "2023-07": {
            "month": "2023-07",
            "price": "294.60",
            "revenue": 0
        },
        "2023-08": {
            "month": "2023-08",
            "price": "280.63",
            "revenue": 0
        },
        "2023-09": {
            "month": "2023-09",
            "price": "261.11",
            "revenue": 0
        },
        "2023-10": {
            "month": "2023-10",
            "price": "273.70",
            "revenue": 0
        },
        "2023-11": {
            "month": "2023-11",
            "price": "274.52",
            "revenue": 0
        },
        "2023-12": {
            "month": "2023-12",
            "price": "283.79",
            "revenue": 0
        }
    }
}
