{
    "summary": {
        "stock_name": "Synopsys Inc",
        "stock_id": "SNPS",
        "category": "Computer and Technology",
        "main_business": "Synopsys, Inc.於1986年在北卡羅來納州註冊成立，1987年在特拉華州重新註冊成立。公司提供的產品和服務涵蓋了從矽到軟體的整個範圍，從製造先進半導體的工程師到尋求確保程式碼安全性和質量的軟體開發人員。公司是全球領先的電子設計自動化（EDA）軟體的供應商，工程師使用軟體設計和測試積體電路（IC），也稱為晶片。公司還提供半導體智慧財產權（IP）產品，這些產品是預先設計的電路，工程師將其用作大型晶片設計的元件，而不是自行設計這些電路。公司提供軟體和硬體，用於驗證整合晶片的電子系統和執行在晶片上的軟體。為了補充這些產品，公司提供技術服務和支援，幫助客戶開發先進的晶片和電子系統。",
        "website_url": "https://www.synopsys.com/",
        "ceo": "Aart J. de Geus",
        "pe_ratio": 71,
        "report_year_from": 1996,
        "report_year_to": 2023,
        "age": 28,
        "eps_negative_percentage": 4,
        "eps_growth_avg": {
            "last_all": 11.21,
            "last_2y": 25.05,
            "last_4y": 19.32,
            "last_8y": 17.73,
            "last_12y": 17.27,
            "last_16y": 22.49,
            "last_20y": 16.33,
            "at_2006_last_3y": -18.59,
            "at_2007_last_3y": -18.59,
            "at_2008_last_3y": 25.88,
            "at_2009_last_3y": 53.7,
            "at_2010_last_3y": 39.48,
            "at_2011_last_3y": 16.73,
            "at_2012_last_3y": 19.88,
            "at_2013_last_3y": 13.74,
            "at_2014_last_3y": 16.21,
            "at_2015_last_3y": 12.54,
            "at_2016_last_3y": -5.35,
            "at_2017_last_3y": -7.57,
            "at_2018_last_3y": 15.75,
            "at_2019_last_3y": 16.33,
            "at_2020_last_3y": 17.86,
            "at_2021_last_3y": 31.75,
            "at_2022_last_3y": 19.05,
            "at_2023_last_3y": 24.99,
            "at_2024_last_3y": 24.99,
            "at_2006_last_all": -36.75,
            "at_2007_last_all": -9.4,
            "at_2008_last_all": 5.11,
            "at_2009_last_all": 2.01,
            "at_2010_last_all": 1.36,
            "at_2011_last_all": 2.22,
            "at_2012_last_all": 11.02,
            "at_2013_last_all": 6.28,
            "at_2014_last_all": 6.31,
            "at_2015_last_all": 5.39,
            "at_2016_last_all": 6.34,
            "at_2017_last_all": 2.58,
            "at_2018_last_all": 8.67,
            "at_2019_last_all": 7.97,
            "at_2020_last_all": 8.9,
            "at_2021_last_all": 8.72,
            "at_2022_last_all": 10.75,
            "at_2023_last_all": 11.21,
            "at_2024_last_all": 11.21
        },
        "latest_eps": 8.2,
        "latest_price": 580.9,
        "latest_roe": 20.26,
        "latest_gross_margin": 79.22,
        "latest_equity": 6147308,
        "latest_revenue": 1599128,
        "latest_gross_profit": 1266785,
        "latest_net_income": 346495,
        "latest_debt_ratio": 40.51,
        "latest_current_ratio": 114.91,
        "latest_account_receivable_turnover_ratio": 1.41,
        "latest_inventory_turnover_ratio": 1.09,
        "latest_reinvestment_rate": 5.83,
        "latest_research_to_sale_ratio": 30.55
    },
    "eps_dividends": {
        "2001": {
            "cash": 0,
            "stock": 0,
            "eps": 0.57
        },
        "2002": {
            "cash": 0,
            "stock": 0,
            "eps": 0.05
        },
        "2003": {
            "cash": 0,
            "stock": 0,
            "eps": 1.04
        },
        "2004": {
            "cash": 0,
            "stock": 0,
            "eps": 0.46
        },
        "2005": {
            "cash": 0,
            "stock": 0,
            "eps": -0.07
        },
        "2006": {
            "cash": 0,
            "stock": 0,
            "eps": 0.18
        },
        "2007": {
            "cash": 0,
            "stock": 0,
            "eps": 0.85
        },
        "2008": {
            "cash": 0,
            "stock": 0,
            "eps": 1.51
        },
        "2009": {
            "cash": 0,
            "stock": 0,
            "eps": 1.26
        },
        "2010": {
            "cash": 0,
            "stock": 0,
            "eps": 1.22
        },
        "2011": {
            "cash": 0,
            "stock": 0,
            "eps": 1.33
        },
        "2012": {
            "cash": 0,
            "stock": 0,
            "eps": 2.53
        },
        "2013": {
            "cash": 0,
            "stock": 0,
            "eps": 1.49
        },
        "2014": {
            "cash": 0,
            "stock": 0,
            "eps": 1.59
        },
        "2015": {
            "cash": 0,
            "stock": 0,
            "eps": 1.5
        },
        "2016": {
            "cash": 0,
            "stock": 0,
            "eps": 1.78
        },
        "2017": {
            "cash": 0,
            "stock": 0,
            "eps": 0.89
        },
        "2018": {
            "cash": 0,
            "stock": 0,
            "eps": 3.59
        },
        "2019": {
            "cash": 0,
            "stock": 0,
            "eps": 3.47
        },
        "2020": {
            "cash": 0,
            "stock": 0,
            "eps": 4.33
        },
        "2021": {
            "cash": 0,
            "stock": 0,
            "eps": 4.57
        },
        "2022": {
            "cash": 0,
            "stock": 0,
            "eps": 6.82
        },
        "2023": {
            "cash": 0,
            "stock": 0,
            "eps": 8.21
        }
    },
    "dividends": [],
    "prices": {
        "200101": "25.54",
        "200102": "26.19",
        "200103": "25.55",
        "200104": "25.15",
        "200105": "28.85",
        "200106": "27.44",
        "200107": "24.26",
        "200108": "25.58",
        "200109": "20.62",
        "200110": "22.43",
        "200111": "26.10",
        "200112": "28.29",
        "200201": "27.70",
        "200202": "24.63",
        "200203": "26.36",
        "200204": "24.74",
        "200205": "24.77",
        "200206": "26.04",
        "200207": "23.10",
        "200208": "21.33",
        "200209": "21.29",
        "200210": "18.20",
        "200211": "23.99",
        "200212": "22.94",
        "200301": "20.51",
        "200302": "19.47",
        "200303": "21.36",
        "200304": "23.20",
        "200305": "26.72",
        "200306": "31.05",
        "200307": "31.22",
        "200308": "32.79",
        "200309": "32.98",
        "200310": "29.86",
        "200311": "30.25",
        "200312": "32.94",
        "200401": "36.04",
        "200402": "34.30",
        "200403": "28.81",
        "200404": "28.90",
        "200405": "27.38",
        "200406": "29.60",
        "200407": "25.66",
        "200408": "18.45",
        "200409": "16.26",
        "200410": "16.21",
        "200411": "17.28",
        "200412": "18.55",
        "200501": "17.59",
        "200502": "17.90",
        "200503": "18.13",
        "200504": "17.07",
        "200505": "17.43",
        "200506": "17.77",
        "200507": "17.76",
        "200508": "18.05",
        "200509": "18.68",
        "200510": "18.68",
        "200511": "19.20",
        "200512": "20.58",
        "200601": "21.15",
        "200602": "22.33",
        "200603": "22.00",
        "200604": "21.68",
        "200605": "20.94",
        "200606": "19.10",
        "200607": "17.94",
        "200608": "18.16",
        "200609": "19.35",
        "200610": "21.28",
        "200611": "22.77",
        "200612": "26.46",
        "200701": "26.68",
        "200702": "26.26",
        "200703": "26.01",
        "200704": "27.24",
        "200705": "27.67",
        "200706": "26.97",
        "200707": "26.49",
        "200708": "25.20",
        "200709": "26.53",
        "200710": "27.77",
        "200711": "24.89",
        "200712": "25.83",
        "200801": "23.65",
        "200802": "23.14",
        "200803": "22.55",
        "200804": "22.88",
        "200805": "24.68",
        "200806": "24.96",
        "200807": "24.05",
        "200808": "23.33",
        "200809": "20.48",
        "200810": "17.67",
        "200811": "16.59",
        "200812": "17.40",
        "200901": "18.94",
        "200902": "19.20",
        "200903": "19.16",
        "200904": "21.21",
        "200905": "20.63",
        "200906": "19.35",
        "200907": "19.29",
        "200908": "20.51",
        "200909": "22.20",
        "200910": "22.79",
        "200911": "22.94",
        "200912": "21.48",
        "201001": "21.93",
        "201002": "21.49",
        "201003": "22.53",
        "201004": "23.02",
        "201005": "21.82",
        "201006": "21.73",
        "201007": "21.52",
        "201008": "22.58",
        "201009": "24.19",
        "201010": "25.14",
        "201011": "25.41",
        "201012": "26.82",
        "201101": "26.77",
        "201102": "28.29",
        "201103": "27.26",
        "201104": "27.11",
        "201105": "27.14",
        "201106": "25.69",
        "201107": "24.97",
        "201108": "23.64",
        "201109": "25.04",
        "201110": "25.97",
        "201111": "27.05",
        "201112": "27.23",
        "201201": "28.19",
        "201202": "30.21",
        "201203": "30.25",
        "201204": "29.98",
        "201205": "29.20",
        "201206": "28.79",
        "201207": "30.14",
        "201208": "31.56",
        "201209": "33.62",
        "201210": "32.39",
        "201211": "32.24",
        "201212": "32.32",
        "201301": "32.42",
        "201302": "34.58",
        "201303": "35.19",
        "201304": "34.79",
        "201305": "35.68",
        "201306": "36.15",
        "201307": "36.81",
        "201308": "37.10",
        "201309": "37.25",
        "201310": "37.24",
        "201311": "36.34",
        "201312": "38.66",
        "201401": "40.62",
        "201402": "40.05",
        "201403": "39.70",
        "201404": "37.53",
        "201405": "38.10",
        "201406": "38.81",
        "201407": "38.92",
        "201408": "39.29",
        "201409": "40.76",
        "201410": "39.10",
        "201411": "42.12",
        "201412": "43.54",
        "201501": "42.81",
        "201502": "45.22",
        "201503": "46.16",
        "201504": "47.26",
        "201505": "48.47",
        "201506": "50.23",
        "201507": "50.38",
        "201508": "49.69",
        "201509": "47.17",
        "201510": "48.41",
        "201511": "50.75",
        "201512": "46.14",
        "201601": "42.09",
        "201602": "43.07",
        "201603": "46.86",
        "201604": "48.50",
        "201605": "49.13",
        "201606": "52.65",
        "201607": "54.36",
        "201608": "56.84",
        "201609": "59.04",
        "201610": "59.32",
        "201611": "59.93",
        "201612": "59.26",
        "201701": "61.10",
        "201702": "67.69",
        "201703": "71.35",
        "201704": "72.17",
        "201705": "73.72",
        "201706": "74.61",
        "201707": "75.06",
        "201708": "77.69",
        "201709": "79.98",
        "201710": "83.94",
        "201711": "88.09",
        "201712": "87.69",
        "201801": "90.59",
        "201802": "86.73",
        "201803": "86.13",
        "201804": "83.59",
        "201805": "88.74",
        "201806": "89.06",
        "201807": "90.38",
        "201808": "95.53",
        "201809": "100.53",
        "201810": "90.24",
        "201811": "89.62",
        "201812": "86.29",
        "201901": "88.64",
        "201902": "100.55",
        "201903": "108.24",
        "201904": "117.83",
        "201905": "118.51",
        "201906": "124.81",
        "201907": "135.74",
        "201908": "132.05",
        "201909": "138.10",
        "201910": "136.68",
        "201911": "138.31",
        "201912": "136.64",
        "202001": "148.92",
        "202002": "152.94",
        "202003": "126.59",
        "202004": "144.73",
        "202005": "162.23",
        "202006": "187.00",
        "202007": "197.78",
        "202008": "205.49",
        "202009": "207.76",
        "202010": "222.03",
        "202011": "224.21",
        "202012": "245.08",
        "202101": "261.44",
        "202102": "269.64",
        "202103": "234.81",
        "202104": "255.50",
        "202105": "241.38",
        "202106": "263.45",
        "202107": "280.22",
        "202108": "305.14",
        "202109": "325.24",
        "202110": "307.85",
        "202111": "344.72",
        "202112": "358.13",
        "202201": "320.56",
        "202202": "304.21",
        "202203": "311.37",
        "202204": "306.78",
        "202205": "288.48",
        "202206": "309.94",
        "202207": "324.84",
        "202208": "368.07",
        "202209": "319.37",
        "202210": "296.38",
        "202211": "314.19",
        "202212": "328.45",
        "202301": "337.16",
        "202302": "363.20",
        "202303": "369.86",
        "202304": "377.19",
        "202305": "392.04",
        "202306": "437.21",
        "202307": "447.65",
        "202308": "439.37",
        "202309": "456.72",
        "202310": "473.25",
        "202311": "522.30",
        "202312": "541.72"
    },
    "quarters": {
        "20011": {
            "year_quarter": 20011,
            "year": 2001,
            "quarter": 1,
            "eps": 0.1,
            "eps_growth_year": -69.18,
            "eps_4q": 0.55,
            "eps_4q_growth_year": -42.32,
            "roe": 1.51,
            "roe_4q": 1.51,
            "gross_profit": 125099,
            "gross_margin": 79.6,
            "gross_margin_4q_avg": 79.6,
            "net_income": 9465,
            "net_income_4q": null,
            "revenue": 157154,
            "revenue_4q": null,
            "common_shares": 608,
            "book_valuer_per_share": 4.29,
            "book_valuer_per_share_4q_avg": 4.29,
            "equity": 569017,
            "current_ratio": 158.24,
            "debt_ratio": 40.46,
            "inventory_turnover_ratio": null,
            "account_receivable_turnover_ratio": 1.08,
            "reinvestment_rate": 50.65,
            "research_to_sale_ratio": 29.41,
            "price_fair": 0,
            "eps_avg_yearly": 0,
            "eps_latest_yearly": 0,
            "eps_growth_yearly": 0
        },
        "20012": {
            "year_quarter": 20012,
            "year": 2001,
            "quarter": 2,
            "eps": 0.13,
            "eps_growth_year": -51.36,
            "eps_4q": 0.42,
            "eps_4q_growth_year": -52.88,
            "roe": 2.24,
            "roe_4q": 3.75,
            "gross_profit": 132568,
            "gross_margin": 81.07,
            "gross_margin_4q_avg": 80.34,
            "net_income": 12490,
            "net_income_4q": null,
            "revenue": 163524,
            "revenue_4q": null,
            "common_shares": 607,
            "book_valuer_per_share": 4.14,
            "book_valuer_per_share_4q_avg": 4.22,
            "equity": 548169,
            "current_ratio": 153.06,
            "debt_ratio": 44.2,
            "inventory_turnover_ratio": null,
            "account_receivable_turnover_ratio": 1.18,
            "reinvestment_rate": 32.8,
            "research_to_sale_ratio": 29.13,
            "price_fair": 0,
            "eps_avg_yearly": 0,
            "eps_latest_yearly": 0,
            "eps_growth_yearly": 0
        },
        "20013": {
            "year_quarter": 20013,
            "year": 2001,
            "quarter": 3,
            "eps": 0.14,
            "eps_growth_year": -55.75,
            "eps_4q": 0.24,
            "eps_4q_growth_year": -71.41,
            "roe": 2.87,
            "roe_4q": 6.62,
            "gross_profit": 143390,
            "gross_margin": 81.42,
            "gross_margin_4q_avg": 80.7,
            "net_income": 14450,
            "net_income_4q": null,
            "revenue": 176110,
            "revenue_4q": null,
            "common_shares": 590,
            "book_valuer_per_share": 3.55,
            "book_valuer_per_share_4q_avg": 3.99,
            "equity": 460076,
            "current_ratio": 131.84,
            "debt_ratio": 48.54,
            "inventory_turnover_ratio": null,
            "account_receivable_turnover_ratio": 1.33,
            "reinvestment_rate": 35.95,
            "research_to_sale_ratio": 28.04,
            "price_fair": 0,
            "eps_avg_yearly": 0,
            "eps_latest_yearly": 0,
            "eps_growth_yearly": 0
        },
        "20014": {
            "year_quarter": 20014,
            "year": 2001,
            "quarter": 4,
            "eps": 0.2,
            "eps_growth_year": null,
            "eps_4q": 0.57,
            "eps_4q_growth_year": -26.8,
            "roe": 4.31,
            "roe_4q": 10.93,
            "gross_profit": 149171,
            "gross_margin": 81.26,
            "gross_margin_4q_avg": 80.84,
            "net_income": 20397,
            "net_income_4q": null,
            "revenue": 183562,
            "revenue_4q": null,
            "common_shares": 595,
            "book_valuer_per_share": 3.76,
            "book_valuer_per_share_4q_avg": 3.94,
            "equity": 485656,
            "current_ratio": 147.53,
            "debt_ratio": 56.98,
            "inventory_turnover_ratio": null,
            "account_receivable_turnover_ratio": 1.32,
            "reinvestment_rate": 26.88,
            "research_to_sale_ratio": 25.38,
            "price_fair": 0,
            "eps_avg_yearly": 0,
            "eps_latest_yearly": 0,
            "eps_growth_yearly": 0
        },
        "20021": {
            "year_quarter": 20021,
            "year": 2002,
            "quarter": 1,
            "eps": 0.14,
            "eps_growth_year": 32.12,
            "eps_4q": 0.61,
            "eps_4q_growth_year": 10.48,
            "roe": 2.7,
            "roe_4q": 12.12,
            "gross_profit": 140355,
            "gross_margin": 79.95,
            "gross_margin_4q_avg": 80.93,
            "net_income": 14052,
            "net_income_4q": null,
            "revenue": 175545,
            "revenue_4q": null,
            "common_shares": 607,
            "book_valuer_per_share": 4.33,
            "book_valuer_per_share_4q_avg": 3.95,
            "equity": 555830,
            "current_ratio": 167.82,
            "debt_ratio": 50.14,
            "inventory_turnover_ratio": null,
            "account_receivable_turnover_ratio": 1.2,
            "reinvestment_rate": 36.71,
            "research_to_sale_ratio": 27.75,
            "price_fair": 1.68,
            "eps_avg_yearly": 0.56,
            "eps_latest_yearly": 0.56,
            "eps_growth_yearly": -120
        },
        "20022": {
            "year_quarter": 20022,
            "year": 2002,
            "quarter": 2,
            "eps": 0.22,
            "eps_growth_year": 68.93,
            "eps_4q": 0.7,
            "eps_4q_growth_year": 67.36,
            "roe": 3.66,
            "roe_4q": 13.54,
            "gross_profit": 151924,
            "gross_margin": 81.84,
            "gross_margin_4q_avg": 81.12,
            "net_income": 21380,
            "net_income_4q": null,
            "revenue": 185638,
            "revenue_4q": null,
            "common_shares": 616,
            "book_valuer_per_share": 3.83,
            "book_valuer_per_share_4q_avg": 3.87,
            "equity": 611021,
            "current_ratio": 176.12,
            "debt_ratio": 48.92,
            "inventory_turnover_ratio": null,
            "account_receivable_turnover_ratio": 1.24,
            "reinvestment_rate": 31.93,
            "research_to_sale_ratio": 24.55,
            "price_fair": 25.2,
            "eps_avg_yearly": 0.72,
            "eps_latest_yearly": 0.88,
            "eps_growth_yearly": 54.29
        },
        "20023": {
            "year_quarter": 20023,
            "year": 2002,
            "quarter": 3,
            "eps": 0.18,
            "eps_growth_year": 22.68,
            "eps_4q": 0.73,
            "eps_4q_growth_year": 209.69,
            "roe": -14.34,
            "roe_4q": -3.67,
            "gross_profit": 188409,
            "gross_margin": 79.8,
            "gross_margin_4q_avg": 80.71,
            "net_income": -137589,
            "net_income_4q": null,
            "revenue": 236095,
            "revenue_4q": null,
            "common_shares": 761,
            "book_valuer_per_share": 3.89,
            "book_valuer_per_share_4q_avg": 3.95,
            "equity": 1308269,
            "current_ratio": 122.57,
            "debt_ratio": 39.4,
            "inventory_turnover_ratio": null,
            "account_receivable_turnover_ratio": 1.23,
            "reinvestment_rate": 42.59,
            "research_to_sale_ratio": 26.08,
            "price_fair": 15.8,
            "eps_avg_yearly": 0.72,
            "eps_latest_yearly": 0.72,
            "eps_growth_yearly": 11.95
        },
        "20024": {
            "year_quarter": 20024,
            "year": 2002,
            "quarter": 4,
            "eps": -0.49,
            "eps_growth_year": -347.72,
            "eps_4q": 0.04,
            "eps_4q_growth_year": -93.8,
            "roe": -8.08,
            "roe_4q": -16.060000000000002,
            "gross_profit": 253365,
            "gross_margin": 81.93,
            "gross_margin_4q_avg": 80.88,
            "net_income": -97836,
            "net_income_4q": null,
            "revenue": 309256,
            "revenue_4q": null,
            "common_shares": 1470,
            "book_valuer_per_share": 2.28,
            "book_valuer_per_share_4q_avg": 3.58,
            "equity": 1113481,
            "current_ratio": 119.55,
            "debt_ratio": 43.73,
            "inventory_turnover_ratio": null,
            "account_receivable_turnover_ratio": 1.4,
            "reinvestment_rate": 115.49,
            "research_to_sale_ratio": 22.19,
            "price_fair": 15.8,
            "eps_avg_yearly": 0.72,
            "eps_latest_yearly": 0.72,
            "eps_growth_yearly": 11.95
        },
        "20031": {
            "year_quarter": 20031,
            "year": 2003,
            "quarter": 1,
            "eps": 0.22,
            "eps_growth_year": 62.46,
            "eps_4q": 0.12,
            "eps_4q_growth_year": -79.97,
            "roe": 2.99,
            "roe_4q": -15.77,
            "gross_profit": 209674,
            "gross_margin": 78.2,
            "gross_margin_4q_avg": 80.44,
            "net_income": 34385,
            "net_income_4q": null,
            "revenue": 268136,
            "revenue_4q": null,
            "common_shares": 743,
            "book_valuer_per_share": 2.87,
            "book_valuer_per_share_4q_avg": 3.22,
            "equity": 1188887,
            "current_ratio": 135.71,
            "debt_ratio": 41.09,
            "inventory_turnover_ratio": null,
            "account_receivable_turnover_ratio": 1.25,
            "reinvestment_rate": 52.47,
            "research_to_sale_ratio": 25.09,
            "price_fair": 15.8,
            "eps_avg_yearly": 0.72,
            "eps_latest_yearly": 0.72,
            "eps_growth_yearly": 11.95
        },
        "20032": {
            "year_quarter": 20032,
            "year": 2003,
            "quarter": 2,
            "eps": 0.26,
            "eps_growth_year": 23.01,
            "eps_4q": 0.17,
            "eps_4q_growth_year": -75.38,
            "roe": 1.87,
            "roe_4q": -17.56,
            "gross_profit": 232652,
            "gross_margin": 79.67,
            "gross_margin_4q_avg": 79.9,
            "net_income": 22289,
            "net_income_4q": null,
            "revenue": 292028,
            "revenue_4q": null,
            "common_shares": 740,
            "book_valuer_per_share": 1.96,
            "book_valuer_per_share_4q_avg": 2.75,
            "equity": 1198840,
            "current_ratio": 121.22,
            "debt_ratio": 41.93,
            "inventory_turnover_ratio": null,
            "account_receivable_turnover_ratio": 1.25,
            "reinvestment_rate": 53.8,
            "research_to_sale_ratio": 23.5,
            "price_fair": 28,
            "eps_avg_yearly": 0.8,
            "eps_latest_yearly": 1.04,
            "eps_growth_yearly": 27.14
        },
        "20033": {
            "year_quarter": 20033,
            "year": 2003,
            "quarter": 3,
            "eps": 0.32,
            "eps_growth_year": 82.38,
            "eps_4q": 0.32,
            "eps_4q_growth_year": -56.58,
            "roe": 3.88,
            "roe_4q": 0.6600000000000001,
            "gross_profit": 242208,
            "gross_margin": 80.64,
            "gross_margin_4q_avg": 80.11,
            "net_income": 48475,
            "net_income_4q": null,
            "revenue": 300366,
            "revenue_4q": null,
            "common_shares": 771,
            "book_valuer_per_share": 2.79,
            "book_valuer_per_share_4q_avg": 2.48,
            "equity": 1297742,
            "current_ratio": 136.65,
            "debt_ratio": 40.18,
            "inventory_turnover_ratio": null,
            "account_receivable_turnover_ratio": 1.34,
            "reinvestment_rate": -5.57,
            "research_to_sale_ratio": 23.54,
            "price_fair": 31.36,
            "eps_avg_yearly": 0.9,
            "eps_latest_yearly": 1.28,
            "eps_growth_yearly": 40.18
        },
        "20034": {
            "year_quarter": 20034,
            "year": 2003,
            "quarter": 4,
            "eps": 0.24,
            "eps_growth_year": null,
            "eps_4q": 1.05,
            "eps_4q_growth_year": 2846.46,
            "roe": 3.26,
            "roe_4q": 12,
            "gross_profit": 250965,
            "gross_margin": 79.31,
            "gross_margin_4q_avg": 79.46,
            "net_income": 44575,
            "net_income_4q": null,
            "revenue": 316453,
            "revenue_4q": null,
            "common_shares": 1560,
            "book_valuer_per_share": 3.85,
            "book_valuer_per_share_4q_avg": 2.87,
            "equity": 1433410,
            "current_ratio": 153.95,
            "debt_ratio": 37.88,
            "inventory_turnover_ratio": null,
            "account_receivable_turnover_ratio": 1.57,
            "reinvestment_rate": -23.56,
            "research_to_sale_ratio": 25.49,
            "price_fair": 24.31,
            "eps_avg_yearly": 0.91,
            "eps_latest_yearly": 0.96,
            "eps_growth_yearly": 16.81
        },
        "20041": {
            "year_quarter": 20041,
            "year": 2004,
            "quarter": 1,
            "eps": 0.19,
            "eps_growth_year": -13.59,
            "eps_4q": 1.02,
            "eps_4q_growth_year": 736.18,
            "roe": 2.26,
            "roe_4q": 11.27,
            "gross_profit": 224142,
            "gross_margin": 78.57,
            "gross_margin_4q_avg": 79.55,
            "net_income": 32152,
            "net_income_4q": null,
            "revenue": 285264,
            "revenue_4q": null,
            "common_shares": 1557,
            "book_valuer_per_share": 3.95,
            "book_valuer_per_share_4q_avg": 3.14,
            "equity": 1412736,
            "current_ratio": 159.07,
            "debt_ratio": 36.69,
            "inventory_turnover_ratio": null,
            "account_receivable_turnover_ratio": 1.22,
            "reinvestment_rate": -32.28,
            "research_to_sale_ratio": 24.66,
            "price_fair": 11.08,
            "eps_avg_yearly": 0.89,
            "eps_latest_yearly": 0.76,
            "eps_growth_yearly": 2.51
        },
        "20042": {
            "year_quarter": 20042,
            "year": 2004,
            "quarter": 2,
            "eps": 0.18,
            "eps_growth_year": -32.96,
            "eps_4q": 0.93,
            "eps_4q_growth_year": 443.5,
            "roe": 2.05,
            "roe_4q": 11.45,
            "gross_profit": 229706,
            "gross_margin": 77.97,
            "gross_margin_4q_avg": 79.12,
            "net_income": 28739,
            "net_income_4q": null,
            "revenue": 294604,
            "revenue_4q": null,
            "common_shares": 1552,
            "book_valuer_per_share": 3.78,
            "book_valuer_per_share_4q_avg": 3.59,
            "equity": 1395886,
            "current_ratio": 151.53,
            "debt_ratio": 37.64,
            "inventory_turnover_ratio": null,
            "account_receivable_turnover_ratio": 1.1,
            "reinvestment_rate": -89.56,
            "research_to_sale_ratio": 23.81,
            "price_fair": 2.6,
            "eps_avg_yearly": 0.87,
            "eps_latest_yearly": 0.72,
            "eps_growth_yearly": -0.44
        },
        "20043": {
            "year_quarter": 20043,
            "year": 2004,
            "quarter": 3,
            "eps": 0.26,
            "eps_growth_year": -18.71,
            "eps_4q": 0.87,
            "eps_4q_growth_year": 175.5,
            "roe": 2.98,
            "roe_4q": 10.549999999999999,
            "gross_profit": 217363,
            "gross_margin": 77.17,
            "gross_margin_4q_avg": 78.26,
            "net_income": 41828,
            "net_income_4q": null,
            "revenue": 281681,
            "revenue_4q": null,
            "common_shares": 1548,
            "book_valuer_per_share": 4.14,
            "book_valuer_per_share_4q_avg": 3.93,
            "equity": 1413542,
            "current_ratio": 160.15,
            "debt_ratio": 36.37,
            "inventory_turnover_ratio": null,
            "account_receivable_turnover_ratio": 1.22,
            "reinvestment_rate": -103.98,
            "research_to_sale_ratio": 24.31,
            "price_fair": 25.97,
            "eps_avg_yearly": 0.88,
            "eps_latest_yearly": 1.04,
            "eps_growth_yearly": 19.36
        },
        "20044": {
            "year_quarter": 20044,
            "year": 2004,
            "quarter": 4,
            "eps": -0.17,
            "eps_growth_year": -171.49,
            "eps_4q": 0.46,
            "eps_4q_growth_year": -56.06,
            "roe": -2.06,
            "roe_4q": 5.2299999999999995,
            "gross_profit": 163707,
            "gross_margin": 71.01,
            "gross_margin_4q_avg": 76.18,
            "net_income": -27635,
            "net_income_4q": null,
            "revenue": 230555,
            "revenue_4q": null,
            "common_shares": 1474,
            "book_valuer_per_share": 3.44,
            "book_valuer_per_share_4q_avg": 3.83,
            "equity": 1265049,
            "current_ratio": 123.19,
            "debt_ratio": 39.53,
            "inventory_turnover_ratio": null,
            "account_receivable_turnover_ratio": 1.24,
            "reinvestment_rate": -122.28,
            "research_to_sale_ratio": 34.62,
            "price_fair": 25.97,
            "eps_avg_yearly": 0.88,
            "eps_latest_yearly": 1.04,
            "eps_growth_yearly": 19.36
        },
        "20051": {
            "year_quarter": 20051,
            "year": 2005,
            "quarter": 1,
            "eps": -0.06,
            "eps_growth_year": -130.46,
            "eps_4q": 0.21,
            "eps_4q_growth_year": -79.56,
            "roe": -1.16,
            "roe_4q": 1.81,
            "gross_profit": 171329,
            "gross_margin": 71,
            "gross_margin_4q_avg": 74.29,
            "net_income": -14325,
            "net_income_4q": null,
            "revenue": 241304,
            "revenue_4q": null,
            "common_shares": 1451,
            "book_valuer_per_share": 2.66,
            "book_valuer_per_share_4q_avg": 3.51,
            "equity": 1210331,
            "current_ratio": 105.58,
            "debt_ratio": 43.58,
            "inventory_turnover_ratio": null,
            "account_receivable_turnover_ratio": 1.45,
            "reinvestment_rate": -145.25,
            "research_to_sale_ratio": 30.36,
            "price_fair": 25.97,
            "eps_avg_yearly": 0.88,
            "eps_latest_yearly": 1.04,
            "eps_growth_yearly": 19.36
        },
        "20052": {
            "year_quarter": 20052,
            "year": 2005,
            "quarter": 2,
            "eps": -0.03,
            "eps_growth_year": -119.34,
            "eps_4q": -0,
            "eps_4q_growth_year": -100.39,
            "roe": -0.42,
            "roe_4q": -0.6599999999999997,
            "gross_profit": 174616,
            "gross_margin": 71.46,
            "gross_margin_4q_avg": 72.66,
            "net_income": -4972,
            "net_income_4q": null,
            "revenue": 244339,
            "revenue_4q": null,
            "common_shares": 1437,
            "book_valuer_per_share": 2.71,
            "book_valuer_per_share_4q_avg": 3.24,
            "equity": 1172231,
            "current_ratio": 102.85,
            "debt_ratio": 44.24,
            "inventory_turnover_ratio": null,
            "account_receivable_turnover_ratio": 1.45,
            "reinvestment_rate": -186.37,
            "research_to_sale_ratio": 32.88,
            "price_fair": 25.97,
            "eps_avg_yearly": 0.88,
            "eps_latest_yearly": 1.04,
            "eps_growth_yearly": 19.36
        },
        "20053": {
            "year_quarter": 20053,
            "year": 2005,
            "quarter": 3,
            "eps": 0.12,
            "eps_growth_year": -54.49,
            "eps_4q": -0.15,
            "eps_4q_growth_year": -116.73,
            "roe": 1.46,
            "roe_4q": -2.1799999999999997,
            "gross_profit": 192042,
            "gross_margin": 76.37,
            "gross_margin_4q_avg": 72.46,
            "net_income": 17294,
            "net_income_4q": null,
            "revenue": 251450,
            "revenue_4q": null,
            "common_shares": 1442,
            "book_valuer_per_share": 2.13,
            "book_valuer_per_share_4q_avg": 2.74,
            "equity": 1202174,
            "current_ratio": 97.29,
            "debt_ratio": 43.36,
            "inventory_turnover_ratio": null,
            "account_receivable_turnover_ratio": 1.49,
            "reinvestment_rate": -161.87,
            "research_to_sale_ratio": 32.88,
            "price_fair": 25.97,
            "eps_avg_yearly": 0.88,
            "eps_latest_yearly": 1.04,
            "eps_growth_yearly": 19.36
        },
        "20054": {
            "year_quarter": 20054,
            "year": 2005,
            "quarter": 4,
            "eps": -0.1,
            "eps_growth_year": null,
            "eps_4q": -0.08,
            "eps_4q_growth_year": -117.08,
            "roe": -1.25,
            "roe_4q": -1.3699999999999999,
            "gross_profit": 199308,
            "gross_margin": 78.21,
            "gross_margin_4q_avg": 74.26,
            "net_income": -15111,
            "net_income_4q": null,
            "revenue": 254838,
            "revenue_4q": null,
            "common_shares": 1459,
            "book_valuer_per_share": 2.32,
            "book_valuer_per_share_4q_avg": 2.46,
            "equity": 1210637,
            "current_ratio": 115.98,
            "debt_ratio": 43.25,
            "inventory_turnover_ratio": null,
            "account_receivable_turnover_ratio": 1.68,
            "reinvestment_rate": -1106.47,
            "research_to_sale_ratio": 33.22,
            "price_fair": 25.97,
            "eps_avg_yearly": 0.88,
            "eps_latest_yearly": 1.04,
            "eps_growth_yearly": 19.36
        },
        "20061": {
            "year_quarter": 20061,
            "year": 2006,
            "quarter": 1,
            "eps": 0.02,
            "eps_growth_year": null,
            "eps_4q": -0,
            "eps_4q_growth_year": -101.3,
            "roe": 0.14,
            "roe_4q": -0.0699999999999999,
            "gross_profit": 204900,
            "gross_margin": 78.75,
            "gross_margin_4q_avg": 76.2,
            "net_income": 1697,
            "net_income_4q": null,
            "revenue": 260189,
            "revenue_4q": null,
            "common_shares": 1427,
            "book_valuer_per_share": 2.26,
            "book_valuer_per_share_4q_avg": 2.36,
            "equity": 1169857,
            "current_ratio": 109.34,
            "debt_ratio": 43.49,
            "inventory_turnover_ratio": null,
            "account_receivable_turnover_ratio": 1.85,
            "reinvestment_rate": 1620.56,
            "research_to_sale_ratio": 33.97,
            "price_fair": 32.38,
            "eps_avg_yearly": 0.93,
            "eps_latest_yearly": 1.04,
            "eps_growth_yearly": 36.78
        },
        "20062": {
            "year_quarter": 20062,
            "year": 2006,
            "quarter": 2,
            "eps": 0.04,
            "eps_growth_year": null,
            "eps_4q": 0.07,
            "eps_4q_growth_year": null,
            "roe": 0.45,
            "roe_4q": 0.8,
            "gross_profit": 218798,
            "gross_margin": 79.63,
            "gross_margin_4q_avg": 78.24,
            "net_income": 5375,
            "net_income_4q": null,
            "revenue": 274779,
            "revenue_4q": null,
            "common_shares": 1438,
            "book_valuer_per_share": 2.6,
            "book_valuer_per_share_4q_avg": 2.33,
            "equity": 1198475,
            "current_ratio": 114.87,
            "debt_ratio": 43.78,
            "inventory_turnover_ratio": null,
            "account_receivable_turnover_ratio": 1.72,
            "reinvestment_rate": 296.68,
            "research_to_sale_ratio": 33.75,
            "price_fair": 29.23,
            "eps_avg_yearly": 0.84,
            "eps_latest_yearly": 0.16,
            "eps_growth_yearly": 58.21
        },
        "20063": {
            "year_quarter": 20063,
            "year": 2006,
            "quarter": 3,
            "eps": 0.05,
            "eps_growth_year": -55.83,
            "eps_4q": 0,
            "eps_4q_growth_year": null,
            "roe": 0.64,
            "roe_4q": -0.020000000000000018,
            "gross_profit": 221763,
            "gross_margin": 80,
            "gross_margin_4q_avg": 79.15,
            "net_income": 7550,
            "net_income_4q": null,
            "revenue": 277208,
            "revenue_4q": null,
            "common_shares": 1404,
            "book_valuer_per_share": 2.41,
            "book_valuer_per_share_4q_avg": 2.4,
            "equity": 1156539,
            "current_ratio": 99.16,
            "debt_ratio": 44,
            "inventory_turnover_ratio": null,
            "account_receivable_turnover_ratio": 1.61,
            "reinvestment_rate": -44.61,
            "research_to_sale_ratio": 33.9,
            "price_fair": 26.95,
            "eps_avg_yearly": 0.77,
            "eps_latest_yearly": 0.2,
            "eps_growth_yearly": 79.8
        },
        "20064": {
            "year_quarter": 20064,
            "year": 2006,
            "quarter": 4,
            "eps": 0.07,
            "eps_growth_year": null,
            "eps_4q": 0.18,
            "eps_4q_growth_year": null,
            "roe": 0.87,
            "roe_4q": 2.1,
            "gross_profit": 226572,
            "gross_margin": 79.95,
            "gross_margin_4q_avg": 79.58,
            "net_income": 10120,
            "net_income_4q": null,
            "revenue": 283384,
            "revenue_4q": null,
            "common_shares": 1406,
            "book_valuer_per_share": 2.29,
            "book_valuer_per_share_4q_avg": 2.39,
            "equity": 1163167,
            "current_ratio": 102.69,
            "debt_ratio": 46.1,
            "inventory_turnover_ratio": null,
            "account_receivable_turnover_ratio": 1.76,
            "reinvestment_rate": -31.05,
            "research_to_sale_ratio": 33.71,
            "price_fair": 25.04,
            "eps_avg_yearly": 0.72,
            "eps_latest_yearly": 0.28,
            "eps_growth_yearly": 88.71
        },
        "20071": {
            "year_quarter": 20071,
            "year": 2007,
            "quarter": 1,
            "eps": 0.14,
            "eps_growth_year": 716.83,
            "eps_4q": 0.3,
            "eps_4q_growth_year": null,
            "roe": 1.92,
            "roe_4q": 3.8800000000000003,
            "gross_profit": 241835,
            "gross_margin": 80.56,
            "gross_margin_4q_avg": 80.04,
            "net_income": 23357,
            "net_income_4q": null,
            "revenue": 300210,
            "revenue_4q": null,
            "common_shares": 1443,
            "book_valuer_per_share": 3.05,
            "book_valuer_per_share_4q_avg": 2.59,
            "equity": 1267860,
            "current_ratio": 117.03,
            "debt_ratio": 44.29,
            "inventory_turnover_ratio": null,
            "account_receivable_turnover_ratio": 1.73,
            "reinvestment_rate": -27.62,
            "research_to_sale_ratio": 31.94,
            "price_fair": 24.5,
            "eps_avg_yearly": 0.7,
            "eps_latest_yearly": 0.56,
            "eps_growth_yearly": 119.84
        },
        "20072": {
            "year_quarter": 20072,
            "year": 2007,
            "quarter": 2,
            "eps": 0.27,
            "eps_growth_year": 631.3,
            "eps_4q": 0.53,
            "eps_4q_growth_year": 676.88,
            "roe": 3.2,
            "roe_4q": 6.63,
            "gross_profit": 237511,
            "gross_margin": 81.08,
            "gross_margin_4q_avg": 80.4,
            "net_income": 41265,
            "net_income_4q": null,
            "revenue": 292928,
            "revenue_4q": null,
            "common_shares": 1447,
            "book_valuer_per_share": 3.42,
            "book_valuer_per_share_4q_avg": 2.79,
            "equity": 1313624,
            "current_ratio": 124.92,
            "debt_ratio": 44.12,
            "inventory_turnover_ratio": null,
            "account_receivable_turnover_ratio": 1.5,
            "reinvestment_rate": -18.78,
            "research_to_sale_ratio": 31.39,
            "price_fair": 24.64,
            "eps_avg_yearly": 0.7,
            "eps_latest_yearly": 1.08,
            "eps_growth_yearly": 149.71
        },
        "20073": {
            "year_quarter": 20073,
            "year": 2007,
            "quarter": 3,
            "eps": 0.16,
            "eps_growth_year": 212.66,
            "eps_4q": 0.64,
            "eps_4q_growth_year": 29678.7,
            "roe": 1.89,
            "roe_4q": 7.88,
            "gross_profit": 245707,
            "gross_margin": 80.8,
            "gross_margin_4q_avg": 80.6,
            "net_income": 24855,
            "net_income_4q": null,
            "revenue": 304098,
            "revenue_4q": null,
            "common_shares": 1436,
            "book_valuer_per_share": 3.38,
            "book_valuer_per_share_4q_avg": 3.04,
            "equity": 1317955,
            "current_ratio": 121.99,
            "debt_ratio": 46.32,
            "inventory_turnover_ratio": null,
            "account_receivable_turnover_ratio": 1.33,
            "reinvestment_rate": -29.6,
            "research_to_sale_ratio": 31.03,
            "price_fair": 22.4,
            "eps_avg_yearly": 0.64,
            "eps_latest_yearly": 0.64,
            "eps_growth_yearly": 124.19
        },
        "20074": {
            "year_quarter": 20074,
            "year": 2007,
            "quarter": 4,
            "eps": 0.28,
            "eps_growth_year": 291.99,
            "eps_4q": 0.85,
            "eps_4q_growth_year": 379.57,
            "roe": 2.98,
            "roe_4q": 9.99,
            "gross_profit": 253151,
            "gross_margin": 80.31,
            "gross_margin_4q_avg": 80.69,
            "net_income": 41014,
            "net_income_4q": null,
            "revenue": 315233,
            "revenue_4q": null,
            "common_shares": 1464,
            "book_valuer_per_share": 4.03,
            "book_valuer_per_share_4q_avg": 3.47,
            "equity": 1436393,
            "current_ratio": 128.75,
            "debt_ratio": 45.12,
            "inventory_turnover_ratio": null,
            "account_receivable_turnover_ratio": 1.52,
            "reinvestment_rate": -29.54,
            "research_to_sale_ratio": 30.78,
            "price_fair": 22.96,
            "eps_avg_yearly": 0.66,
            "eps_latest_yearly": 1.12,
            "eps_growth_yearly": 164.19
        },
        "20081": {
            "year_quarter": 20081,
            "year": 2008,
            "quarter": 1,
            "eps": 0.36,
            "eps_growth_year": 161.26,
            "eps_4q": 1.08,
            "eps_4q_growth_year": 259.21,
            "roe": 3.23,
            "roe_4q": 11.3,
            "gross_profit": 254155,
            "gross_margin": 80.57,
            "gross_margin_4q_avg": 80.69,
            "net_income": 46445,
            "net_income_4q": null,
            "revenue": 315465,
            "revenue_4q": null,
            "common_shares": 1437,
            "book_valuer_per_share": 4.64,
            "book_valuer_per_share_4q_avg": 3.87,
            "equity": 1439926,
            "current_ratio": 171.91,
            "debt_ratio": 41.58,
            "inventory_turnover_ratio": null,
            "account_receivable_turnover_ratio": 1.81,
            "reinvestment_rate": -26.9,
            "research_to_sale_ratio": 29.33,
            "price_fair": 25.34,
            "eps_avg_yearly": 0.72,
            "eps_latest_yearly": 1.44,
            "eps_growth_yearly": 183.95
        },
        "20082": {
            "year_quarter": 20082,
            "year": 2008,
            "quarter": 2,
            "eps": 0.37,
            "eps_growth_year": 39.04,
            "eps_4q": 1.18,
            "eps_4q_growth_year": 121.98,
            "roe": 2.74,
            "roe_4q": 10.840000000000002,
            "gross_profit": 260861,
            "gross_margin": 80.38,
            "gross_margin_4q_avg": 80.52,
            "net_income": 39387,
            "net_income_4q": null,
            "revenue": 324553,
            "revenue_4q": null,
            "common_shares": 1417,
            "book_valuer_per_share": 4.33,
            "book_valuer_per_share_4q_avg": 4.1,
            "equity": 1434826,
            "current_ratio": 171.61,
            "debt_ratio": 40.96,
            "inventory_turnover_ratio": null,
            "account_receivable_turnover_ratio": 1.63,
            "reinvestment_rate": -27.85,
            "research_to_sale_ratio": 29.36,
            "price_fair": 28,
            "eps_avg_yearly": 0.8,
            "eps_latest_yearly": 1.48,
            "eps_growth_yearly": 187.16
        },
        "20083": {
            "year_quarter": 20083,
            "year": 2008,
            "quarter": 3,
            "eps": 0.37,
            "eps_growth_year": 127.78,
            "eps_4q": 1.39,
            "eps_4q_growth_year": 116.06,
            "roe": 3.9,
            "roe_4q": 12.850000000000001,
            "gross_profit": 277102,
            "gross_margin": 80.52,
            "gross_margin_4q_avg": 80.45,
            "net_income": 57749,
            "net_income_4q": null,
            "revenue": 344128,
            "revenue_4q": null,
            "common_shares": 1428,
            "book_valuer_per_share": 3.57,
            "book_valuer_per_share_4q_avg": 4.14,
            "equity": 1530404,
            "current_ratio": 148.23,
            "debt_ratio": 42.44,
            "inventory_turnover_ratio": null,
            "account_receivable_turnover_ratio": 1.68,
            "reinvestment_rate": -23.8,
            "research_to_sale_ratio": 30.34,
            "price_fair": 29.54,
            "eps_avg_yearly": 0.84,
            "eps_latest_yearly": 1.48,
            "eps_growth_yearly": 169.39
        },
        "20084": {
            "year_quarter": 20084,
            "year": 2008,
            "quarter": 4,
            "eps": 0.41,
            "eps_growth_year": 48.21,
            "eps_4q": 1.52,
            "eps_4q_growth_year": 79.06,
            "roe": 3.03,
            "roe_4q": 12.9,
            "gross_profit": 285937,
            "gross_margin": 81.05,
            "gross_margin_4q_avg": 80.63,
            "net_income": 46397,
            "net_income_4q": null,
            "revenue": 352805,
            "revenue_4q": null,
            "common_shares": 1418,
            "book_valuer_per_share": 3.62,
            "book_valuer_per_share_4q_avg": 4.04,
            "equity": 1528371,
            "current_ratio": 145.47,
            "debt_ratio": 44.27,
            "inventory_turnover_ratio": null,
            "account_receivable_turnover_ratio": 1.8,
            "reinvestment_rate": -12.17,
            "research_to_sale_ratio": 29.07,
            "price_fair": 32.07,
            "eps_avg_yearly": 0.92,
            "eps_latest_yearly": 1.64,
            "eps_growth_yearly": 157.92
        },
        "20091": {
            "year_quarter": 20091,
            "year": 2009,
            "quarter": 1,
            "eps": 0.45,
            "eps_growth_year": 24.6,
            "eps_4q": 1.61,
            "eps_4q_growth_year": 50.09,
            "roe": 3.35,
            "roe_4q": 13.02,
            "gross_profit": 274331,
            "gross_margin": 80.74,
            "gross_margin_4q_avg": 80.67,
            "net_income": 52429,
            "net_income_4q": null,
            "revenue": 339755,
            "revenue_4q": null,
            "common_shares": 1420,
            "book_valuer_per_share": 4.06,
            "book_valuer_per_share_4q_avg": 3.9,
            "equity": 1604115,
            "current_ratio": 165.2,
            "debt_ratio": 39.16,
            "inventory_turnover_ratio": null,
            "account_receivable_turnover_ratio": 1.71,
            "reinvestment_rate": -11.52,
            "research_to_sale_ratio": 28.79,
            "price_fair": 34.65,
            "eps_avg_yearly": 0.99,
            "eps_latest_yearly": 1.8,
            "eps_growth_yearly": 148.01
        },
        "20092": {
            "year_quarter": 20092,
            "year": 2009,
            "quarter": 2,
            "eps": 0.36,
            "eps_growth_year": -3.63,
            "eps_4q": 1.6,
            "eps_4q_growth_year": 35.57,
            "roe": 2.93,
            "roe_4q": 13.21,
            "gross_profit": 271816,
            "gross_margin": 80.7,
            "gross_margin_4q_avg": 80.75,
            "net_income": 48288,
            "net_income_4q": null,
            "revenue": 336835,
            "revenue_4q": null,
            "common_shares": 1441,
            "book_valuer_per_share": 4.7,
            "book_valuer_per_share_4q_avg": 3.99,
            "equity": 1693946,
            "current_ratio": 178.35,
            "debt_ratio": 37.17,
            "inventory_turnover_ratio": null,
            "account_receivable_turnover_ratio": 1.54,
            "reinvestment_rate": -10.55,
            "research_to_sale_ratio": 30.58,
            "price_fair": 35.86,
            "eps_avg_yearly": 1.02,
            "eps_latest_yearly": 1.44,
            "eps_growth_yearly": 130.47
        },
        "20093": {
            "year_quarter": 20093,
            "year": 2009,
            "quarter": 3,
            "eps": 0.34,
            "eps_growth_year": -8.31,
            "eps_4q": 1.57,
            "eps_4q_growth_year": 12.9,
            "roe": 2.74,
            "roe_4q": 12.049999999999999,
            "gross_profit": 275142,
            "gross_margin": 79.71,
            "gross_margin_4q_avg": 80.55,
            "net_income": 47436,
            "net_income_4q": null,
            "revenue": 345177,
            "revenue_4q": null,
            "common_shares": 1443,
            "book_valuer_per_share": 5.04,
            "book_valuer_per_share_4q_avg": 4.36,
            "equity": 1762918,
            "current_ratio": 177.55,
            "debt_ratio": 38.74,
            "inventory_turnover_ratio": null,
            "account_receivable_turnover_ratio": 1.65,
            "reinvestment_rate": -6.98,
            "research_to_sale_ratio": 30.42,
            "price_fair": 36.7,
            "eps_avg_yearly": 1.05,
            "eps_latest_yearly": 1.36,
            "eps_growth_yearly": 119.56
        },
        "20094": {
            "year_quarter": 20094,
            "year": 2009,
            "quarter": 4,
            "eps": 0.11,
            "eps_growth_year": -73.73,
            "eps_4q": 1.26,
            "eps_4q_growth_year": -17.1,
            "roe": 1.08,
            "roe_4q": 10.1,
            "gross_profit": 265106,
            "gross_margin": 78.37,
            "gross_margin_4q_avg": 79.88,
            "net_income": 19528,
            "net_income_4q": null,
            "revenue": 338278,
            "revenue_4q": null,
            "common_shares": 1469,
            "book_valuer_per_share": 5.54,
            "book_valuer_per_share_4q_avg": 4.84,
            "equity": 1844166,
            "current_ratio": 179.7,
            "debt_ratio": 37.25,
            "inventory_turnover_ratio": null,
            "account_receivable_turnover_ratio": 1.88,
            "reinvestment_rate": -5.17,
            "research_to_sale_ratio": 33.73,
            "price_fair": 35.28,
            "eps_avg_yearly": 1.01,
            "eps_latest_yearly": 0.44,
            "eps_growth_yearly": 93.55
        },
        "20101": {
            "year_quarter": 20101,
            "year": 2010,
            "quarter": 1,
            "eps": 0.32,
            "eps_growth_year": -29.18,
            "eps_4q": 1.13,
            "eps_4q_growth_year": -29.86,
            "roe": 6.96,
            "roe_4q": 13.709999999999999,
            "gross_profit": 264586,
            "gross_margin": 80.14,
            "gross_margin_4q_avg": 79.73,
            "net_income": 132786,
            "net_income_4q": null,
            "revenue": 330167,
            "revenue_4q": null,
            "common_shares": 1465,
            "book_valuer_per_share": 6.46,
            "book_valuer_per_share_4q_avg": 5.44,
            "equity": 1970743,
            "current_ratio": 193.38,
            "debt_ratio": 32.27,
            "inventory_turnover_ratio": null,
            "account_receivable_turnover_ratio": 1.82,
            "reinvestment_rate": -4.65,
            "research_to_sale_ratio": 30.66,
            "price_fair": 35.88,
            "eps_avg_yearly": 1.03,
            "eps_latest_yearly": 1.28,
            "eps_growth_yearly": 135.43
        },
        "20102": {
            "year_quarter": 20102,
            "year": 2010,
            "quarter": 2,
            "eps": 0.33,
            "eps_growth_year": -8.29,
            "eps_4q": 1.1,
            "eps_4q_growth_year": -31.13,
            "roe": 1.96,
            "roe_4q": 12.74,
            "gross_profit": 269079,
            "gross_margin": 79.58,
            "gross_margin_4q_avg": 79.45,
            "net_income": 39549,
            "net_income_4q": null,
            "revenue": 338106,
            "revenue_4q": null,
            "common_shares": 1498,
            "book_valuer_per_share": 6.27,
            "book_valuer_per_share_4q_avg": 5.83,
            "equity": 2058161,
            "current_ratio": 191.49,
            "debt_ratio": 31.52,
            "inventory_turnover_ratio": null,
            "account_receivable_turnover_ratio": 1.83,
            "reinvestment_rate": -4.17,
            "research_to_sale_ratio": 33.44,
            "price_fair": 38.41,
            "eps_avg_yearly": 1.1,
            "eps_latest_yearly": 1.32,
            "eps_growth_yearly": 111.22
        },
        "20103": {
            "year_quarter": 20103,
            "year": 2010,
            "quarter": 3,
            "eps": 0.33,
            "eps_growth_year": -2.58,
            "eps_4q": 1.09,
            "eps_4q_growth_year": -30.33,
            "roe": 1.91,
            "roe_4q": 11.91,
            "gross_profit": 270186,
            "gross_margin": 80.19,
            "gross_margin_4q_avg": 79.57,
            "net_income": 39327,
            "net_income_4q": null,
            "revenue": 336929,
            "revenue_4q": null,
            "common_shares": 1475,
            "book_valuer_per_share": 6.3,
            "book_valuer_per_share_4q_avg": 6.14,
            "equity": 2049810,
            "current_ratio": 178.72,
            "debt_ratio": 34.19,
            "inventory_turnover_ratio": null,
            "account_receivable_turnover_ratio": 1.87,
            "reinvestment_rate": -0.22,
            "research_to_sale_ratio": 31.36,
            "price_fair": 40.86,
            "eps_avg_yearly": 1.17,
            "eps_latest_yearly": 1.32,
            "eps_growth_yearly": 104.97
        },
        "20104": {
            "year_quarter": 20104,
            "year": 2010,
            "quarter": 4,
            "eps": 0.24,
            "eps_growth_year": 119.42,
            "eps_4q": 1.22,
            "eps_4q_growth_year": -3.21,
            "roe": 1.22,
            "roe_4q": 12.05,
            "gross_profit": 295716,
            "gross_margin": 78.76,
            "gross_margin_4q_avg": 79.67,
            "net_income": 25401,
            "net_income_4q": null,
            "revenue": 375459,
            "revenue_4q": null,
            "common_shares": 1485,
            "book_valuer_per_share": 3.94,
            "book_valuer_per_share_4q_avg": 5.74,
            "equity": 2100182,
            "current_ratio": 135.37,
            "debt_ratio": 36.1,
            "inventory_turnover_ratio": null,
            "account_receivable_turnover_ratio": 2,
            "reinvestment_rate": 0.56,
            "research_to_sale_ratio": 34.44,
            "price_fair": 42.35,
            "eps_avg_yearly": 1.21,
            "eps_latest_yearly": 0.96,
            "eps_growth_yearly": 88.15
        },
        "20111": {
            "year_quarter": 20111,
            "year": 2011,
            "quarter": 1,
            "eps": 0.31,
            "eps_growth_year": -2.37,
            "eps_4q": 1.22,
            "eps_4q_growth_year": 7.39,
            "roe": 2.27,
            "roe_4q": 7.36,
            "gross_profit": 280339,
            "gross_margin": 76.88,
            "gross_margin_4q_avg": 78.85,
            "net_income": 48226,
            "net_income_4q": null,
            "revenue": 364644,
            "revenue_4q": null,
            "common_shares": 1492,
            "book_valuer_per_share": 4.41,
            "book_valuer_per_share_4q_avg": 5.23,
            "equity": 2157873,
            "current_ratio": 152.12,
            "debt_ratio": 32.85,
            "inventory_turnover_ratio": null,
            "account_receivable_turnover_ratio": 1.82,
            "reinvestment_rate": 0.58,
            "research_to_sale_ratio": 33.11,
            "price_fair": 43.84,
            "eps_avg_yearly": 1.25,
            "eps_latest_yearly": 1.24,
            "eps_growth_yearly": 70.44
        },
        "20112": {
            "year_quarter": 20112,
            "year": 2011,
            "quarter": 2,
            "eps": 0.36,
            "eps_growth_year": 9.59,
            "eps_4q": 1.25,
            "eps_4q_growth_year": 13.18,
            "roe": 3.77,
            "roe_4q": 9.17,
            "gross_profit": 307642,
            "gross_margin": 78.15,
            "gross_margin_4q_avg": 78.5,
            "net_income": 81114,
            "net_income_4q": null,
            "revenue": 393670,
            "revenue_4q": null,
            "common_shares": 1465,
            "book_valuer_per_share": 4.58,
            "book_valuer_per_share_4q_avg": 4.81,
            "equity": 2147398,
            "current_ratio": 149.36,
            "debt_ratio": 33.09,
            "inventory_turnover_ratio": null,
            "account_receivable_turnover_ratio": 1.79,
            "reinvestment_rate": 2.74,
            "research_to_sale_ratio": 31.29,
            "price_fair": 44.63,
            "eps_avg_yearly": 1.28,
            "eps_latest_yearly": 1.44,
            "eps_growth_yearly": 51.26
        },
        "20113": {
            "year_quarter": 20113,
            "year": 2011,
            "quarter": 3,
            "eps": 0.37,
            "eps_growth_year": 10.31,
            "eps_4q": 1.28,
            "eps_4q_growth_year": 17.24,
            "roe": 2.44,
            "roe_4q": 9.700000000000001,
            "gross_profit": 302063,
            "gross_margin": 78.09,
            "gross_margin_4q_avg": 77.97,
            "net_income": 52082,
            "net_income_4q": null,
            "revenue": 386795,
            "revenue_4q": null,
            "common_shares": 1437,
            "book_valuer_per_share": 4.59,
            "book_valuer_per_share_4q_avg": 4.38,
            "equity": 2121507,
            "current_ratio": 138.71,
            "debt_ratio": 37.02,
            "inventory_turnover_ratio": null,
            "account_receivable_turnover_ratio": 1.78,
            "reinvestment_rate": 3.33,
            "research_to_sale_ratio": 31.68,
            "price_fair": 46.46,
            "eps_avg_yearly": 1.33,
            "eps_latest_yearly": 1.48,
            "eps_growth_yearly": 62.14
        },
        "20114": {
            "year_quarter": 20114,
            "year": 2011,
            "quarter": 4,
            "eps": 0.29,
            "eps_growth_year": 21.53,
            "eps_4q": 1.33,
            "eps_4q_growth_year": 8.99,
            "roe": 1.89,
            "roe_4q": 10.37,
            "gross_profit": 305149,
            "gross_margin": 78.14,
            "gross_margin_4q_avg": 77.82,
            "net_income": 39942,
            "net_income_4q": null,
            "revenue": 390534,
            "revenue_4q": null,
            "common_shares": 1433,
            "book_valuer_per_share": 4.3,
            "book_valuer_per_share_4q_avg": 4.47,
            "equity": 2101300,
            "current_ratio": 132.44,
            "debt_ratio": 37.63,
            "inventory_turnover_ratio": null,
            "account_receivable_turnover_ratio": 1.84,
            "reinvestment_rate": 3.79,
            "research_to_sale_ratio": 32.11,
            "price_fair": 46.55,
            "eps_avg_yearly": 1.33,
            "eps_latest_yearly": 1.16,
            "eps_growth_yearly": 37.98
        },
        "20121": {
            "year_quarter": 20121,
            "year": 2012,
            "quarter": 1,
            "eps": 0.38,
            "eps_growth_year": 21.83,
            "eps_4q": 1.4,
            "eps_4q_growth_year": 15.28,
            "roe": 2.65,
            "roe_4q": 10.75,
            "gross_profit": 335642,
            "gross_margin": 78.88,
            "gross_margin_4q_avg": 78.32,
            "net_income": 56694,
            "net_income_4q": null,
            "revenue": 425496,
            "revenue_4q": null,
            "common_shares": 1439,
            "book_valuer_per_share": 4.83,
            "book_valuer_per_share_4q_avg": 4.58,
            "equity": 2171805,
            "current_ratio": 149.29,
            "debt_ratio": 34.17,
            "inventory_turnover_ratio": null,
            "account_receivable_turnover_ratio": 1.83,
            "reinvestment_rate": 3.63,
            "research_to_sale_ratio": 31.23,
            "price_fair": 46.73,
            "eps_avg_yearly": 1.34,
            "eps_latest_yearly": 1.52,
            "eps_growth_yearly": 38.6
        },
        "20122": {
            "year_quarter": 20122,
            "year": 2012,
            "quarter": 2,
            "eps": 0.12,
            "eps_growth_year": -67.52,
            "eps_4q": 1.16,
            "eps_4q_growth_year": -7.28,
            "roe": 0.94,
            "roe_4q": 7.92,
            "gross_profit": 332055,
            "gross_margin": 76.76,
            "gross_margin_4q_avg": 77.97,
            "net_income": 20971,
            "net_income_4q": null,
            "revenue": 432561,
            "revenue_4q": null,
            "common_shares": 1470,
            "book_valuer_per_share": 2.01,
            "book_valuer_per_share_4q_avg": 3.93,
            "equity": 2289976,
            "current_ratio": 109.35,
            "debt_ratio": 38.84,
            "inventory_turnover_ratio": null,
            "account_receivable_turnover_ratio": 1.73,
            "reinvestment_rate": 3.38,
            "research_to_sale_ratio": 34.96,
            "price_fair": 39.19,
            "eps_avg_yearly": 1.27,
            "eps_latest_yearly": 0.48,
            "eps_growth_yearly": 20.8
        },
        "20123": {
            "year_quarter": 20123,
            "year": 2012,
            "quarter": 3,
            "eps": 0.51,
            "eps_growth_year": 38.15,
            "eps_4q": 1.3,
            "eps_4q_growth_year": 1.19,
            "roe": 3.23,
            "roe_4q": 8.71,
            "gross_profit": 343958,
            "gross_margin": 77.51,
            "gross_margin_4q_avg": 77.82,
            "net_income": 75656,
            "net_income_4q": null,
            "revenue": 443747,
            "revenue_4q": null,
            "common_shares": 1486,
            "book_valuer_per_share": 2.7,
            "book_valuer_per_share_4q_avg": 3.46,
            "equity": 2391100,
            "current_ratio": 113.66,
            "debt_ratio": 38.2,
            "inventory_turnover_ratio": null,
            "account_receivable_turnover_ratio": 1.8,
            "reinvestment_rate": 2.52,
            "research_to_sale_ratio": 32.44,
            "price_fair": 45.76,
            "eps_avg_yearly": 1.31,
            "eps_latest_yearly": 2.04,
            "eps_growth_yearly": 102.05
        },
        "20124": {
            "year_quarter": 20124,
            "year": 2012,
            "quarter": 4,
            "eps": 1.52,
            "eps_growth_year": 423.67,
            "eps_4q": 2.53,
            "eps_4q_growth_year": 89.5,
            "roe": 7.46,
            "roe_4q": 14.28,
            "gross_profit": 1363344,
            "gross_margin": 77.64,
            "gross_margin_4q_avg": 77.7,
            "net_income": 182402,
            "net_income_4q": null,
            "revenue": 1756017,
            "revenue_4q": null,
            "common_shares": 1509,
            "book_valuer_per_share": 0.39,
            "book_valuer_per_share_4q_avg": 2.48,
            "equity": 2501686,
            "current_ratio": 91.06,
            "debt_ratio": 39.68,
            "inventory_turnover_ratio": null,
            "account_receivable_turnover_ratio": 6.52,
            "reinvestment_rate": 4.94,
            "research_to_sale_ratio": 33.12,
            "price_fair": 55.48,
            "eps_avg_yearly": 1.59,
            "eps_latest_yearly": 6.08,
            "eps_growth_yearly": 148.85
        },
        "20131": {
            "year_quarter": 20131,
            "year": 2013,
            "quarter": 1,
            "eps": 0.43,
            "eps_growth_year": 47.57,
            "eps_4q": 1.43,
            "eps_4q_growth_year": 7.64,
            "roe": 2.8,
            "roe_4q": 14.43,
            "gross_profit": 364074,
            "gross_margin": 76.63,
            "gross_margin_4q_avg": 77.14,
            "net_income": 69922,
            "net_income_4q": null,
            "revenue": 475137,
            "revenue_4q": null,
            "common_shares": 1519,
            "book_valuer_per_share": 1.31,
            "book_valuer_per_share_4q_avg": 1.6,
            "equity": 2602159,
            "current_ratio": 97.82,
            "debt_ratio": 35.28,
            "inventory_turnover_ratio": null,
            "account_receivable_turnover_ratio": 1.82,
            "reinvestment_rate": 6.11,
            "research_to_sale_ratio": 33.15,
            "price_fair": 55.3,
            "eps_avg_yearly": 1.58,
            "eps_latest_yearly": 1.72,
            "eps_growth_yearly": 128.49
        },
        "20132": {
            "year_quarter": 20132,
            "year": 2013,
            "quarter": 2,
            "eps": 0.42,
            "eps_growth_year": 9.59,
            "eps_4q": 1.47,
            "eps_4q_growth_year": 5,
            "roe": 2.59,
            "roe_4q": 16.08,
            "gross_profit": 391524,
            "gross_margin": 78.42,
            "gross_margin_4q_avg": 77.55,
            "net_income": 68691,
            "net_income_4q": null,
            "revenue": 499257,
            "revenue_4q": null,
            "common_shares": 1535,
            "book_valuer_per_share": 2.09,
            "book_valuer_per_share_4q_avg": 1.62,
            "equity": 2698932,
            "current_ratio": 109.23,
            "debt_ratio": 34.15,
            "inventory_turnover_ratio": null,
            "account_receivable_turnover_ratio": 1.77,
            "reinvestment_rate": 6.76,
            "research_to_sale_ratio": 34.04,
            "price_fair": 55.83,
            "eps_avg_yearly": 1.6,
            "eps_latest_yearly": 1.68,
            "eps_growth_yearly": 132.91
        },
        "20133": {
            "year_quarter": 20133,
            "year": 2013,
            "quarter": 3,
            "eps": 0.32,
            "eps_growth_year": 169,
            "eps_4q": 1.67,
            "eps_4q_growth_year": 44.43,
            "roe": 1.92,
            "roe_4q": 14.77,
            "gross_profit": 367298,
            "gross_margin": 76.05,
            "gross_margin_4q_avg": 77.19,
            "net_income": 52297,
            "net_income_4q": null,
            "revenue": 482945,
            "revenue_4q": null,
            "common_shares": 1543,
            "book_valuer_per_share": 2.56,
            "book_valuer_per_share_4q_avg": 1.59,
            "equity": 2736130,
            "current_ratio": 113.52,
            "debt_ratio": 36.2,
            "inventory_turnover_ratio": null,
            "account_receivable_turnover_ratio": 1.7,
            "reinvestment_rate": 5.67,
            "research_to_sale_ratio": 34.51,
            "price_fair": 55.65,
            "eps_avg_yearly": 1.59,
            "eps_latest_yearly": 1.28,
            "eps_growth_yearly": 128.34
        },
        "20134": {
            "year_quarter": 20134,
            "year": 2013,
            "quarter": 4,
            "eps": 0.32,
            "eps_growth_year": -36.2,
            "eps_4q": 1.49,
            "eps_4q_growth_year": 14.61,
            "roe": 2.06,
            "roe_4q": 9.370000000000001,
            "gross_profit": 385766,
            "gross_margin": 76.41,
            "gross_margin_4q_avg": 76.88,
            "net_income": 56890,
            "net_income_4q": null,
            "revenue": 504875,
            "revenue_4q": null,
            "common_shares": 1542,
            "book_valuer_per_share": 3.09,
            "book_valuer_per_share_4q_avg": 2.26,
            "equity": 2788277,
            "current_ratio": 118.4,
            "debt_ratio": 36.03,
            "inventory_turnover_ratio": null,
            "account_receivable_turnover_ratio": 1.77,
            "reinvestment_rate": 5.77,
            "research_to_sale_ratio": 34.67,
            "price_fair": 57.49,
            "eps_avg_yearly": 1.64,
            "eps_latest_yearly": 1.28,
            "eps_growth_yearly": 145.26
        },
        "20141": {
            "year_quarter": 20141,
            "year": 2014,
            "quarter": 1,
            "eps": 0.43,
            "eps_growth_year": -0.62,
            "eps_4q": 1.48,
            "eps_4q_growth_year": 3.4,
            "roe": 2.41,
            "roe_4q": 8.98,
            "gross_profit": 373102,
            "gross_margin": 77.9,
            "gross_margin_4q_avg": 77.2,
            "net_income": 67696,
            "net_income_4q": null,
            "revenue": 478951,
            "revenue_4q": null,
            "common_shares": 1541,
            "book_valuer_per_share": 3.56,
            "book_valuer_per_share_4q_avg": 2.83,
            "equity": 2823215,
            "current_ratio": 127.41,
            "debt_ratio": 32.65,
            "inventory_turnover_ratio": null,
            "account_receivable_turnover_ratio": 1.77,
            "reinvestment_rate": 5.82,
            "research_to_sale_ratio": 34.98,
            "price_fair": 58.45,
            "eps_avg_yearly": 1.67,
            "eps_latest_yearly": 1.72,
            "eps_growth_yearly": 106.12
        },
        "20142": {
            "year_quarter": 20142,
            "year": 2014,
            "quarter": 2,
            "eps": 0.38,
            "eps_growth_year": -8.21,
            "eps_4q": 1.45,
            "eps_4q_growth_year": -1.49,
            "roe": 2.21,
            "roe_4q": 8.6,
            "gross_profit": 403612,
            "gross_margin": 77.96,
            "gross_margin_4q_avg": 77.08,
            "net_income": 63317,
            "net_income_4q": null,
            "revenue": 517697,
            "revenue_4q": null,
            "common_shares": 1547,
            "book_valuer_per_share": 1.72,
            "book_valuer_per_share_4q_avg": 2.73,
            "equity": 2919119,
            "current_ratio": 101.8,
            "debt_ratio": 35.99,
            "inventory_turnover_ratio": null,
            "account_receivable_turnover_ratio": 1.71,
            "reinvestment_rate": 7.25,
            "research_to_sale_ratio": 34.39,
            "price_fair": 58.89,
            "eps_avg_yearly": 1.68,
            "eps_latest_yearly": 1.52,
            "eps_growth_yearly": 102.43
        },
        "20143": {
            "year_quarter": 20143,
            "year": 2014,
            "quarter": 3,
            "eps": 0.4,
            "eps_growth_year": 25.81,
            "eps_4q": 1.53,
            "eps_4q_growth_year": -8.33,
            "roe": 2.22,
            "roe_4q": 8.9,
            "gross_profit": 406282,
            "gross_margin": 77.86,
            "gross_margin_4q_avg": 77.53,
            "net_income": 65656,
            "net_income_4q": null,
            "revenue": 521812,
            "revenue_4q": null,
            "common_shares": 1556,
            "book_valuer_per_share": 2.36,
            "book_valuer_per_share_4q_avg": 2.68,
            "equity": 2996053,
            "current_ratio": 107.13,
            "debt_ratio": 34.08,
            "inventory_turnover_ratio": null,
            "account_receivable_turnover_ratio": 1.74,
            "reinvestment_rate": 8.7,
            "research_to_sale_ratio": 35.03,
            "price_fair": 59.5,
            "eps_avg_yearly": 1.7,
            "eps_latest_yearly": 1.6,
            "eps_growth_yearly": 103.75
        },
        "20144": {
            "year_quarter": 20144,
            "year": 2014,
            "quarter": 4,
            "eps": 0.38,
            "eps_growth_year": 16.86,
            "eps_4q": 1.59,
            "eps_4q_growth_year": 6.69,
            "roe": 2.06,
            "roe_4q": 8.9,
            "gross_profit": 417591,
            "gross_margin": 77.47,
            "gross_margin_4q_avg": 77.8,
            "net_income": 62455,
            "net_income_4q": null,
            "revenue": 539012,
            "revenue_4q": null,
            "common_shares": 1560,
            "book_valuer_per_share": 2.79,
            "book_valuer_per_share_4q_avg": 2.61,
            "equity": 3056170,
            "current_ratio": 108.51,
            "debt_ratio": 36,
            "inventory_turnover_ratio": null,
            "account_receivable_turnover_ratio": 1.77,
            "reinvestment_rate": 11.08,
            "research_to_sale_ratio": 35.32,
            "price_fair": 60.73,
            "eps_avg_yearly": 1.74,
            "eps_latest_yearly": 1.52,
            "eps_growth_yearly": 109.32
        },
        "20151": {
            "year_quarter": 20151,
            "year": 2015,
            "quarter": 1,
            "eps": 0.5,
            "eps_growth_year": 18.29,
            "eps_4q": 1.66,
            "eps_4q_growth_year": 12.13,
            "roe": 2.18,
            "roe_4q": 8.670000000000002,
            "gross_profit": 417410,
            "gross_margin": 77.01,
            "gross_margin_4q_avg": 77.58,
            "net_income": 65189,
            "net_income_4q": null,
            "revenue": 542043,
            "revenue_4q": null,
            "common_shares": 1535,
            "book_valuer_per_share": 2.34,
            "book_valuer_per_share_4q_avg": 2.3,
            "equity": 2937021,
            "current_ratio": 105.45,
            "debt_ratio": 37.01,
            "inventory_turnover_ratio": null,
            "account_receivable_turnover_ratio": 1.63,
            "reinvestment_rate": 11.25,
            "research_to_sale_ratio": 33.5,
            "price_fair": 62.39,
            "eps_avg_yearly": 1.78,
            "eps_latest_yearly": 2,
            "eps_growth_yearly": 109.92
        },
        "20152": {
            "year_quarter": 20152,
            "year": 2015,
            "quarter": 2,
            "eps": 0.33,
            "eps_growth_year": -14.35,
            "eps_4q": 1.61,
            "eps_4q_growth_year": 10.99,
            "roe": 1.85,
            "roe_4q": 8.31,
            "gross_profit": 432232,
            "gross_margin": 77.57,
            "gross_margin_4q_avg": 77.48,
            "net_income": 55596,
            "net_income_4q": null,
            "revenue": 557204,
            "revenue_4q": null,
            "common_shares": 1551,
            "book_valuer_per_share": 3.29,
            "book_valuer_per_share_4q_avg": 2.7,
            "equity": 3064998,
            "current_ratio": 116.6,
            "debt_ratio": 35.56,
            "inventory_turnover_ratio": null,
            "account_receivable_turnover_ratio": 1.63,
            "reinvestment_rate": 11.3,
            "research_to_sale_ratio": 33.8,
            "price_fair": 62.13,
            "eps_avg_yearly": 1.78,
            "eps_latest_yearly": 1.32,
            "eps_growth_yearly": 97.39
        },
        "20153": {
            "year_quarter": 20153,
            "year": 2015,
            "quarter": 3,
            "eps": 0.34,
            "eps_growth_year": -15.12,
            "eps_4q": 1.55,
            "eps_4q_growth_year": 1.13,
            "roe": 1.79,
            "roe_4q": 7.880000000000001,
            "gross_profit": 426334,
            "gross_margin": 76.71,
            "gross_margin_4q_avg": 77.19,
            "net_income": 55387,
            "net_income_4q": null,
            "revenue": 555805,
            "revenue_4q": null,
            "common_shares": 1559,
            "book_valuer_per_share": 3.1,
            "book_valuer_per_share_4q_avg": 2.88,
            "equity": 3138248,
            "current_ratio": 111.53,
            "debt_ratio": 36.65,
            "inventory_turnover_ratio": null,
            "account_receivable_turnover_ratio": 1.55,
            "reinvestment_rate": 10.94,
            "research_to_sale_ratio": 35.62,
            "price_fair": 61.86,
            "eps_avg_yearly": 1.77,
            "eps_latest_yearly": 1.36,
            "eps_growth_yearly": 97.45
        },
        "20154": {
            "year_quarter": 20154,
            "year": 2015,
            "quarter": 4,
            "eps": 0.33,
            "eps_growth_year": -12.26,
            "eps_4q": 1.5,
            "eps_4q_growth_year": -5.29,
            "roe": 1.59,
            "roe_4q": 7.41,
            "gross_profit": 447315,
            "gross_margin": 76.18,
            "gross_margin_4q_avg": 76.87,
            "net_income": 49762,
            "net_income_4q": null,
            "revenue": 587159,
            "revenue_4q": null,
            "common_shares": 1552,
            "book_valuer_per_share": 1.93,
            "book_valuer_per_share_4q_avg": 2.67,
            "equity": 3133989,
            "current_ratio": 93.06,
            "debt_ratio": 37.89,
            "inventory_turnover_ratio": null,
            "account_receivable_turnover_ratio": 1.51,
            "reinvestment_rate": 11.18,
            "research_to_sale_ratio": 35.48,
            "price_fair": 62.21,
            "eps_avg_yearly": 1.78,
            "eps_latest_yearly": 1.32,
            "eps_growth_yearly": 102.12
        },
        "20161": {
            "year_quarter": 20161,
            "year": 2016,
            "quarter": 1,
            "eps": 0.46,
            "eps_growth_year": -9.48,
            "eps_4q": 1.45,
            "eps_4q_growth_year": -12.58,
            "roe": 1.96,
            "roe_4q": 7.1899999999999995,
            "gross_profit": 439160,
            "gross_margin": 77.23,
            "gross_margin_4q_avg": 76.92,
            "net_income": 60035,
            "net_income_4q": null,
            "revenue": 568604,
            "revenue_4q": null,
            "common_shares": 1515,
            "book_valuer_per_share": 1.19,
            "book_valuer_per_share_4q_avg": 2.38,
            "equity": 2990383,
            "current_ratio": 83.76,
            "debt_ratio": 37.01,
            "inventory_turnover_ratio": null,
            "account_receivable_turnover_ratio": 1.36,
            "reinvestment_rate": 10.99,
            "research_to_sale_ratio": 34.59,
            "price_fair": 62.91,
            "eps_avg_yearly": 1.8,
            "eps_latest_yearly": 1.84,
            "eps_growth_yearly": 104.21
        },
        "20162": {
            "year_quarter": 20162,
            "year": 2016,
            "quarter": 2,
            "eps": 0.41,
            "eps_growth_year": 25.91,
            "eps_4q": 1.54,
            "eps_4q_growth_year": -4.32,
            "roe": 2.26,
            "roe_4q": 7.6,
            "gross_profit": 473375,
            "gross_margin": 78.24,
            "gross_margin_4q_avg": 77.09,
            "net_income": 69376,
            "net_income_4q": null,
            "revenue": 605005,
            "revenue_4q": null,
            "common_shares": 1523,
            "book_valuer_per_share": 2.16,
            "book_valuer_per_share_4q_avg": 2.1,
            "equity": 3150005,
            "current_ratio": 94.48,
            "debt_ratio": 36.56,
            "inventory_turnover_ratio": null,
            "account_receivable_turnover_ratio": 1.61,
            "reinvestment_rate": 10.54,
            "research_to_sale_ratio": 35.73,
            "price_fair": 65.45,
            "eps_avg_yearly": 1.87,
            "eps_latest_yearly": 1.64,
            "eps_growth_yearly": 118.6
        },
        "20163": {
            "year_quarter": 20163,
            "year": 2016,
            "quarter": 3,
            "eps": 0.39,
            "eps_growth_year": 14.39,
            "eps_4q": 1.59,
            "eps_4q_growth_year": 2.55,
            "roe": 2.06,
            "roe_4q": 7.87,
            "gross_profit": 475527,
            "gross_margin": 77.3,
            "gross_margin_4q_avg": 77.24,
            "net_income": 64718,
            "net_income_4q": null,
            "revenue": 615204,
            "revenue_4q": null,
            "common_shares": 1514,
            "book_valuer_per_share": 2.05,
            "book_valuer_per_share_4q_avg": 1.83,
            "equity": 3120746,
            "current_ratio": 93.29,
            "debt_ratio": 38.91,
            "inventory_turnover_ratio": null,
            "account_receivable_turnover_ratio": 1.72,
            "reinvestment_rate": 9.26,
            "research_to_sale_ratio": 36.07,
            "price_fair": 64.4,
            "eps_avg_yearly": 1.84,
            "eps_latest_yearly": 1.56,
            "eps_growth_yearly": 36.13
        },
        "20164": {
            "year_quarter": 20164,
            "year": 2016,
            "quarter": 4,
            "eps": 0.52,
            "eps_growth_year": 55.32,
            "eps_4q": 1.77,
            "eps_4q_growth_year": 17.97,
            "roe": 2.3,
            "roe_4q": 8.579999999999998,
            "gross_profit": 491508,
            "gross_margin": 77.56,
            "gross_margin_4q_avg": 77.58,
            "net_income": 72697,
            "net_income_4q": null,
            "revenue": 633719,
            "revenue_4q": null,
            "common_shares": 1515,
            "book_valuer_per_share": 2.71,
            "book_valuer_per_share_4q_avg": 2.03,
            "equity": 3195146,
            "current_ratio": 100.12,
            "debt_ratio": 39.03,
            "inventory_turnover_ratio": null,
            "account_receivable_turnover_ratio": 1.47,
            "reinvestment_rate": 6.4,
            "research_to_sale_ratio": 35.02,
            "price_fair": 4.77,
            "eps_avg_yearly": 1.59,
            "eps_latest_yearly": 2.08,
            "eps_growth_yearly": -5.05
        },
        "20171": {
            "year_quarter": 20171,
            "year": 2017,
            "quarter": 1,
            "eps": 0.58,
            "eps_growth_year": 27.97,
            "eps_4q": 1.9,
            "eps_4q_growth_year": 30.6,
            "roe": 2.66,
            "roe_4q": 9.28,
            "gross_profit": 497040,
            "gross_margin": 76.14,
            "gross_margin_4q_avg": 77.31,
            "net_income": 86588,
            "net_income_4q": null,
            "revenue": 652786,
            "revenue_4q": null,
            "common_shares": 1505,
            "book_valuer_per_share": 2.46,
            "book_valuer_per_share_4q_avg": 2.35,
            "equity": 3324685,
            "current_ratio": 101.89,
            "debt_ratio": 36.84,
            "inventory_turnover_ratio": null,
            "account_receivable_turnover_ratio": 1.48,
            "reinvestment_rate": 6.05,
            "research_to_sale_ratio": 32.58,
            "price_fair": 41.93,
            "eps_avg_yearly": 1.63,
            "eps_latest_yearly": 2.32,
            "eps_growth_yearly": 15.77
        },
        "20172": {
            "year_quarter": 20172,
            "year": 2017,
            "quarter": 2,
            "eps": 0.37,
            "eps_growth_year": -9.71,
            "eps_4q": 1.86,
            "eps_4q_growth_year": 20.79,
            "roe": 1.59,
            "roe_4q": 8.61,
            "gross_profit": 518041,
            "gross_margin": 76.17,
            "gross_margin_4q_avg": 76.79,
            "net_income": 53306,
            "net_income_4q": null,
            "revenue": 680069,
            "revenue_4q": null,
            "common_shares": 1506,
            "book_valuer_per_share": 2.93,
            "book_valuer_per_share_4q_avg": 2.54,
            "equity": 3377495,
            "current_ratio": 105.56,
            "debt_ratio": 38.22,
            "inventory_turnover_ratio": null,
            "account_receivable_turnover_ratio": 1.67,
            "reinvestment_rate": 6.52,
            "research_to_sale_ratio": 32.79,
            "price_fair": 27.93,
            "eps_avg_yearly": 1.62,
            "eps_latest_yearly": 1.48,
            "eps_growth_yearly": 7.3
        },
        "20173": {
            "year_quarter": 20173,
            "year": 2017,
            "quarter": 3,
            "eps": 0.75,
            "eps_growth_year": 94.26,
            "eps_4q": 2.22,
            "eps_4q_growth_year": 40.05,
            "roe": 3.43,
            "roe_4q": 9.98,
            "gross_profit": 525835,
            "gross_margin": 75.62,
            "gross_margin_4q_avg": 76.37,
            "net_income": 116751,
            "net_income_4q": null,
            "revenue": 695381,
            "revenue_4q": null,
            "common_shares": 1503,
            "book_valuer_per_share": 3.42,
            "book_valuer_per_share_4q_avg": 2.88,
            "equity": 3423168,
            "current_ratio": 107.38,
            "debt_ratio": 39.72,
            "inventory_turnover_ratio": null,
            "account_receivable_turnover_ratio": 1.55,
            "reinvestment_rate": 6.05,
            "research_to_sale_ratio": 32.88,
            "price_fair": 60.29,
            "eps_avg_yearly": 1.72,
            "eps_latest_yearly": 3,
            "eps_growth_yearly": 38.92
        },
        "20174": {
            "year_quarter": 20174,
            "year": 2017,
            "quarter": 4,
            "eps": -0.81,
            "eps_growth_year": -255.97,
            "eps_4q": 0.9,
            "eps_4q_growth_year": -49.11,
            "roe": -3.59,
            "roe_4q": 4.090000000000001,
            "gross_profit": 529780,
            "gross_margin": 76.05,
            "gross_margin_4q_avg": 76,
            "net_income": -120082,
            "net_income_4q": null,
            "revenue": 696644,
            "revenue_4q": null,
            "common_shares": 1505,
            "book_valuer_per_share": 2.09,
            "book_valuer_per_share_4q_avg": 2.73,
            "equity": 3275620,
            "current_ratio": 104.24,
            "debt_ratio": 39.3,
            "inventory_turnover_ratio": null,
            "account_receivable_turnover_ratio": 1.44,
            "reinvestment_rate": 7.73,
            "research_to_sale_ratio": 35.1,
            "price_fair": 61.32,
            "eps_avg_yearly": 1.75,
            "eps_latest_yearly": 3,
            "eps_growth_yearly": 41.52
        },
        "20181": {
            "year_quarter": 20181,
            "year": 2018,
            "quarter": 1,
            "eps": 0.68,
            "eps_growth_year": 17.22,
            "eps_4q": 1,
            "eps_4q_growth_year": -47.24,
            "roe": 3.6,
            "roe_4q": 5.03,
            "gross_profit": 588270,
            "gross_margin": 76.46,
            "gross_margin_4q_avg": 76.08,
            "net_income": 115309,
            "net_income_4q": null,
            "revenue": 769426,
            "revenue_4q": null,
            "common_shares": 1490,
            "book_valuer_per_share": -2.88,
            "book_valuer_per_share_4q_avg": 1.39,
            "equity": 3136529,
            "current_ratio": 68.31,
            "debt_ratio": 45.14,
            "inventory_turnover_ratio": null,
            "account_receivable_turnover_ratio": 1.48,
            "reinvestment_rate": 8.72,
            "research_to_sale_ratio": 34.36,
            "price_fair": 61.4,
            "eps_avg_yearly": 1.75,
            "eps_latest_yearly": 3,
            "eps_growth_yearly": 34.66
        },
        "20182": {
            "year_quarter": 20182,
            "year": 2018,
            "quarter": 2,
            "eps": 0.72,
            "eps_growth_year": 93.64,
            "eps_4q": 1.35,
            "eps_4q_growth_year": -27.32,
            "roe": 3.21,
            "roe_4q": 6.65,
            "gross_profit": 598057,
            "gross_margin": 76.99,
            "gross_margin_4q_avg": 76.28,
            "net_income": 102472,
            "net_income_4q": null,
            "revenue": 776836,
            "revenue_4q": null,
            "common_shares": 1490,
            "book_valuer_per_share": -2.1,
            "book_valuer_per_share_4q_avg": 0.13,
            "equity": 3256293,
            "current_ratio": 72.81,
            "debt_ratio": 42.86,
            "inventory_turnover_ratio": null,
            "account_receivable_turnover_ratio": 1.34,
            "reinvestment_rate": 6.95,
            "research_to_sale_ratio": 32.46,
            "price_fair": 64.8,
            "eps_avg_yearly": 1.85,
            "eps_latest_yearly": 2.88,
            "eps_growth_yearly": 39.67
        },
        "20183": {
            "year_quarter": 20183,
            "year": 2018,
            "quarter": 3,
            "eps": 0.48,
            "eps_growth_year": -35.51,
            "eps_4q": 1.08,
            "eps_4q_growth_year": -51.24,
            "roe": 2.48,
            "roe_4q": 5.699999999999999,
            "gross_profit": 594333,
            "gross_margin": 76.22,
            "gross_margin_4q_avg": 76.43,
            "net_income": 79409,
            "net_income_4q": null,
            "revenue": 779714,
            "revenue_4q": null,
            "common_shares": 1486,
            "book_valuer_per_share": -2.52,
            "book_valuer_per_share_4q_avg": -1.35,
            "equity": 3158139,
            "current_ratio": 70.35,
            "debt_ratio": 45.5,
            "inventory_turnover_ratio": null,
            "account_receivable_turnover_ratio": 1.34,
            "reinvestment_rate": 4.18,
            "research_to_sale_ratio": 35.58,
            "price_fair": 65.6,
            "eps_avg_yearly": 1.87,
            "eps_latest_yearly": 1.92,
            "eps_growth_yearly": 28.64
        },
        "20184": {
            "year_quarter": 20184,
            "year": 2018,
            "quarter": 4,
            "eps": 1.71,
            "eps_growth_year": null,
            "eps_4q": 3.6,
            "eps_4q_growth_year": 298.67,
            "roe": 7.51,
            "roe_4q": 16.8,
            "gross_profit": 604500,
            "gross_margin": 76.03,
            "gross_margin_4q_avg": 76.43,
            "net_income": 249328,
            "net_income_4q": null,
            "revenue": 795082,
            "revenue_4q": null,
            "common_shares": 1493,
            "book_valuer_per_share": -0.16,
            "book_valuer_per_share_4q_avg": -1.92,
            "equity": 3479152,
            "current_ratio": 73.43,
            "debt_ratio": 43.39,
            "inventory_turnover_ratio": null,
            "account_receivable_turnover_ratio": 1.35,
            "reinvestment_rate": 4.53,
            "research_to_sale_ratio": 36.58,
            "price_fair": 78.9,
            "eps_avg_yearly": 2.25,
            "eps_latest_yearly": 6.84,
            "eps_growth_yearly": 103.28
        },
        "20191": {
            "year_quarter": 20191,
            "year": 2019,
            "quarter": 1,
            "eps": 0.91,
            "eps_growth_year": 33.04,
            "eps_4q": 3.82,
            "eps_4q_growth_year": 281.27,
            "roe": 4.23,
            "roe_4q": 17.43,
            "gross_profit": 627509,
            "gross_margin": 76.49,
            "gross_margin_4q_avg": 76.43,
            "net_income": 153514,
            "net_income_4q": null,
            "revenue": 820401,
            "revenue_4q": null,
            "common_shares": 1493,
            "book_valuer_per_share": 2.02,
            "book_valuer_per_share_4q_avg": -0.69,
            "equity": 3778802,
            "current_ratio": 88.74,
            "debt_ratio": 40.44,
            "inventory_turnover_ratio": 1.48,
            "account_receivable_turnover_ratio": 1.13,
            "reinvestment_rate": 4.72,
            "research_to_sale_ratio": 33.07,
            "price_fair": 83,
            "eps_avg_yearly": 2.37,
            "eps_latest_yearly": 3.64,
            "eps_growth_yearly": 80.89
        },
        "20192": {
            "year_quarter": 20192,
            "year": 2019,
            "quarter": 2,
            "eps": 0.76,
            "eps_growth_year": 4.99,
            "eps_4q": 3.86,
            "eps_4q_growth_year": 185.43,
            "roe": 3.08,
            "roe_4q": 17.3,
            "gross_profit": 645563,
            "gross_margin": 77.2,
            "gross_margin_4q_avg": 76.49,
            "net_income": 118210,
            "net_income_4q": null,
            "revenue": 836242,
            "revenue_4q": null,
            "common_shares": 1500,
            "book_valuer_per_share": 3.06,
            "book_valuer_per_share_4q_avg": 0.6,
            "equity": 3909572,
            "current_ratio": 94.86,
            "debt_ratio": 36.88,
            "inventory_turnover_ratio": 1.25,
            "account_receivable_turnover_ratio": 1.19,
            "reinvestment_rate": 6.29,
            "research_to_sale_ratio": 34.71,
            "price_fair": 87.3,
            "eps_avg_yearly": 2.49,
            "eps_latest_yearly": 3.04,
            "eps_growth_yearly": 85.9
        },
        "20193": {
            "year_quarter": 20193,
            "year": 2019,
            "quarter": 3,
            "eps": 0.72,
            "eps_growth_year": 48.07,
            "eps_4q": 4.09,
            "eps_4q_growth_year": 277.18,
            "roe": 2.55,
            "roe_4q": 17.369999999999997,
            "gross_profit": 666338,
            "gross_margin": 78.12,
            "gross_margin_4q_avg": 76.96,
            "net_income": 99929,
            "net_income_4q": null,
            "revenue": 852970,
            "revenue_4q": null,
            "common_shares": 1504,
            "book_valuer_per_share": 3.37,
            "book_valuer_per_share_4q_avg": 2.07,
            "equity": 3933806,
            "current_ratio": 99.21,
            "debt_ratio": 36.07,
            "inventory_turnover_ratio": 1.16,
            "account_receivable_turnover_ratio": 1.59,
            "reinvestment_rate": 7.98,
            "research_to_sale_ratio": 33.39,
            "price_fair": 91.1,
            "eps_avg_yearly": 2.6,
            "eps_latest_yearly": 2.88,
            "eps_growth_yearly": 83.53
        },
        "20194": {
            "year_quarter": 20194,
            "year": 2019,
            "quarter": 4,
            "eps": 1.08,
            "eps_growth_year": -36.59,
            "eps_4q": 3.47,
            "eps_4q_growth_year": -3.59,
            "roe": 4.01,
            "roe_4q": 13.870000000000001,
            "gross_profit": 668338,
            "gross_margin": 78.53,
            "gross_margin_4q_avg": 77.59,
            "net_income": 160714,
            "net_income_4q": null,
            "revenue": 851081,
            "revenue_4q": null,
            "common_shares": 1503,
            "book_valuer_per_share": 4.21,
            "book_valuer_per_share_4q_avg": 3.17,
            "equity": 4083013,
            "current_ratio": 99.23,
            "debt_ratio": 36.25,
            "inventory_turnover_ratio": 1.23,
            "account_receivable_turnover_ratio": 1.6,
            "reinvestment_rate": 11.35,
            "research_to_sale_ratio": 34.13,
            "price_fair": 98.6,
            "eps_avg_yearly": 2.82,
            "eps_latest_yearly": 4.32,
            "eps_growth_yearly": 98.65
        },
        "20201": {
            "year_quarter": 20201,
            "year": 2020,
            "quarter": 1,
            "eps": 0.66,
            "eps_growth_year": -27.65,
            "eps_4q": 3.21,
            "eps_4q_growth_year": -15.87,
            "roe": 2.53,
            "roe_4q": 12.17,
            "gross_profit": 641513,
            "gross_margin": 76.88,
            "gross_margin_4q_avg": 77.68,
            "net_income": 104061,
            "net_income_4q": null,
            "revenue": 834381,
            "revenue_4q": null,
            "common_shares": 1502,
            "book_valuer_per_share": 4.23,
            "book_valuer_per_share_4q_avg": 3.72,
            "equity": 4148827,
            "current_ratio": 94.93,
            "debt_ratio": 42.4,
            "inventory_turnover_ratio": 1.33,
            "account_receivable_turnover_ratio": 1.04,
            "reinvestment_rate": 43.16,
            "research_to_sale_ratio": 37.67,
            "price_fair": 100.6,
            "eps_avg_yearly": 2.87,
            "eps_latest_yearly": 2.64,
            "eps_growth_yearly": 76.29
        },
        "20202": {
            "year_quarter": 20202,
            "year": 2020,
            "quarter": 2,
            "eps": 1.02,
            "eps_growth_year": 35,
            "eps_4q": 3.48,
            "eps_4q_growth_year": -9.78,
            "roe": 2.61,
            "roe_4q": 11.7,
            "gross_profit": 677062,
            "gross_margin": 78.61,
            "gross_margin_4q_avg": 78.04,
            "net_income": 109920,
            "net_income_4q": null,
            "revenue": 861327,
            "revenue_4q": null,
            "common_shares": 1509,
            "book_valuer_per_share": 4.54,
            "book_valuer_per_share_4q_avg": 4.09,
            "equity": 4275086,
            "current_ratio": 95.45,
            "debt_ratio": 41.62,
            "inventory_turnover_ratio": 1.17,
            "account_receivable_turnover_ratio": 0.92,
            "reinvestment_rate": 43.04,
            "research_to_sale_ratio": 35.13,
            "price_fair": 106.7,
            "eps_avg_yearly": 3.05,
            "eps_latest_yearly": 4.08,
            "eps_growth_yearly": 94.98
        },
        "20203": {
            "year_quarter": 20203,
            "year": 2020,
            "quarter": 3,
            "eps": 1.5,
            "eps_growth_year": 109.62,
            "eps_4q": 4.27,
            "eps_4q_growth_year": 4.32,
            "roe": 5.7,
            "roe_4q": 14.85,
            "gross_profit": 771126,
            "gross_margin": 79.98,
            "gross_margin_4q_avg": 78.5,
            "net_income": 252911,
            "net_income_4q": null,
            "revenue": 964134,
            "revenue_4q": null,
            "common_shares": 1519,
            "book_valuer_per_share": 6.35,
            "book_valuer_per_share_4q_avg": 4.83,
            "equity": 4595925,
            "current_ratio": 106.31,
            "debt_ratio": 40.03,
            "inventory_turnover_ratio": 1.18,
            "account_receivable_turnover_ratio": 1.12,
            "reinvestment_rate": 39.87,
            "research_to_sale_ratio": 33.46,
            "price_fair": 117.8,
            "eps_avg_yearly": 3.37,
            "eps_latest_yearly": 6,
            "eps_growth_yearly": 109.81
        },
        "20204": {
            "year_quarter": 20204,
            "year": 2020,
            "quarter": 4,
            "eps": 1.15,
            "eps_growth_year": 6,
            "eps_4q": 4.33,
            "eps_4q_growth_year": 24.97,
            "roe": 4.14,
            "roe_4q": 14.979999999999999,
            "gross_profit": 800890,
            "gross_margin": 78.1,
            "gross_margin_4q_avg": 78.39,
            "net_income": 196555,
            "net_income_4q": null,
            "revenue": 1025439,
            "revenue_4q": null,
            "common_shares": 1528,
            "book_valuer_per_share": 8.44,
            "book_valuer_per_share_4q_avg": 5.89,
            "equity": 4907404,
            "current_ratio": 119.13,
            "debt_ratio": 38.89,
            "inventory_turnover_ratio": 1.28,
            "account_receivable_turnover_ratio": 1.08,
            "reinvestment_rate": 36.89,
            "research_to_sale_ratio": 33.11,
            "price_fair": 124.1,
            "eps_avg_yearly": 3.55,
            "eps_latest_yearly": 4.6,
            "eps_growth_yearly": 93.62
        },
        "20211": {
            "year_quarter": 20211,
            "year": 2021,
            "quarter": 1,
            "eps": 0.85,
            "eps_growth_year": 29.61,
            "eps_4q": 4.53,
            "eps_4q_growth_year": 40.8,
            "roe": 3.31,
            "roe_4q": 15.759999999999998,
            "gross_profit": 762322,
            "gross_margin": 78.56,
            "gross_margin_4q_avg": 78.81,
            "net_income": 162028,
            "net_income_4q": null,
            "revenue": 970321,
            "revenue_4q": null,
            "common_shares": 1526,
            "book_valuer_per_share": 7.84,
            "book_valuer_per_share_4q_avg": 6.79,
            "equity": 4882252,
            "current_ratio": 110.42,
            "debt_ratio": 39.07,
            "inventory_turnover_ratio": 0.98,
            "account_receivable_turnover_ratio": 0.94,
            "reinvestment_rate": 35.29,
            "research_to_sale_ratio": 36.84,
            "price_fair": 126.8,
            "eps_avg_yearly": 3.62,
            "eps_latest_yearly": 3.4,
            "eps_growth_yearly": 82.87
        },
        "20212": {
            "year_quarter": 20212,
            "year": 2021,
            "quarter": 2,
            "eps": 1.12,
            "eps_growth_year": 9.4,
            "eps_4q": 4.62,
            "eps_4q_growth_year": 32.83,
            "roe": 3.91,
            "roe_4q": 17.06,
            "gross_profit": 810337,
            "gross_margin": 79.11,
            "gross_margin_4q_avg": 78.94,
            "net_income": 194802,
            "net_income_4q": null,
            "revenue": 1024323,
            "revenue_4q": null,
            "common_shares": 1526,
            "book_valuer_per_share": 9.32,
            "book_valuer_per_share_4q_avg": 7.99,
            "equity": 5088135,
            "current_ratio": 119.24,
            "debt_ratio": 38.99,
            "inventory_turnover_ratio": 0.93,
            "account_receivable_turnover_ratio": 1.07,
            "reinvestment_rate": 34.48,
            "research_to_sale_ratio": 35.37,
            "price_fair": 134.3,
            "eps_avg_yearly": 3.84,
            "eps_latest_yearly": 4.48,
            "eps_growth_yearly": 102.29
        },
        "20213": {
            "year_quarter": 20213,
            "year": 2021,
            "quarter": 3,
            "eps": 1.29,
            "eps_growth_year": -14,
            "eps_4q": 4.41,
            "eps_4q_growth_year": 3.41,
            "roe": 3.88,
            "roe_4q": 15.239999999999998,
            "gross_profit": 852064,
            "gross_margin": 80.6,
            "gross_margin_4q_avg": 79.09,
            "net_income": 198392,
            "net_income_4q": null,
            "revenue": 1057130,
            "revenue_4q": null,
            "common_shares": 1526,
            "book_valuer_per_share": 9.28,
            "book_valuer_per_share_4q_avg": 8.72,
            "equity": 5151020,
            "current_ratio": 118.39,
            "debt_ratio": 39.3,
            "inventory_turnover_ratio": 0.87,
            "account_receivable_turnover_ratio": 1.21,
            "reinvestment_rate": 32.08,
            "research_to_sale_ratio": 35.11,
            "price_fair": 139.7,
            "eps_avg_yearly": 3.99,
            "eps_latest_yearly": 5.16,
            "eps_growth_yearly": 77.29
        },
        "20214": {
            "year_quarter": 20214,
            "year": 2021,
            "quarter": 4,
            "eps": 1.31,
            "eps_growth_year": 14.68,
            "eps_4q": 4.58,
            "eps_4q_growth_year": 5.74,
            "roe": 3.85,
            "roe_4q": 14.950000000000001,
            "gross_profit": 917693,
            "gross_margin": 79.63,
            "gross_margin_4q_avg": 79.48,
            "net_income": 201137,
            "net_income_4q": null,
            "revenue": 1152419,
            "revenue_4q": null,
            "common_shares": 1531,
            "book_valuer_per_share": 9.41,
            "book_valuer_per_share_4q_avg": 8.96,
            "equity": 5295137,
            "current_ratio": 116.36,
            "debt_ratio": 39.5,
            "inventory_turnover_ratio": 1,
            "account_receivable_turnover_ratio": 1.32,
            "reinvestment_rate": 27.29,
            "research_to_sale_ratio": 35.91,
            "price_fair": 142.61,
            "eps_avg_yearly": 4.07,
            "eps_latest_yearly": 5.24,
            "eps_growth_yearly": 72.55
        },
        "20221": {
            "year_quarter": 20221,
            "year": 2022,
            "quarter": 1,
            "eps": 2.2,
            "eps_growth_year": 157.79,
            "eps_4q": 5.93,
            "eps_4q_growth_year": 30.92,
            "roe": 5.87,
            "roe_4q": 17.51,
            "gross_profit": 1013271,
            "gross_margin": 79.77,
            "gross_margin_4q_avg": 79.78,
            "net_income": 313341,
            "net_income_4q": null,
            "revenue": 1270255,
            "revenue_4q": null,
            "common_shares": 1533,
            "book_valuer_per_share": 10,
            "book_valuer_per_share_4q_avg": 9.5,
            "equity": 5386773,
            "current_ratio": 119.25,
            "debt_ratio": 39.48,
            "inventory_turnover_ratio": 1.16,
            "account_receivable_turnover_ratio": 1.16,
            "reinvestment_rate": 25.06,
            "research_to_sale_ratio": 30.23,
            "price_fair": 152.95,
            "eps_avg_yearly": 4.37,
            "eps_latest_yearly": 8.8,
            "eps_growth_yearly": 85
        },
        "20222": {
            "year_quarter": 20222,
            "year": 2022,
            "quarter": 2,
            "eps": 2.07,
            "eps_growth_year": 85.28,
            "eps_4q": 6.88,
            "eps_4q_growth_year": 48.84,
            "roe": 5.37,
            "roe_4q": 18.97,
            "gross_profit": 1026418,
            "gross_margin": 80.24,
            "gross_margin_4q_avg": 80.06,
            "net_income": 293892,
            "net_income_4q": null,
            "revenue": 1279229,
            "revenue_4q": null,
            "common_shares": 1530,
            "book_valuer_per_share": 10.56,
            "book_valuer_per_share_4q_avg": 9.81,
            "equity": 5564311,
            "current_ratio": 124.83,
            "debt_ratio": 39.59,
            "inventory_turnover_ratio": 1.19,
            "account_receivable_turnover_ratio": 1.13,
            "reinvestment_rate": 27.26,
            "research_to_sale_ratio": 30.48,
            "price_fair": 164.76,
            "eps_avg_yearly": 4.71,
            "eps_latest_yearly": 8.28,
            "eps_growth_yearly": 82.05
        },
        "20223": {
            "year_quarter": 20223,
            "year": 2022,
            "quarter": 3,
            "eps": 1.47,
            "eps_growth_year": 13.35,
            "eps_4q": 7.05,
            "eps_4q_growth_year": 59.86,
            "roe": 3.93,
            "roe_4q": 19.020000000000003,
            "gross_profit": 976585,
            "gross_margin": 78.27,
            "gross_margin_4q_avg": 79.48,
            "net_income": 219646,
            "net_income_4q": null,
            "revenue": 1247766,
            "revenue_4q": null,
            "common_shares": 1530,
            "book_valuer_per_share": 8.79,
            "book_valuer_per_share_4q_avg": 9.69,
            "equity": 5604026,
            "current_ratio": 113.87,
            "debt_ratio": 39.93,
            "inventory_turnover_ratio": 1.25,
            "account_receivable_turnover_ratio": 1.3,
            "reinvestment_rate": 24.89,
            "research_to_sale_ratio": 35.65,
            "price_fair": 173.43,
            "eps_avg_yearly": 4.96,
            "eps_latest_yearly": 5.88,
            "eps_growth_yearly": 83.14
        },
        "20224": {
            "year_quarter": 20224,
            "year": 2022,
            "quarter": 4,
            "eps": 1.08,
            "eps_growth_year": -17.78,
            "eps_4q": 6.82,
            "eps_4q_growth_year": 48.88,
            "roe": 2.73,
            "roe_4q": 17.900000000000002,
            "gross_profit": 1001571,
            "gross_margin": 77.99,
            "gross_margin_4q_avg": 79.07,
            "net_income": 151557,
            "net_income_4q": null,
            "revenue": 1284292,
            "revenue_4q": null,
            "common_shares": 1524,
            "book_valuer_per_share": 8.45,
            "book_valuer_per_share_4q_avg": 9.45,
            "equity": 5515725,
            "current_ratio": 108.58,
            "debt_ratio": 41.43,
            "inventory_turnover_ratio": 1.31,
            "account_receivable_turnover_ratio": 1.27,
            "reinvestment_rate": 24.79,
            "research_to_sale_ratio": 35.94,
            "price_fair": 107.67,
            "eps_avg_yearly": 4.8,
            "eps_latest_yearly": 4.32,
            "eps_growth_yearly": 12.44
        },
        "20231": {
            "year_quarter": 20231,
            "year": 2023,
            "quarter": 1,
            "eps": 1.9,
            "eps_growth_year": -13.78,
            "eps_4q": 6.52,
            "eps_4q_growth_year": 9.97,
            "roe": 4.82,
            "roe_4q": 16.85,
            "gross_profit": 1076986,
            "gross_margin": 79.11,
            "gross_margin_4q_avg": 78.9,
            "net_income": 268627,
            "net_income_4q": null,
            "revenue": 1361340,
            "revenue_4q": null,
            "common_shares": 1524,
            "book_valuer_per_share": 9.26,
            "book_valuer_per_share_4q_avg": 9.27,
            "equity": 5636754,
            "current_ratio": 111.13,
            "debt_ratio": 41.07,
            "inventory_turnover_ratio": 1.31,
            "account_receivable_turnover_ratio": 1.16,
            "reinvestment_rate": 25.03,
            "research_to_sale_ratio": 34.18,
            "price_fair": 176.58,
            "eps_avg_yearly": 5.05,
            "eps_latest_yearly": 7.6,
            "eps_growth_yearly": 43.12
        },
        "20232": {
            "year_quarter": 20232,
            "year": 2023,
            "quarter": 2,
            "eps": 1.79,
            "eps_growth_year": -13.79,
            "eps_4q": 6.23,
            "eps_4q_growth_year": -9.45,
            "roe": 4.71,
            "roe_4q": 16.19,
            "gross_profit": 1096849,
            "gross_margin": 78.63,
            "gross_margin_4q_avg": 78.5,
            "net_income": 269948,
            "net_income_4q": null,
            "revenue": 1394863,
            "revenue_4q": null,
            "common_shares": 1523,
            "book_valuer_per_share": 10.42,
            "book_valuer_per_share_4q_avg": 9.23,
            "equity": 5831859,
            "current_ratio": 115,
            "debt_ratio": 40.43,
            "inventory_turnover_ratio": 1.25,
            "account_receivable_turnover_ratio": 1.2,
            "reinvestment_rate": 23.58,
            "research_to_sale_ratio": 34.81,
            "price_fair": 185.59,
            "eps_avg_yearly": 5.3,
            "eps_latest_yearly": 7.16,
            "eps_growth_yearly": 45.79
        },
        "20233": {
            "year_quarter": 20233,
            "year": 2023,
            "quarter": 3,
            "eps": 2.12,
            "eps_growth_year": 44.32,
            "eps_4q": 6.88,
            "eps_4q_growth_year": -2.45,
            "roe": 5.25,
            "roe_4q": 17.51,
            "gross_profit": 1179806,
            "gross_margin": 79.33,
            "gross_margin_4q_avg": 78.77,
            "net_income": 309255,
            "net_income_4q": null,
            "revenue": 1487288,
            "revenue_4q": null,
            "common_shares": 1521,
            "book_valuer_per_share": 11.4,
            "book_valuer_per_share_4q_avg": 9.88,
            "equity": 5958555,
            "current_ratio": 119.72,
            "debt_ratio": 39.95,
            "inventory_turnover_ratio": 1.14,
            "account_receivable_turnover_ratio": 1.51,
            "reinvestment_rate": 20.1,
            "research_to_sale_ratio": 34.12,
            "price_fair": 197.84,
            "eps_avg_yearly": 5.65,
            "eps_latest_yearly": 8.48,
            "eps_growth_yearly": 51.72
        },
        "20234": {
            "year_quarter": 20234,
            "year": 2023,
            "quarter": 4,
            "eps": 2.4,
            "eps_growth_year": 122.14,
            "eps_4q": 8.2,
            "eps_4q_growth_year": 20.25,
            "roe": 5.72,
            "roe_4q": 20.5,
            "gross_profit": 1266785,
            "gross_margin": 79.22,
            "gross_margin_4q_avg": 79.07,
            "net_income": 346495,
            "net_income_4q": null,
            "revenue": 1599128,
            "revenue_4q": null,
            "common_shares": 1521,
            "book_valuer_per_share": 11.2,
            "book_valuer_per_share_4q_avg": 10.57,
            "equity": 6147308,
            "current_ratio": 114.91,
            "debt_ratio": 40.51,
            "inventory_turnover_ratio": 1.09,
            "account_receivable_turnover_ratio": 1.41,
            "reinvestment_rate": 5.83,
            "research_to_sale_ratio": 30.55,
            "price_fair": 209.39,
            "eps_avg_yearly": 5.98,
            "eps_latest_yearly": 9.6,
            "eps_growth_yearly": 42.52
        }
    },
    "months": {
        "2001-01": {
            "month": "2001-01",
            "price": "25.54",
            "revenue": 0
        },
        "2001-02": {
            "month": "2001-02",
            "price": "26.19",
            "revenue": 0
        },
        "2001-03": {
            "month": "2001-03",
            "price": "25.55",
            "revenue": 0
        },
        "2001-04": {
            "month": "2001-04",
            "price": "25.15",
            "revenue": 0
        },
        "2001-05": {
            "month": "2001-05",
            "price": "28.85",
            "revenue": 0
        },
        "2001-06": {
            "month": "2001-06",
            "price": "27.44",
            "revenue": 0
        },
        "2001-07": {
            "month": "2001-07",
            "price": "24.26",
            "revenue": 0
        },
        "2001-08": {
            "month": "2001-08",
            "price": "25.58",
            "revenue": 0
        },
        "2001-09": {
            "month": "2001-09",
            "price": "20.62",
            "revenue": 0
        },
        "2001-10": {
            "month": "2001-10",
            "price": "22.43",
            "revenue": 0
        },
        "2001-11": {
            "month": "2001-11",
            "price": "26.10",
            "revenue": 0
        },
        "2001-12": {
            "month": "2001-12",
            "price": "28.29",
            "revenue": 0
        },
        "2002-01": {
            "month": "2002-01",
            "price": "27.70",
            "revenue": 0
        },
        "2002-02": {
            "month": "2002-02",
            "price": "24.63",
            "revenue": 0
        },
        "2002-03": {
            "month": "2002-03",
            "price": "26.36",
            "revenue": 0
        },
        "2002-04": {
            "month": "2002-04",
            "price": "24.74",
            "revenue": 0
        },
        "2002-05": {
            "month": "2002-05",
            "price": "24.77",
            "revenue": 0
        },
        "2002-06": {
            "month": "2002-06",
            "price": "26.04",
            "revenue": 0
        },
        "2002-07": {
            "month": "2002-07",
            "price": "23.10",
            "revenue": 0
        },
        "2002-08": {
            "month": "2002-08",
            "price": "21.33",
            "revenue": 0
        },
        "2002-09": {
            "month": "2002-09",
            "price": "21.29",
            "revenue": 0
        },
        "2002-10": {
            "month": "2002-10",
            "price": "18.20",
            "revenue": 0
        },
        "2002-11": {
            "month": "2002-11",
            "price": "23.99",
            "revenue": 0
        },
        "2002-12": {
            "month": "2002-12",
            "price": "22.94",
            "revenue": 0
        },
        "2003-01": {
            "month": "2003-01",
            "price": "20.51",
            "revenue": 0
        },
        "2003-02": {
            "month": "2003-02",
            "price": "19.47",
            "revenue": 0
        },
        "2003-03": {
            "month": "2003-03",
            "price": "21.36",
            "revenue": 0
        },
        "2003-04": {
            "month": "2003-04",
            "price": "23.20",
            "revenue": 0
        },
        "2003-05": {
            "month": "2003-05",
            "price": "26.72",
            "revenue": 0
        },
        "2003-06": {
            "month": "2003-06",
            "price": "31.05",
            "revenue": 0
        },
        "2003-07": {
            "month": "2003-07",
            "price": "31.22",
            "revenue": 0
        },
        "2003-08": {
            "month": "2003-08",
            "price": "32.79",
            "revenue": 0
        },
        "2003-09": {
            "month": "2003-09",
            "price": "32.98",
            "revenue": 0
        },
        "2003-10": {
            "month": "2003-10",
            "price": "29.86",
            "revenue": 0
        },
        "2003-11": {
            "month": "2003-11",
            "price": "30.25",
            "revenue": 0
        },
        "2003-12": {
            "month": "2003-12",
            "price": "32.94",
            "revenue": 0
        },
        "2004-01": {
            "month": "2004-01",
            "price": "36.04",
            "revenue": 0
        },
        "2004-02": {
            "month": "2004-02",
            "price": "34.30",
            "revenue": 0
        },
        "2004-03": {
            "month": "2004-03",
            "price": "28.81",
            "revenue": 0
        },
        "2004-04": {
            "month": "2004-04",
            "price": "28.90",
            "revenue": 0
        },
        "2004-05": {
            "month": "2004-05",
            "price": "27.38",
            "revenue": 0
        },
        "2004-06": {
            "month": "2004-06",
            "price": "29.60",
            "revenue": 0
        },
        "2004-07": {
            "month": "2004-07",
            "price": "25.66",
            "revenue": 0
        },
        "2004-08": {
            "month": "2004-08",
            "price": "18.45",
            "revenue": 0
        },
        "2004-09": {
            "month": "2004-09",
            "price": "16.26",
            "revenue": 0
        },
        "2004-10": {
            "month": "2004-10",
            "price": "16.21",
            "revenue": 0
        },
        "2004-11": {
            "month": "2004-11",
            "price": "17.28",
            "revenue": 0
        },
        "2004-12": {
            "month": "2004-12",
            "price": "18.55",
            "revenue": 0
        },
        "2005-01": {
            "month": "2005-01",
            "price": "17.59",
            "revenue": 0
        },
        "2005-02": {
            "month": "2005-02",
            "price": "17.90",
            "revenue": 0
        },
        "2005-03": {
            "month": "2005-03",
            "price": "18.13",
            "revenue": 0
        },
        "2005-04": {
            "month": "2005-04",
            "price": "17.07",
            "revenue": 0
        },
        "2005-05": {
            "month": "2005-05",
            "price": "17.43",
            "revenue": 0
        },
        "2005-06": {
            "month": "2005-06",
            "price": "17.77",
            "revenue": 0
        },
        "2005-07": {
            "month": "2005-07",
            "price": "17.76",
            "revenue": 0
        },
        "2005-08": {
            "month": "2005-08",
            "price": "18.05",
            "revenue": 0
        },
        "2005-09": {
            "month": "2005-09",
            "price": "18.68",
            "revenue": 0
        },
        "2005-10": {
            "month": "2005-10",
            "price": "18.68",
            "revenue": 0
        },
        "2005-11": {
            "month": "2005-11",
            "price": "19.20",
            "revenue": 0
        },
        "2005-12": {
            "month": "2005-12",
            "price": "20.58",
            "revenue": 0
        },
        "2006-01": {
            "month": "2006-01",
            "price": "21.15",
            "revenue": 0
        },
        "2006-02": {
            "month": "2006-02",
            "price": "22.33",
            "revenue": 0
        },
        "2006-03": {
            "month": "2006-03",
            "price": "22.00",
            "revenue": 0
        },
        "2006-04": {
            "month": "2006-04",
            "price": "21.68",
            "revenue": 0
        },
        "2006-05": {
            "month": "2006-05",
            "price": "20.94",
            "revenue": 0
        },
        "2006-06": {
            "month": "2006-06",
            "price": "19.10",
            "revenue": 0
        },
        "2006-07": {
            "month": "2006-07",
            "price": "17.94",
            "revenue": 0
        },
        "2006-08": {
            "month": "2006-08",
            "price": "18.16",
            "revenue": 0
        },
        "2006-09": {
            "month": "2006-09",
            "price": "19.35",
            "revenue": 0
        },
        "2006-10": {
            "month": "2006-10",
            "price": "21.28",
            "revenue": 0
        },
        "2006-11": {
            "month": "2006-11",
            "price": "22.77",
            "revenue": 0
        },
        "2006-12": {
            "month": "2006-12",
            "price": "26.46",
            "revenue": 0
        },
        "2007-01": {
            "month": "2007-01",
            "price": "26.68",
            "revenue": 0
        },
        "2007-02": {
            "month": "2007-02",
            "price": "26.26",
            "revenue": 0
        },
        "2007-03": {
            "month": "2007-03",
            "price": "26.01",
            "revenue": 0
        },
        "2007-04": {
            "month": "2007-04",
            "price": "27.24",
            "revenue": 0
        },
        "2007-05": {
            "month": "2007-05",
            "price": "27.67",
            "revenue": 0
        },
        "2007-06": {
            "month": "2007-06",
            "price": "26.97",
            "revenue": 0
        },
        "2007-07": {
            "month": "2007-07",
            "price": "26.49",
            "revenue": 0
        },
        "2007-08": {
            "month": "2007-08",
            "price": "25.20",
            "revenue": 0
        },
        "2007-09": {
            "month": "2007-09",
            "price": "26.53",
            "revenue": 0
        },
        "2007-10": {
            "month": "2007-10",
            "price": "27.77",
            "revenue": 0
        },
        "2007-11": {
            "month": "2007-11",
            "price": "24.89",
            "revenue": 0
        },
        "2007-12": {
            "month": "2007-12",
            "price": "25.83",
            "revenue": 0
        },
        "2008-01": {
            "month": "2008-01",
            "price": "23.65",
            "revenue": 0
        },
        "2008-02": {
            "month": "2008-02",
            "price": "23.14",
            "revenue": 0
        },
        "2008-03": {
            "month": "2008-03",
            "price": "22.55",
            "revenue": 0
        },
        "2008-04": {
            "month": "2008-04",
            "price": "22.88",
            "revenue": 0
        },
        "2008-05": {
            "month": "2008-05",
            "price": "24.68",
            "revenue": 0
        },
        "2008-06": {
            "month": "2008-06",
            "price": "24.96",
            "revenue": 0
        },
        "2008-07": {
            "month": "2008-07",
            "price": "24.05",
            "revenue": 0
        },
        "2008-08": {
            "month": "2008-08",
            "price": "23.33",
            "revenue": 0
        },
        "2008-09": {
            "month": "2008-09",
            "price": "20.48",
            "revenue": 0
        },
        "2008-10": {
            "month": "2008-10",
            "price": "17.67",
            "revenue": 0
        },
        "2008-11": {
            "month": "2008-11",
            "price": "16.59",
            "revenue": 0
        },
        "2008-12": {
            "month": "2008-12",
            "price": "17.40",
            "revenue": 0
        },
        "2009-01": {
            "month": "2009-01",
            "price": "18.94",
            "revenue": 0
        },
        "2009-02": {
            "month": "2009-02",
            "price": "19.20",
            "revenue": 0
        },
        "2009-03": {
            "month": "2009-03",
            "price": "19.16",
            "revenue": 0
        },
        "2009-04": {
            "month": "2009-04",
            "price": "21.21",
            "revenue": 0
        },
        "2009-05": {
            "month": "2009-05",
            "price": "20.63",
            "revenue": 0
        },
        "2009-06": {
            "month": "2009-06",
            "price": "19.35",
            "revenue": 0
        },
        "2009-07": {
            "month": "2009-07",
            "price": "19.29",
            "revenue": 0
        },
        "2009-08": {
            "month": "2009-08",
            "price": "20.51",
            "revenue": 0
        },
        "2009-09": {
            "month": "2009-09",
            "price": "22.20",
            "revenue": 0
        },
        "2009-10": {
            "month": "2009-10",
            "price": "22.79",
            "revenue": 0
        },
        "2009-11": {
            "month": "2009-11",
            "price": "22.94",
            "revenue": 0
        },
        "2009-12": {
            "month": "2009-12",
            "price": "21.48",
            "revenue": 0
        },
        "2010-01": {
            "month": "2010-01",
            "price": "21.93",
            "revenue": 0
        },
        "2010-02": {
            "month": "2010-02",
            "price": "21.49",
            "revenue": 0
        },
        "2010-03": {
            "month": "2010-03",
            "price": "22.53",
            "revenue": 0
        },
        "2010-04": {
            "month": "2010-04",
            "price": "23.02",
            "revenue": 0
        },
        "2010-05": {
            "month": "2010-05",
            "price": "21.82",
            "revenue": 0
        },
        "2010-06": {
            "month": "2010-06",
            "price": "21.73",
            "revenue": 0
        },
        "2010-07": {
            "month": "2010-07",
            "price": "21.52",
            "revenue": 0
        },
        "2010-08": {
            "month": "2010-08",
            "price": "22.58",
            "revenue": 0
        },
        "2010-09": {
            "month": "2010-09",
            "price": "24.19",
            "revenue": 0
        },
        "2010-10": {
            "month": "2010-10",
            "price": "25.14",
            "revenue": 0
        },
        "2010-11": {
            "month": "2010-11",
            "price": "25.41",
            "revenue": 0
        },
        "2010-12": {
            "month": "2010-12",
            "price": "26.82",
            "revenue": 0
        },
        "2011-01": {
            "month": "2011-01",
            "price": "26.77",
            "revenue": 0
        },
        "2011-02": {
            "month": "2011-02",
            "price": "28.29",
            "revenue": 0
        },
        "2011-03": {
            "month": "2011-03",
            "price": "27.26",
            "revenue": 0
        },
        "2011-04": {
            "month": "2011-04",
            "price": "27.11",
            "revenue": 0
        },
        "2011-05": {
            "month": "2011-05",
            "price": "27.14",
            "revenue": 0
        },
        "2011-06": {
            "month": "2011-06",
            "price": "25.69",
            "revenue": 0
        },
        "2011-07": {
            "month": "2011-07",
            "price": "24.97",
            "revenue": 0
        },
        "2011-08": {
            "month": "2011-08",
            "price": "23.64",
            "revenue": 0
        },
        "2011-09": {
            "month": "2011-09",
            "price": "25.04",
            "revenue": 0
        },
        "2011-10": {
            "month": "2011-10",
            "price": "25.97",
            "revenue": 0
        },
        "2011-11": {
            "month": "2011-11",
            "price": "27.05",
            "revenue": 0
        },
        "2011-12": {
            "month": "2011-12",
            "price": "27.23",
            "revenue": 0
        },
        "2012-01": {
            "month": "2012-01",
            "price": "28.19",
            "revenue": 0
        },
        "2012-02": {
            "month": "2012-02",
            "price": "30.21",
            "revenue": 0
        },
        "2012-03": {
            "month": "2012-03",
            "price": "30.25",
            "revenue": 0
        },
        "2012-04": {
            "month": "2012-04",
            "price": "29.98",
            "revenue": 0
        },
        "2012-05": {
            "month": "2012-05",
            "price": "29.20",
            "revenue": 0
        },
        "2012-06": {
            "month": "2012-06",
            "price": "28.79",
            "revenue": 0
        },
        "2012-07": {
            "month": "2012-07",
            "price": "30.14",
            "revenue": 0
        },
        "2012-08": {
            "month": "2012-08",
            "price": "31.56",
            "revenue": 0
        },
        "2012-09": {
            "month": "2012-09",
            "price": "33.62",
            "revenue": 0
        },
        "2012-10": {
            "month": "2012-10",
            "price": "32.39",
            "revenue": 0
        },
        "2012-11": {
            "month": "2012-11",
            "price": "32.24",
            "revenue": 0
        },
        "2012-12": {
            "month": "2012-12",
            "price": "32.32",
            "revenue": 0
        },
        "2013-01": {
            "month": "2013-01",
            "price": "32.42",
            "revenue": 0
        },
        "2013-02": {
            "month": "2013-02",
            "price": "34.58",
            "revenue": 0
        },
        "2013-03": {
            "month": "2013-03",
            "price": "35.19",
            "revenue": 0
        },
        "2013-04": {
            "month": "2013-04",
            "price": "34.79",
            "revenue": 0
        },
        "2013-05": {
            "month": "2013-05",
            "price": "35.68",
            "revenue": 0
        },
        "2013-06": {
            "month": "2013-06",
            "price": "36.15",
            "revenue": 0
        },
        "2013-07": {
            "month": "2013-07",
            "price": "36.81",
            "revenue": 0
        },
        "2013-08": {
            "month": "2013-08",
            "price": "37.10",
            "revenue": 0
        },
        "2013-09": {
            "month": "2013-09",
            "price": "37.25",
            "revenue": 0
        },
        "2013-10": {
            "month": "2013-10",
            "price": "37.24",
            "revenue": 0
        },
        "2013-11": {
            "month": "2013-11",
            "price": "36.34",
            "revenue": 0
        },
        "2013-12": {
            "month": "2013-12",
            "price": "38.66",
            "revenue": 0
        },
        "2014-01": {
            "month": "2014-01",
            "price": "40.62",
            "revenue": 0
        },
        "2014-02": {
            "month": "2014-02",
            "price": "40.05",
            "revenue": 0
        },
        "2014-03": {
            "month": "2014-03",
            "price": "39.70",
            "revenue": 0
        },
        "2014-04": {
            "month": "2014-04",
            "price": "37.53",
            "revenue": 0
        },
        "2014-05": {
            "month": "2014-05",
            "price": "38.10",
            "revenue": 0
        },
        "2014-06": {
            "month": "2014-06",
            "price": "38.81",
            "revenue": 0
        },
        "2014-07": {
            "month": "2014-07",
            "price": "38.92",
            "revenue": 0
        },
        "2014-08": {
            "month": "2014-08",
            "price": "39.29",
            "revenue": 0
        },
        "2014-09": {
            "month": "2014-09",
            "price": "40.76",
            "revenue": 0
        },
        "2014-10": {
            "month": "2014-10",
            "price": "39.10",
            "revenue": 0
        },
        "2014-11": {
            "month": "2014-11",
            "price": "42.12",
            "revenue": 0
        },
        "2014-12": {
            "month": "2014-12",
            "price": "43.54",
            "revenue": 0
        },
        "2015-01": {
            "month": "2015-01",
            "price": "42.81",
            "revenue": 0
        },
        "2015-02": {
            "month": "2015-02",
            "price": "45.22",
            "revenue": 0
        },
        "2015-03": {
            "month": "2015-03",
            "price": "46.16",
            "revenue": 0
        },
        "2015-04": {
            "month": "2015-04",
            "price": "47.26",
            "revenue": 0
        },
        "2015-05": {
            "month": "2015-05",
            "price": "48.47",
            "revenue": 0
        },
        "2015-06": {
            "month": "2015-06",
            "price": "50.23",
            "revenue": 0
        },
        "2015-07": {
            "month": "2015-07",
            "price": "50.38",
            "revenue": 0
        },
        "2015-08": {
            "month": "2015-08",
            "price": "49.69",
            "revenue": 0
        },
        "2015-09": {
            "month": "2015-09",
            "price": "47.17",
            "revenue": 0
        },
        "2015-10": {
            "month": "2015-10",
            "price": "48.41",
            "revenue": 0
        },
        "2015-11": {
            "month": "2015-11",
            "price": "50.75",
            "revenue": 0
        },
        "2015-12": {
            "month": "2015-12",
            "price": "46.14",
            "revenue": 0
        },
        "2016-01": {
            "month": "2016-01",
            "price": "42.09",
            "revenue": 0
        },
        "2016-02": {
            "month": "2016-02",
            "price": "43.07",
            "revenue": 0
        },
        "2016-03": {
            "month": "2016-03",
            "price": "46.86",
            "revenue": 0
        },
        "2016-04": {
            "month": "2016-04",
            "price": "48.50",
            "revenue": 0
        },
        "2016-05": {
            "month": "2016-05",
            "price": "49.13",
            "revenue": 0
        },
        "2016-06": {
            "month": "2016-06",
            "price": "52.65",
            "revenue": 0
        },
        "2016-07": {
            "month": "2016-07",
            "price": "54.36",
            "revenue": 0
        },
        "2016-08": {
            "month": "2016-08",
            "price": "56.84",
            "revenue": 0
        },
        "2016-09": {
            "month": "2016-09",
            "price": "59.04",
            "revenue": 0
        },
        "2016-10": {
            "month": "2016-10",
            "price": "59.32",
            "revenue": 0
        },
        "2016-11": {
            "month": "2016-11",
            "price": "59.93",
            "revenue": 0
        },
        "2016-12": {
            "month": "2016-12",
            "price": "59.26",
            "revenue": 0
        },
        "2017-01": {
            "month": "2017-01",
            "price": "61.10",
            "revenue": 0
        },
        "2017-02": {
            "month": "2017-02",
            "price": "67.69",
            "revenue": 0
        },
        "2017-03": {
            "month": "2017-03",
            "price": "71.35",
            "revenue": 0
        },
        "2017-04": {
            "month": "2017-04",
            "price": "72.17",
            "revenue": 0
        },
        "2017-05": {
            "month": "2017-05",
            "price": "73.72",
            "revenue": 0
        },
        "2017-06": {
            "month": "2017-06",
            "price": "74.61",
            "revenue": 0
        },
        "2017-07": {
            "month": "2017-07",
            "price": "75.06",
            "revenue": 0
        },
        "2017-08": {
            "month": "2017-08",
            "price": "77.69",
            "revenue": 0
        },
        "2017-09": {
            "month": "2017-09",
            "price": "79.98",
            "revenue": 0
        },
        "2017-10": {
            "month": "2017-10",
            "price": "83.94",
            "revenue": 0
        },
        "2017-11": {
            "month": "2017-11",
            "price": "88.09",
            "revenue": 0
        },
        "2017-12": {
            "month": "2017-12",
            "price": "87.69",
            "revenue": 0
        },
        "2018-01": {
            "month": "2018-01",
            "price": "90.59",
            "revenue": 0
        },
        "2018-02": {
            "month": "2018-02",
            "price": "86.73",
            "revenue": 0
        },
        "2018-03": {
            "month": "2018-03",
            "price": "86.13",
            "revenue": 0
        },
        "2018-04": {
            "month": "2018-04",
            "price": "83.59",
            "revenue": 0
        },
        "2018-05": {
            "month": "2018-05",
            "price": "88.74",
            "revenue": 0
        },
        "2018-06": {
            "month": "2018-06",
            "price": "89.06",
            "revenue": 0
        },
        "2018-07": {
            "month": "2018-07",
            "price": "90.38",
            "revenue": 0
        },
        "2018-08": {
            "month": "2018-08",
            "price": "95.53",
            "revenue": 0
        },
        "2018-09": {
            "month": "2018-09",
            "price": "100.53",
            "revenue": 0
        },
        "2018-10": {
            "month": "2018-10",
            "price": "90.24",
            "revenue": 0
        },
        "2018-11": {
            "month": "2018-11",
            "price": "89.62",
            "revenue": 0
        },
        "2018-12": {
            "month": "2018-12",
            "price": "86.29",
            "revenue": 0
        },
        "2019-01": {
            "month": "2019-01",
            "price": "88.64",
            "revenue": 0
        },
        "2019-02": {
            "month": "2019-02",
            "price": "100.55",
            "revenue": 0
        },
        "2019-03": {
            "month": "2019-03",
            "price": "108.24",
            "revenue": 0
        },
        "2019-04": {
            "month": "2019-04",
            "price": "117.83",
            "revenue": 0
        },
        "2019-05": {
            "month": "2019-05",
            "price": "118.51",
            "revenue": 0
        },
        "2019-06": {
            "month": "2019-06",
            "price": "124.81",
            "revenue": 0
        },
        "2019-07": {
            "month": "2019-07",
            "price": "135.74",
            "revenue": 0
        },
        "2019-08": {
            "month": "2019-08",
            "price": "132.05",
            "revenue": 0
        },
        "2019-09": {
            "month": "2019-09",
            "price": "138.10",
            "revenue": 0
        },
        "2019-10": {
            "month": "2019-10",
            "price": "136.68",
            "revenue": 0
        },
        "2019-11": {
            "month": "2019-11",
            "price": "138.31",
            "revenue": 0
        },
        "2019-12": {
            "month": "2019-12",
            "price": "136.64",
            "revenue": 0
        },
        "2020-01": {
            "month": "2020-01",
            "price": "148.92",
            "revenue": 0
        },
        "2020-02": {
            "month": "2020-02",
            "price": "152.94",
            "revenue": 0
        },
        "2020-03": {
            "month": "2020-03",
            "price": "126.59",
            "revenue": 0
        },
        "2020-04": {
            "month": "2020-04",
            "price": "144.73",
            "revenue": 0
        },
        "2020-05": {
            "month": "2020-05",
            "price": "162.23",
            "revenue": 0
        },
        "2020-06": {
            "month": "2020-06",
            "price": "187.00",
            "revenue": 0
        },
        "2020-07": {
            "month": "2020-07",
            "price": "197.78",
            "revenue": 0
        },
        "2020-08": {
            "month": "2020-08",
            "price": "205.49",
            "revenue": 0
        },
        "2020-09": {
            "month": "2020-09",
            "price": "207.76",
            "revenue": 0
        },
        "2020-10": {
            "month": "2020-10",
            "price": "222.03",
            "revenue": 0
        },
        "2020-11": {
            "month": "2020-11",
            "price": "224.21",
            "revenue": 0
        },
        "2020-12": {
            "month": "2020-12",
            "price": "245.08",
            "revenue": 0
        },
        "2021-01": {
            "month": "2021-01",
            "price": "261.44",
            "revenue": 0
        },
        "2021-02": {
            "month": "2021-02",
            "price": "269.64",
            "revenue": 0
        },
        "2021-03": {
            "month": "2021-03",
            "price": "234.81",
            "revenue": 0
        },
        "2021-04": {
            "month": "2021-04",
            "price": "255.50",
            "revenue": 0
        },
        "2021-05": {
            "month": "2021-05",
            "price": "241.38",
            "revenue": 0
        },
        "2021-06": {
            "month": "2021-06",
            "price": "263.45",
            "revenue": 0
        },
        "2021-07": {
            "month": "2021-07",
            "price": "280.22",
            "revenue": 0
        },
        "2021-08": {
            "month": "2021-08",
            "price": "305.14",
            "revenue": 0
        },
        "2021-09": {
            "month": "2021-09",
            "price": "325.24",
            "revenue": 0
        },
        "2021-10": {
            "month": "2021-10",
            "price": "307.85",
            "revenue": 0
        },
        "2021-11": {
            "month": "2021-11",
            "price": "344.72",
            "revenue": 0
        },
        "2021-12": {
            "month": "2021-12",
            "price": "358.13",
            "revenue": 0
        },
        "2022-01": {
            "month": "2022-01",
            "price": "320.56",
            "revenue": 0
        },
        "2022-02": {
            "month": "2022-02",
            "price": "304.21",
            "revenue": 0
        },
        "2022-03": {
            "month": "2022-03",
            "price": "311.37",
            "revenue": 0
        },
        "2022-04": {
            "month": "2022-04",
            "price": "306.78",
            "revenue": 0
        },
        "2022-05": {
            "month": "2022-05",
            "price": "288.48",
            "revenue": 0
        },
        "2022-06": {
            "month": "2022-06",
            "price": "309.94",
            "revenue": 0
        },
        "2022-07": {
            "month": "2022-07",
            "price": "324.84",
            "revenue": 0
        },
        "2022-08": {
            "month": "2022-08",
            "price": "368.07",
            "revenue": 0
        },
        "2022-09": {
            "month": "2022-09",
            "price": "319.37",
            "revenue": 0
        },
        "2022-10": {
            "month": "2022-10",
            "price": "296.38",
            "revenue": 0
        },
        "2022-11": {
            "month": "2022-11",
            "price": "314.19",
            "revenue": 0
        },
        "2022-12": {
            "month": "2022-12",
            "price": "328.45",
            "revenue": 0
        },
        "2023-01": {
            "month": "2023-01",
            "price": "337.16",
            "revenue": 0
        },
        "2023-02": {
            "month": "2023-02",
            "price": "363.20",
            "revenue": 0
        },
        "2023-03": {
            "month": "2023-03",
            "price": "369.86",
            "revenue": 0
        },
        "2023-04": {
            "month": "2023-04",
            "price": "377.19",
            "revenue": 0
        },
        "2023-05": {
            "month": "2023-05",
            "price": "392.04",
            "revenue": 0
        },
        "2023-06": {
            "month": "2023-06",
            "price": "437.21",
            "revenue": 0
        },
        "2023-07": {
            "month": "2023-07",
            "price": "447.65",
            "revenue": 0
        },
        "2023-08": {
            "month": "2023-08",
            "price": "439.37",
            "revenue": 0
        },
        "2023-09": {
            "month": "2023-09",
            "price": "456.72",
            "revenue": 0
        },
        "2023-10": {
            "month": "2023-10",
            "price": "473.25",
            "revenue": 0
        },
        "2023-11": {
            "month": "2023-11",
            "price": "522.30",
            "revenue": 0
        },
        "2023-12": {
            "month": "2023-12",
            "price": "541.72",
            "revenue": 0
        }
    }
}
