{
    "summary": {
        "stock_name": "AT&T Inc",
        "stock_id": "T",
        "category": "Computer and Technology",
        "main_business": "美國電話電報公司是一家根據1983年特拉華州法律註冊成立的控股公司。該公司是美國和全球領先的電信服務提供商。該公司向美國的消費者提供服務和產品，並向全球的企業和其他電信服務提供商提供服務和產品。公司提供的服務和產品因市場而異，包括：無線通訊，本地交換服務，長途服務，資料寬頻和網路服務，影片服務，電信裝置，託管網路，批發服務以及目錄廣告和釋出。",
        "website_url": "https://www.att.com/",
        "ceo": "David S. Huntley",
        "pe_ratio": 8,
        "report_year_from": 1993,
        "report_year_to": 2023,
        "age": 31,
        "eps_negative_percentage": 4,
        "eps_growth_avg": {
            "last_all": -1.22,
            "last_2y": 26.35,
            "last_4y": -1.42,
            "last_8y": 9.75,
            "last_12y": 4.7,
            "last_16y": -1.37,
            "last_20y": -1.49,
            "at_2006_last_3y": -1.99,
            "at_2007_last_3y": 3.47,
            "at_2008_last_3y": -17.62,
            "at_2009_last_3y": -21.28,
            "at_2010_last_3y": -27.67,
            "at_2011_last_3y": -48.05,
            "at_2012_last_3y": -18.4,
            "at_2013_last_3y": 11.2,
            "at_2014_last_3y": -6.67,
            "at_2015_last_3y": 23.13,
            "at_2016_last_3y": 24.72,
            "at_2017_last_3y": -3.26,
            "at_2018_last_3y": 23.7,
            "at_2019_last_3y": 2.35,
            "at_2020_last_3y": -11.71,
            "at_2021_last_3y": 16.28,
            "at_2022_last_3y": -11.02,
            "at_2023_last_3y": 4.54,
            "at_2024_last_3y": 4.54,
            "at_2006_last_all": -0.75,
            "at_2007_last_all": -0.27,
            "at_2008_last_all": -14.52,
            "at_2009_last_all": -14.52,
            "at_2010_last_all": -10.84,
            "at_2011_last_all": -16.2,
            "at_2012_last_all": -15.68,
            "at_2013_last_all": -5.17,
            "at_2014_last_all": -9.45,
            "at_2015_last_all": -4.1,
            "at_2016_last_all": -4.14,
            "at_2017_last_all": -4.66,
            "at_2018_last_all": -1.16,
            "at_2019_last_all": -2.58,
            "at_2020_last_all": -5.82,
            "at_2021_last_all": -0.25,
            "at_2022_last_all": -3.13,
            "at_2023_last_all": -1.22,
            "at_2024_last_all": -1.22
        },
        "latest_eps": 2.1,
        "latest_price": 17.17,
        "latest_roe": 15.31,
        "latest_gross_margin": 60.28,
        "latest_equity": 103703000,
        "latest_revenue": 30350000,
        "latest_gross_profit": 18296000,
        "latest_net_income": 3826000,
        "latest_debt_ratio": 74.5,
        "latest_current_ratio": 68.92,
        "latest_account_receivable_turnover_ratio": 1.96,
        "latest_inventory_turnover_ratio": 4.95,
        "latest_reinvestment_rate": -17.86,
        "latest_research_to_sale_ratio": null
    },
    "eps_dividends": {
        "1995": {
            "cash": 0.55,
            "stock": 0,
            "eps": 0
        },
        "1996": {
            "cash": 0.8200000000000001,
            "stock": 0,
            "eps": 0
        },
        "1997": {
            "cash": 1.1700000000000002,
            "stock": 0,
            "eps": 0
        },
        "1998": {
            "cash": 1.19,
            "stock": 0,
            "eps": 0
        },
        "1999": {
            "cash": 1.34,
            "stock": 0,
            "eps": 0
        },
        "2000": {
            "cash": 0.71,
            "stock": 0,
            "eps": 0
        },
        "2001": {
            "cash": 0.5900000000000001,
            "stock": 0,
            "eps": 2.14
        },
        "2002": {
            "cash": 0.8,
            "stock": 0,
            "eps": 2.23
        },
        "2003": {
            "cash": 0.71,
            "stock": 0,
            "eps": 1.79
        },
        "2004": {
            "cash": 1.03,
            "stock": 0,
            "eps": 1.51
        },
        "2005": {
            "cash": 1.28,
            "stock": 0,
            "eps": 1.41
        },
        "2006": {
            "cash": 0.99,
            "stock": 0,
            "eps": 1.89
        },
        "2007": {
            "cash": 1.44,
            "stock": 0,
            "eps": 1.93
        },
        "2008": {
            "cash": 0.8,
            "stock": 0,
            "eps": -0.53
        },
        "2009": {
            "cash": 1.64,
            "stock": 0,
            "eps": 2.89
        },
        "2010": {
            "cash": 1.26,
            "stock": 0,
            "eps": 3.32
        },
        "2011": {
            "cash": 1.29,
            "stock": 0,
            "eps": 1.36
        },
        "2012": {
            "cash": 1.76,
            "stock": 0,
            "eps": 1.21
        },
        "2013": {
            "cash": 1.8,
            "stock": 0,
            "eps": 3.41
        },
        "2014": {
            "cash": 1.84,
            "stock": 0,
            "eps": 1.48
        },
        "2015": {
            "cash": 0.94,
            "stock": 0,
            "eps": 2.37
        },
        "2016": {
            "cash": 1.92,
            "stock": 0,
            "eps": 2.26
        },
        "2017": {
            "cash": 1.47,
            "stock": 0,
            "eps": 1.99
        },
        "2018": {
            "cash": 1.5,
            "stock": 0,
            "eps": 3.01
        },
        "2019": {
            "cash": 2.04,
            "stock": 0,
            "eps": 2.25
        },
        "2020": {
            "cash": 2.08,
            "stock": 0,
            "eps": 0.88
        },
        "2021": {
            "cash": 1.56,
            "stock": 0,
            "eps": 3.02
        },
        "2022": {
            "cash": 1.08,
            "stock": 0,
            "eps": 1.27
        },
        "2023": {
            "cash": 0.8400000000000001,
            "stock": 0,
            "eps": 1.74
        },
        "2024": {
            "cash": 0.56,
            "stock": 0,
            "eps": 0
        }
    },
    "dividends": {
        "1995-05-01": {
            "cash": 0.21,
            "stock": 0
        },
        "1995-08-01": {
            "cash": 0.17,
            "stock": 0
        },
        "1995-11-01": {
            "cash": 0.17,
            "stock": 0
        },
        "1996-02-01": {
            "cash": 0.21,
            "stock": 0
        },
        "1996-05-01": {
            "cash": 0.22,
            "stock": 0
        },
        "1996-08-01": {
            "cash": 0.22,
            "stock": 0
        },
        "1996-11-01": {
            "cash": 0.17,
            "stock": 0
        },
        "1997-02-01": {
            "cash": 0.17,
            "stock": 0
        },
        "1997-02-03": {
            "cash": 0.22,
            "stock": 0
        },
        "1997-05-01": {
            "cash": 0.22,
            "stock": 0
        },
        "1997-08-01": {
            "cash": 0.17,
            "stock": 0
        },
        "1997-11-01": {
            "cash": 0.17,
            "stock": 0
        },
        "1997-11-03": {
            "cash": 0.22,
            "stock": 0
        },
        "1998-02-02": {
            "cash": 0.17,
            "stock": 0
        },
        "1998-05-01": {
            "cash": 0.23,
            "stock": 0
        },
        "1998-08-01": {
            "cash": 0.33,
            "stock": 0
        },
        "1998-08-03": {
            "cash": 0.23,
            "stock": 0
        },
        "1998-11-02": {
            "cash": 0.23,
            "stock": 0
        },
        "1999-02-01": {
            "cash": 0.33,
            "stock": 0
        },
        "1999-05-01": {
            "cash": 0.33,
            "stock": 0
        },
        "1999-05-03": {
            "cash": 0.24,
            "stock": 0
        },
        "1999-08-02": {
            "cash": 0.22,
            "stock": 0
        },
        "1999-11-01": {
            "cash": 0.22,
            "stock": 0
        },
        "2000-02-01": {
            "cash": 0.24,
            "stock": 0
        },
        "2000-05-01": {
            "cash": 0.22,
            "stock": 0
        },
        "2000-11-01": {
            "cash": 0.25,
            "stock": 0
        },
        "2001-02-01": {
            "cash": 0.25,
            "stock": 0
        },
        "2001-05-01": {
            "cash": 0.04,
            "stock": 0
        },
        "2001-08-01": {
            "cash": 0.26,
            "stock": 0
        },
        "2001-11-01": {
            "cash": 0.04,
            "stock": 0
        },
        "2002-02-01": {
            "cash": 0.26,
            "stock": 0
        },
        "2002-05-01": {
            "cash": 0.27,
            "stock": 0
        },
        "2002-11-01": {
            "cash": 0.27,
            "stock": 0
        },
        "2003-02-03": {
            "cash": 0.19,
            "stock": 0
        },
        "2003-05-01": {
            "cash": 0.05,
            "stock": 0
        },
        "2003-08-01": {
            "cash": 0.19,
            "stock": 0
        },
        "2003-11-03": {
            "cash": 0.28,
            "stock": 0
        },
        "2004-02-02": {
            "cash": 0.31,
            "stock": 0
        },
        "2004-05-03": {
            "cash": 0.24,
            "stock": 0
        },
        "2004-08-02": {
            "cash": 0.24,
            "stock": 0
        },
        "2004-11-01": {
            "cash": 0.24,
            "stock": 0
        },
        "2005-02-01": {
            "cash": 0.32,
            "stock": 0
        },
        "2005-05-02": {
            "cash": 0.32,
            "stock": 0
        },
        "2005-08-01": {
            "cash": 0.32,
            "stock": 0
        },
        "2005-11-01": {
            "cash": 0.32,
            "stock": 0
        },
        "2006-02-01": {
            "cash": 0.33,
            "stock": 0
        },
        "2006-05-01": {
            "cash": 0.33,
            "stock": 0
        },
        "2006-11-01": {
            "cash": 0.33,
            "stock": 0
        },
        "2007-02-01": {
            "cash": 0.36,
            "stock": 0
        },
        "2007-05-01": {
            "cash": 0.36,
            "stock": 0
        },
        "2007-08-01": {
            "cash": 0.36,
            "stock": 0
        },
        "2007-11-01": {
            "cash": 0.36,
            "stock": 0
        },
        "2008-05-01": {
            "cash": 0.4,
            "stock": 0
        },
        "2008-11-03": {
            "cash": 0.4,
            "stock": 0
        },
        "2009-02-02": {
            "cash": 0.41,
            "stock": 0
        },
        "2009-05-01": {
            "cash": 0.41,
            "stock": 0
        },
        "2009-08-03": {
            "cash": 0.41,
            "stock": 0
        },
        "2009-11-02": {
            "cash": 0.41,
            "stock": 0
        },
        "2010-02-01": {
            "cash": 0.42,
            "stock": 0
        },
        "2010-08-02": {
            "cash": 0.42,
            "stock": 0
        },
        "2010-11-01": {
            "cash": 0.42,
            "stock": 0
        },
        "2011-05-02": {
            "cash": 0.43,
            "stock": 0
        },
        "2011-08-01": {
            "cash": 0.43,
            "stock": 0
        },
        "2011-11-01": {
            "cash": 0.43,
            "stock": 0
        },
        "2012-02-01": {
            "cash": 0.44,
            "stock": 0
        },
        "2012-05-01": {
            "cash": 0.44,
            "stock": 0
        },
        "2012-08-01": {
            "cash": 0.44,
            "stock": 0
        },
        "2012-11-01": {
            "cash": 0.44,
            "stock": 0
        },
        "2013-02-01": {
            "cash": 0.45,
            "stock": 0
        },
        "2013-05-01": {
            "cash": 0.45,
            "stock": 0
        },
        "2013-08-01": {
            "cash": 0.45,
            "stock": 0
        },
        "2013-11-01": {
            "cash": 0.45,
            "stock": 0
        },
        "2014-02-03": {
            "cash": 0.46,
            "stock": 0
        },
        "2014-05-01": {
            "cash": 0.46,
            "stock": 0
        },
        "2014-08-01": {
            "cash": 0.46,
            "stock": 0
        },
        "2014-11-03": {
            "cash": 0.46,
            "stock": 0
        },
        "2015-05-01": {
            "cash": 0.47,
            "stock": 0
        },
        "2015-11-02": {
            "cash": 0.47,
            "stock": 0
        },
        "2016-02-01": {
            "cash": 0.48,
            "stock": 0
        },
        "2016-05-02": {
            "cash": 0.48,
            "stock": 0
        },
        "2016-08-01": {
            "cash": 0.48,
            "stock": 0
        },
        "2016-11-01": {
            "cash": 0.48,
            "stock": 0
        },
        "2017-02-01": {
            "cash": 0.49,
            "stock": 0
        },
        "2017-05-01": {
            "cash": 0.49,
            "stock": 0
        },
        "2017-11-01": {
            "cash": 0.49,
            "stock": 0
        },
        "2018-05-01": {
            "cash": 0.5,
            "stock": 0
        },
        "2018-08-01": {
            "cash": 0.5,
            "stock": 0
        },
        "2018-11-01": {
            "cash": 0.5,
            "stock": 0
        },
        "2019-02-01": {
            "cash": 0.51,
            "stock": 0
        },
        "2019-05-01": {
            "cash": 0.51,
            "stock": 0
        },
        "2019-08-01": {
            "cash": 0.51,
            "stock": 0
        },
        "2019-11-01": {
            "cash": 0.51,
            "stock": 0
        },
        "2020-02-03": {
            "cash": 0.52,
            "stock": 0
        },
        "2020-05-01": {
            "cash": 0.52,
            "stock": 0
        },
        "2020-08-03": {
            "cash": 0.52,
            "stock": 0
        },
        "2020-11-02": {
            "cash": 0.52,
            "stock": 0
        },
        "2021-02-01": {
            "cash": 0.52,
            "stock": 0
        },
        "2021-05-03": {
            "cash": 0.52,
            "stock": 0
        },
        "2021-11-01": {
            "cash": 0.52,
            "stock": 0
        },
        "2022-02-01": {
            "cash": 0.52,
            "stock": 0
        },
        "2022-05-02": {
            "cash": 0.28,
            "stock": 0
        },
        "2022-11-01": {
            "cash": 0.28,
            "stock": 0
        },
        "2023-02-01": {
            "cash": 0.28,
            "stock": 0
        },
        "2023-08-01": {
            "cash": 0.28,
            "stock": 0
        },
        "2023-11-01": {
            "cash": 0.28,
            "stock": 0
        },
        "2024-02-01": {
            "cash": 0.28,
            "stock": 0
        },
        "2024-05-02": {
            "cash": 0.28,
            "stock": 0
        }
    },
    "prices": {
        "200101": "49.78",
        "200102": "48.67",
        "200103": "43.49",
        "200104": "41.97",
        "200105": "42.96",
        "200106": "40.74",
        "200107": "42.38",
        "200108": "42.98",
        "200109": "44.59",
        "200110": "43.05",
        "200111": "38.44",
        "200112": "38.78",
        "200201": "37.63",
        "200202": "36.52",
        "200203": "38.62",
        "200204": "34.09",
        "200205": "33.34",
        "200206": "31.92",
        "200207": "28.25",
        "200208": "26.99",
        "200209": "23.46",
        "200210": "23.53",
        "200211": "26.76",
        "200212": "26.95",
        "200301": "27.31",
        "200302": "22.99",
        "200303": "20.74",
        "200304": "21.55",
        "200305": "24.35",
        "200306": "25.88",
        "200307": "24.61",
        "200308": "23.29",
        "200309": "22.92",
        "200310": "22.53",
        "200311": "23.36",
        "200312": "24.75",
        "200401": "26.50",
        "200402": "25.04",
        "200403": "24.50",
        "200404": "24.82",
        "200405": "24.50",
        "200406": "24.23",
        "200407": "23.98",
        "200408": "25.46",
        "200409": "26.29",
        "200410": "26.24",
        "200411": "25.88",
        "200412": "25.73",
        "200501": "24.66",
        "200502": "24.30",
        "200503": "23.79",
        "200504": "23.55",
        "200505": "23.56",
        "200506": "23.68",
        "200507": "23.93",
        "200508": "24.30",
        "200509": "23.93",
        "200510": "23.04",
        "200511": "24.15",
        "200512": "24.85",
        "200601": "25.06",
        "200602": "27.57",
        "200603": "27.18",
        "200604": "26.02",
        "200605": "25.77",
        "200606": "27.20",
        "200607": "27.90",
        "200608": "30.57",
        "200609": "32.07",
        "200610": "33.35",
        "200611": "33.30",
        "200612": "35.11",
        "200701": "35.26",
        "200702": "37.25",
        "200703": "37.61",
        "200704": "39.19",
        "200705": "40.09",
        "200706": "40.04",
        "200707": "40.11",
        "200708": "39.48",
        "200709": "40.94",
        "200710": "41.80",
        "200711": "38.70",
        "200712": "40.32",
        "200801": "38.18",
        "200802": "36.42",
        "200803": "36.26",
        "200804": "38.24",
        "200805": "39.46",
        "200806": "36.10",
        "200807": "32.04",
        "200808": "31.08",
        "200809": "30.40",
        "200810": "25.84",
        "200811": "27.05",
        "200812": "28.15",
        "200901": "26.27",
        "200902": "24.22",
        "200903": "24.50",
        "200904": "25.75",
        "200905": "25.08",
        "200906": "24.54",
        "200907": "24.66",
        "200908": "25.79",
        "200909": "26.46",
        "200910": "26.02",
        "200911": "26.30",
        "200912": "27.77",
        "201001": "26.43",
        "201002": "25.15",
        "201003": "25.74",
        "201004": "26.19",
        "201005": "25.25",
        "201006": "25.00",
        "201007": "25.10",
        "201008": "26.76",
        "201009": "28.12",
        "201010": "28.49",
        "201011": "28.55",
        "201012": "28.96",
        "201101": "28.53",
        "201102": "28.15",
        "201103": "28.53",
        "201104": "30.64",
        "201105": "31.34",
        "201106": "30.72",
        "201107": "30.49",
        "201108": "28.81",
        "201109": "28.27",
        "201110": "28.88",
        "201111": "28.74",
        "201112": "29.29",
        "201201": "30.00",
        "201202": "30.11",
        "201203": "31.35",
        "201204": "31.20",
        "201205": "33.38",
        "201206": "34.96",
        "201207": "35.82",
        "201208": "37.10",
        "201209": "37.67",
        "201210": "36.19",
        "201211": "33.96",
        "201212": "33.93",
        "201301": "34.23",
        "201302": "35.46",
        "201303": "36.45",
        "201304": "37.83",
        "201305": "36.96",
        "201306": "35.43",
        "201307": "35.63",
        "201308": "34.50",
        "201309": "34.09",
        "201310": "34.58",
        "201311": "35.44",
        "201312": "34.53",
        "201401": "33.84",
        "201402": "32.54",
        "201403": "33.29",
        "201404": "35.39",
        "201405": "35.84",
        "201406": "35.16",
        "201407": "35.92",
        "201408": "34.71",
        "201409": "35.04",
        "201410": "34.46",
        "201411": "35.20",
        "201412": "33.51",
        "201501": "33.41",
        "201502": "34.39",
        "201503": "33.24",
        "201504": "33.30",
        "201505": "34.26",
        "201506": "35.05",
        "201507": "34.83",
        "201508": "33.84",
        "201509": "32.56",
        "201510": "33.40",
        "201511": "33.27",
        "201512": "34.06",
        "201601": "34.50",
        "201602": "36.71",
        "201603": "38.51",
        "201604": "38.58",
        "201605": "38.90",
        "201606": "40.66",
        "201607": "42.80",
        "201608": "42.09",
        "201609": "40.68",
        "201610": "38.47",
        "201611": "37.49",
        "201612": "41.25",
        "201701": "41.54",
        "201702": "41.42",
        "201703": "41.97",
        "201704": "40.45",
        "201705": "38.35",
        "201706": "38.48",
        "201707": "37.13",
        "201708": "38.06",
        "201709": "37.50",
        "201710": "36.39",
        "201711": "34.28",
        "201712": "37.86",
        "201801": "37.40",
        "201802": "36.82",
        "201803": "36.31",
        "201804": "34.97",
        "201805": "32.20",
        "201806": "32.58",
        "201807": "31.75",
        "201808": "32.46",
        "201809": "33.15",
        "201810": "32.28",
        "201811": "30.44",
        "201812": "29.47",
        "201901": "30.47",
        "201902": "30.28",
        "201903": "30.60",
        "201904": "31.73",
        "201905": "31.29",
        "201906": "32.30",
        "201907": "33.57",
        "201908": "34.65",
        "201909": "37.20",
        "201910": "37.69",
        "201911": "38.55",
        "201912": "38.51",
        "202001": "38.43",
        "202002": "37.77",
        "202003": "32.63",
        "202004": "29.99",
        "202005": "29.61",
        "202006": "30.80",
        "202007": "29.89",
        "202008": "29.92",
        "202009": "28.89",
        "202010": "27.70",
        "202011": "28.39",
        "202012": "29.54",
        "202101": "29.12",
        "202102": "28.85",
        "202103": "29.75",
        "202104": "30.47",
        "202105": "30.95",
        "202106": "29.00",
        "202107": "28.34",
        "202108": "27.77",
        "202109": "27.34",
        "202110": "26.00",
        "202111": "24.65",
        "202112": "23.65",
        "202201": "26.15",
        "202202": "24.02",
        "202203": "23.45",
        "202204": "20.82",
        "202205": "20.24",
        "202206": "20.48",
        "202207": "19.99",
        "202208": "18.18",
        "202209": "16.50",
        "202210": "16.24",
        "202211": "18.79",
        "202212": "18.67",
        "202301": "19.46",
        "202302": "19.36",
        "202303": "18.61",
        "202304": "18.96",
        "202305": "16.56",
        "202306": "15.78",
        "202307": "14.90",
        "202308": "14.24",
        "202309": "14.90",
        "202310": "14.86",
        "202311": "15.92",
        "202312": "16.67"
    },
    "quarters": {
        "20011": {
            "year_quarter": 20011,
            "year": 2001,
            "quarter": 1,
            "eps": 0.55,
            "eps_growth_year": 2.87,
            "eps_4q": 2.34,
            "eps_4q_growth_year": 21.8,
            "roe": 6.13,
            "roe_4q": 6.13,
            "gross_profit": 5107000,
            "gross_margin": 45.64,
            "gross_margin_4q_avg": 45.64,
            "net_income": 1864000,
            "net_income_4q": null,
            "revenue": 11190000,
            "revenue_4q": null,
            "common_shares": 3433000,
            "book_valuer_per_share": 7.51,
            "book_valuer_per_share_4q_avg": 7.51,
            "equity": 30316000,
            "current_ratio": 77.76,
            "debt_ratio": 68.85,
            "inventory_turnover_ratio": null,
            "account_receivable_turnover_ratio": 0.78,
            "reinvestment_rate": 121.26,
            "research_to_sale_ratio": null,
            "price_fair": 0,
            "eps_avg_yearly": 0,
            "eps_latest_yearly": 0,
            "eps_growth_yearly": 0
        },
        "20012": {
            "year_quarter": 20012,
            "year": 2001,
            "quarter": 2,
            "eps": 0.61,
            "eps_growth_year": 13.67,
            "eps_4q": 2.41,
            "eps_4q_growth_year": 27.04,
            "roe": 6.75,
            "roe_4q": 12.879999999999999,
            "gross_profit": 5251000,
            "gross_margin": 45.75,
            "gross_margin_4q_avg": 45.7,
            "net_income": 2079000,
            "net_income_4q": null,
            "revenue": 11477000,
            "revenue_4q": null,
            "common_shares": 3433000,
            "book_valuer_per_share": 7.82,
            "book_valuer_per_share_4q_avg": 7.67,
            "equity": 31255000,
            "current_ratio": 54.29,
            "debt_ratio": 67.42,
            "inventory_turnover_ratio": null,
            "account_receivable_turnover_ratio": 0.83,
            "reinvestment_rate": 111.58,
            "research_to_sale_ratio": null,
            "price_fair": 0,
            "eps_avg_yearly": 0,
            "eps_latest_yearly": 0,
            "eps_growth_yearly": 0
        },
        "20013": {
            "year_quarter": 20013,
            "year": 2001,
            "quarter": 3,
            "eps": 0.61,
            "eps_growth_year": -30.15,
            "eps_4q": 2.15,
            "eps_4q_growth_year": -12.2,
            "roe": 6.5,
            "roe_4q": 19.38,
            "gross_profit": 5022000,
            "gross_margin": 44.29,
            "gross_margin_4q_avg": 45.23,
            "net_income": 2072000,
            "net_income_4q": null,
            "revenue": 11338000,
            "revenue_4q": null,
            "common_shares": 3433000,
            "book_valuer_per_share": 8.47,
            "book_valuer_per_share_4q_avg": 7.93,
            "equity": 32512000,
            "current_ratio": 54.61,
            "debt_ratio": 66.03,
            "inventory_turnover_ratio": null,
            "account_receivable_turnover_ratio": 1.22,
            "reinvestment_rate": 101.35,
            "research_to_sale_ratio": null,
            "price_fair": 0,
            "eps_avg_yearly": 0,
            "eps_latest_yearly": 0,
            "eps_growth_yearly": 0
        },
        "20014": {
            "year_quarter": 20014,
            "year": 2001,
            "quarter": 4,
            "eps": 0.37,
            "eps_growth_year": -2.41,
            "eps_4q": 2.14,
            "eps_4q_growth_year": -7.93,
            "roe": 3.81,
            "roe_4q": 23.19,
            "gross_profit": 4585000,
            "gross_margin": 38.52,
            "gross_margin_4q_avg": 43.55,
            "net_income": 1245000,
            "net_income_4q": null,
            "revenue": 11903000,
            "revenue_4q": null,
            "common_shares": 3433000,
            "book_valuer_per_share": 8.75,
            "book_valuer_per_share_4q_avg": 8.14,
            "equity": 32919000,
            "current_ratio": 52.53,
            "debt_ratio": 65.82,
            "inventory_turnover_ratio": null,
            "account_receivable_turnover_ratio": 1.27,
            "reinvestment_rate": 107.78,
            "research_to_sale_ratio": null,
            "price_fair": 0,
            "eps_avg_yearly": 0,
            "eps_latest_yearly": 0,
            "eps_growth_yearly": 0
        },
        "20021": {
            "year_quarter": 20021,
            "year": 2002,
            "quarter": 1,
            "eps": 0.48,
            "eps_growth_year": -11.57,
            "eps_4q": 2.08,
            "eps_4q_growth_year": -11.23,
            "roe": 5.1,
            "roe_4q": 22.16,
            "gross_profit": 6610000,
            "gross_margin": 62.82,
            "gross_margin_4q_avg": 47.85,
            "net_income": 1627000,
            "net_income_4q": null,
            "revenue": 10522000,
            "revenue_4q": null,
            "common_shares": 3433000,
            "book_valuer_per_share": 8.77,
            "book_valuer_per_share_4q_avg": 8.45,
            "equity": 30938000,
            "current_ratio": 56.43,
            "debt_ratio": 67.16,
            "inventory_turnover_ratio": null,
            "account_receivable_turnover_ratio": 1.19,
            "reinvestment_rate": 105.6,
            "research_to_sale_ratio": null,
            "price_fair": 67.2,
            "eps_avg_yearly": 1.92,
            "eps_latest_yearly": 1.92,
            "eps_growth_yearly": 118.92
        },
        "20022": {
            "year_quarter": 20022,
            "year": 2002,
            "quarter": 2,
            "eps": 0.53,
            "eps_growth_year": -13.18,
            "eps_4q": 2,
            "eps_4q_growth_year": -17.29,
            "roe": 5.69,
            "roe_4q": 21.1,
            "gross_profit": 6749000,
            "gross_margin": 62.24,
            "gross_margin_4q_avg": 51.97,
            "net_income": 1782000,
            "net_income_4q": null,
            "revenue": 10843000,
            "revenue_4q": null,
            "common_shares": 3433000,
            "book_valuer_per_share": 9.04,
            "book_valuer_per_share_4q_avg": 8.76,
            "equity": 31728000,
            "current_ratio": 59.31,
            "debt_ratio": 66.36,
            "inventory_turnover_ratio": null,
            "account_receivable_turnover_ratio": 1.22,
            "reinvestment_rate": 91.8,
            "research_to_sale_ratio": null,
            "price_fair": 70.7,
            "eps_avg_yearly": 2.02,
            "eps_latest_yearly": 2.12,
            "eps_growth_yearly": 80.29
        },
        "20023": {
            "year_quarter": 20023,
            "year": 2002,
            "quarter": 3,
            "eps": 0.51,
            "eps_growth_year": -16.17,
            "eps_4q": 1.9,
            "eps_4q_growth_year": -11.73,
            "roe": 5.33,
            "roe_4q": 19.929999999999996,
            "gross_profit": 6420000,
            "gross_margin": 60.82,
            "gross_margin_4q_avg": 56.1,
            "net_income": 1709000,
            "net_income_4q": null,
            "revenue": 10556000,
            "revenue_4q": null,
            "common_shares": 3433000,
            "book_valuer_per_share": 9.26,
            "book_valuer_per_share_4q_avg": 8.96,
            "equity": 32389000,
            "current_ratio": 61.68,
            "debt_ratio": 65.49,
            "inventory_turnover_ratio": null,
            "account_receivable_turnover_ratio": 1.19,
            "reinvestment_rate": 24.49,
            "research_to_sale_ratio": null,
            "price_fair": 70.93,
            "eps_avg_yearly": 2.03,
            "eps_latest_yearly": 2.04,
            "eps_growth_yearly": 48.5
        },
        "20024": {
            "year_quarter": 20024,
            "year": 2002,
            "quarter": 4,
            "eps": 0.71,
            "eps_growth_year": 92.02,
            "eps_4q": 2.24,
            "eps_4q_growth_year": 4.49,
            "roe": 7.18,
            "roe_4q": 23.299999999999997,
            "gross_profit": 6997000,
            "gross_margin": 62.38,
            "gross_margin_4q_avg": 62.07,
            "net_income": 2355000,
            "net_income_4q": null,
            "revenue": 11217000,
            "revenue_4q": null,
            "common_shares": 3433000,
            "book_valuer_per_share": 9.51,
            "book_valuer_per_share_4q_avg": 9.15,
            "equity": 33199000,
            "current_ratio": 95.95,
            "debt_ratio": 65.07,
            "inventory_turnover_ratio": null,
            "account_receivable_turnover_ratio": 1.33,
            "reinvestment_rate": 90.47,
            "research_to_sale_ratio": null,
            "price_fair": 78.05,
            "eps_avg_yearly": 2.23,
            "eps_latest_yearly": 2.84,
            "eps_growth_yearly": 75.59
        },
        "20031": {
            "year_quarter": 20031,
            "year": 2003,
            "quarter": 1,
            "eps": 0.74,
            "eps_growth_year": 52.55,
            "eps_4q": 2.49,
            "eps_4q_growth_year": 19.9,
            "roe": 6.93,
            "roe_4q": 25.13,
            "gross_profit": 6292000,
            "gross_margin": 60.65,
            "gross_margin_4q_avg": 61.52,
            "net_income": 2455000,
            "net_income_4q": null,
            "revenue": 10375000,
            "revenue_4q": null,
            "common_shares": 3433000,
            "book_valuer_per_share": 10.84,
            "book_valuer_per_share_4q_avg": 9.66,
            "equity": 37639000,
            "current_ratio": 107.98,
            "debt_ratio": 62.66,
            "inventory_turnover_ratio": null,
            "account_receivable_turnover_ratio": 1.39,
            "reinvestment_rate": 105.36,
            "research_to_sale_ratio": null,
            "price_fair": 83.16,
            "eps_avg_yearly": 2.38,
            "eps_latest_yearly": 2.96,
            "eps_growth_yearly": 63.85
        },
        "20032": {
            "year_quarter": 20032,
            "year": 2003,
            "quarter": 2,
            "eps": 0.42,
            "eps_growth_year": -21.62,
            "eps_4q": 2.37,
            "eps_4q_growth_year": 18.99,
            "roe": 3.66,
            "roe_4q": 23.1,
            "gross_profit": 6169000,
            "gross_margin": 60.27,
            "gross_margin_4q_avg": 61.03,
            "net_income": 1388000,
            "net_income_4q": null,
            "revenue": 10236000,
            "revenue_4q": null,
            "common_shares": 3433000,
            "book_valuer_per_share": 11,
            "book_valuer_per_share_4q_avg": 10.15,
            "equity": 38183000,
            "current_ratio": 98.41,
            "debt_ratio": 62.06,
            "inventory_turnover_ratio": null,
            "account_receivable_turnover_ratio": 1.68,
            "reinvestment_rate": 103.12,
            "research_to_sale_ratio": null,
            "price_fair": 77.7,
            "eps_avg_yearly": 2.26,
            "eps_latest_yearly": 1.68,
            "eps_growth_yearly": 24.38
        },
        "20033": {
            "year_quarter": 20033,
            "year": 2003,
            "quarter": 3,
            "eps": 0.36,
            "eps_growth_year": -30.46,
            "eps_4q": 2.22,
            "eps_4q_growth_year": 16.96,
            "roe": 3.12,
            "roe_4q": 20.89,
            "gross_profit": 5889000,
            "gross_margin": 58.02,
            "gross_margin_4q_avg": 60.33,
            "net_income": 1186000,
            "net_income_4q": null,
            "revenue": 10150000,
            "revenue_4q": null,
            "common_shares": 3433000,
            "book_valuer_per_share": 10.95,
            "book_valuer_per_share_4q_avg": 10.58,
            "equity": 37892000,
            "current_ratio": 94.73,
            "debt_ratio": 62.6,
            "inventory_turnover_ratio": null,
            "account_receivable_turnover_ratio": 1.69,
            "reinvestment_rate": 22.28,
            "research_to_sale_ratio": null,
            "price_fair": 48.72,
            "eps_avg_yearly": 2.14,
            "eps_latest_yearly": 1.44,
            "eps_growth_yearly": 12.73
        },
        "20034": {
            "year_quarter": 20034,
            "year": 2003,
            "quarter": 4,
            "eps": 0.27,
            "eps_growth_year": -62.05,
            "eps_4q": 1.78,
            "eps_4q_growth_year": -20.41,
            "roe": 2.33,
            "roe_4q": 16.04,
            "gross_profit": 5622000,
            "gross_margin": 56.36,
            "gross_margin_4q_avg": 58.83,
            "net_income": 888000,
            "net_income_4q": null,
            "revenue": 9976000,
            "revenue_4q": null,
            "common_shares": 3433000,
            "book_valuer_per_share": 11.08,
            "book_valuer_per_share_4q_avg": 10.97,
            "equity": 38248000,
            "current_ratio": 98.06,
            "debt_ratio": 61.84,
            "inventory_turnover_ratio": null,
            "account_receivable_turnover_ratio": 1.62,
            "reinvestment_rate": 41.37,
            "research_to_sale_ratio": null,
            "price_fair": 6.03,
            "eps_avg_yearly": 2.01,
            "eps_latest_yearly": 1.08,
            "eps_growth_yearly": -1.36
        },
        "20041": {
            "year_quarter": 20041,
            "year": 2004,
            "quarter": 1,
            "eps": 0.58,
            "eps_growth_year": -21.95,
            "eps_4q": 1.62,
            "eps_4q_growth_year": -35.03,
            "roe": 4.92,
            "roe_4q": 14.030000000000001,
            "gross_profit": 5785000,
            "gross_margin": 57.78,
            "gross_margin_4q_avg": 58.11,
            "net_income": 1911000,
            "net_income_4q": null,
            "revenue": 10012000,
            "revenue_4q": null,
            "common_shares": 3433000,
            "book_valuer_per_share": 11.41,
            "book_valuer_per_share_4q_avg": 11.11,
            "equity": 39409000,
            "current_ratio": 117.42,
            "debt_ratio": 60.76,
            "inventory_turnover_ratio": null,
            "account_receivable_turnover_ratio": 1.68,
            "reinvestment_rate": 11.78,
            "research_to_sale_ratio": null,
            "price_fair": 71.56,
            "eps_avg_yearly": 2.04,
            "eps_latest_yearly": 2.32,
            "eps_growth_yearly": 49.82
        },
        "20042": {
            "year_quarter": 20042,
            "year": 2004,
            "quarter": 2,
            "eps": 0.34,
            "eps_growth_year": -17.93,
            "eps_4q": 1.54,
            "eps_4q_growth_year": -35.03,
            "roe": 2.88,
            "roe_4q": 13.25,
            "gross_profit": 5904000,
            "gross_margin": 57.91,
            "gross_margin_4q_avg": 57.52,
            "net_income": 1135000,
            "net_income_4q": null,
            "revenue": 10196000,
            "revenue_4q": null,
            "common_shares": 3433000,
            "book_valuer_per_share": 11.37,
            "book_valuer_per_share_4q_avg": 11.2,
            "equity": 39280000,
            "current_ratio": 144.74,
            "debt_ratio": 60.89,
            "inventory_turnover_ratio": null,
            "account_receivable_turnover_ratio": 1.8,
            "reinvestment_rate": 8.12,
            "research_to_sale_ratio": null,
            "price_fair": 69.16,
            "eps_avg_yearly": 1.98,
            "eps_latest_yearly": 1.36,
            "eps_growth_yearly": 28.29
        },
        "20043": {
            "year_quarter": 20043,
            "year": 2004,
            "quarter": 3,
            "eps": 0.38,
            "eps_growth_year": 5.16,
            "eps_4q": 1.56,
            "eps_4q_growth_year": -29.62,
            "roe": 3.13,
            "roe_4q": 13.26,
            "gross_profit": 5973000,
            "gross_margin": 58.04,
            "gross_margin_4q_avg": 57.52,
            "net_income": 1245000,
            "net_income_4q": null,
            "revenue": 10292000,
            "revenue_4q": null,
            "common_shares": 3433000,
            "book_valuer_per_share": 11.64,
            "book_valuer_per_share_4q_avg": 11.38,
            "equity": 40210000,
            "current_ratio": 157.49,
            "debt_ratio": 60.57,
            "inventory_turnover_ratio": null,
            "account_receivable_turnover_ratio": 1.83,
            "reinvestment_rate": 15.49,
            "research_to_sale_ratio": null,
            "price_fair": 67.71,
            "eps_avg_yearly": 1.93,
            "eps_latest_yearly": 1.52,
            "eps_growth_yearly": 29.99
        },
        "20044": {
            "year_quarter": 20044,
            "year": 2004,
            "quarter": 4,
            "eps": 0.21,
            "eps_growth_year": -22.71,
            "eps_4q": 1.5,
            "eps_4q_growth_year": -15.69,
            "roe": 1.7,
            "roe_4q": 12.629999999999999,
            "gross_profit": 5674000,
            "gross_margin": 55.16,
            "gross_margin_4q_avg": 57.22,
            "net_income": 688000,
            "net_income_4q": null,
            "revenue": 10287000,
            "revenue_4q": null,
            "common_shares": 3433000,
            "book_valuer_per_share": 11.78,
            "book_valuer_per_share_4q_avg": 11.55,
            "equity": 40504000,
            "current_ratio": 48.94,
            "debt_ratio": 63.27,
            "inventory_turnover_ratio": null,
            "account_receivable_turnover_ratio": 1.63,
            "reinvestment_rate": 103.72,
            "research_to_sale_ratio": null,
            "price_fair": 41.63,
            "eps_avg_yearly": 1.84,
            "eps_latest_yearly": 0.84,
            "eps_growth_yearly": 12.58
        },
        "20051": {
            "year_quarter": 20051,
            "year": 2005,
            "quarter": 1,
            "eps": 0.27,
            "eps_growth_year": -53.51,
            "eps_4q": 1.19,
            "eps_4q_growth_year": -26.29,
            "roe": 2.19,
            "roe_4q": 9.899999999999999,
            "gross_profit": 5846000,
            "gross_margin": 57.12,
            "gross_margin_4q_avg": 57.06,
            "net_income": 885000,
            "net_income_4q": null,
            "revenue": 10234000,
            "revenue_4q": null,
            "common_shares": 3433000,
            "book_valuer_per_share": 11.69,
            "book_valuer_per_share_4q_avg": 11.62,
            "equity": 40404000,
            "current_ratio": 45.56,
            "debt_ratio": 62.22,
            "inventory_turnover_ratio": null,
            "account_receivable_turnover_ratio": 1.68,
            "reinvestment_rate": 96.6,
            "research_to_sale_ratio": null,
            "price_fair": 54.26,
            "eps_avg_yearly": 1.78,
            "eps_latest_yearly": 1.08,
            "eps_growth_yearly": 20.41
        },
        "20052": {
            "year_quarter": 20052,
            "year": 2005,
            "quarter": 2,
            "eps": 0.3,
            "eps_growth_year": -11.67,
            "eps_4q": 1.15,
            "eps_4q_growth_year": -25.31,
            "roe": 2.47,
            "roe_4q": 9.49,
            "gross_profit": 5916000,
            "gross_margin": 57.34,
            "gross_margin_4q_avg": 56.92,
            "net_income": 1000000,
            "net_income_4q": null,
            "revenue": 10317000,
            "revenue_4q": null,
            "common_shares": 3433000,
            "book_valuer_per_share": 11.71,
            "book_valuer_per_share_4q_avg": 11.71,
            "equity": 40486000,
            "current_ratio": 41.33,
            "debt_ratio": 61.68,
            "inventory_turnover_ratio": null,
            "account_receivable_turnover_ratio": 1.97,
            "reinvestment_rate": 92.93,
            "research_to_sale_ratio": null,
            "price_fair": 55.99,
            "eps_avg_yearly": 1.74,
            "eps_latest_yearly": 1.2,
            "eps_growth_yearly": 22.12
        },
        "20053": {
            "year_quarter": 20053,
            "year": 2005,
            "quarter": 3,
            "eps": 0.38,
            "eps_growth_year": 0.9,
            "eps_4q": 1.16,
            "eps_4q_growth_year": -25.97,
            "roe": 3.09,
            "roe_4q": 9.45,
            "gross_profit": 5940000,
            "gross_margin": 57.65,
            "gross_margin_4q_avg": 56.82,
            "net_income": 1246000,
            "net_income_4q": null,
            "revenue": 10304000,
            "revenue_4q": null,
            "common_shares": 3433000,
            "book_valuer_per_share": 11.72,
            "book_valuer_per_share_4q_avg": 11.73,
            "equity": 40179000,
            "current_ratio": 44.28,
            "debt_ratio": 61.4,
            "inventory_turnover_ratio": null,
            "account_receivable_turnover_ratio": 1.97,
            "reinvestment_rate": 86.13,
            "research_to_sale_ratio": null,
            "price_fair": 60.48,
            "eps_avg_yearly": 1.73,
            "eps_latest_yearly": 1.52,
            "eps_growth_yearly": 27.76
        },
        "20054": {
            "year_quarter": 20054,
            "year": 2005,
            "quarter": 4,
            "eps": 0.46,
            "eps_growth_year": 122.88,
            "eps_4q": 1.41,
            "eps_4q_growth_year": -5.97,
            "roe": 3.49,
            "roe_4q": 11.24,
            "gross_profit": 7053000,
            "gross_margin": 54.64,
            "gross_margin_4q_avg": 56.69,
            "net_income": 1655000,
            "net_income_4q": null,
            "revenue": 12909000,
            "revenue_4q": null,
            "common_shares": 4065000,
            "book_valuer_per_share": 8.29,
            "book_valuer_per_share_4q_avg": 10.85,
            "equity": 54690000,
            "current_ratio": 57.65,
            "debt_ratio": 62.45,
            "inventory_turnover_ratio": null,
            "account_receivable_turnover_ratio": 1.77,
            "reinvestment_rate": 129.72,
            "research_to_sale_ratio": null,
            "price_fair": 60.73,
            "eps_avg_yearly": 1.74,
            "eps_latest_yearly": 1.84,
            "eps_growth_yearly": 31.29
        },
        "20061": {
            "year_quarter": 20061,
            "year": 2006,
            "quarter": 1,
            "eps": 0.37,
            "eps_growth_year": 38.73,
            "eps_4q": 1.51,
            "eps_4q_growth_year": 27,
            "roe": 2.63,
            "roe_4q": 11.680000000000001,
            "gross_profit": 8392000,
            "gross_margin": 53.26,
            "gross_margin_4q_avg": 55.72,
            "net_income": 1445000,
            "net_income_4q": null,
            "revenue": 15756000,
            "revenue_4q": null,
            "common_shares": 4065000,
            "book_valuer_per_share": 8.61,
            "book_valuer_per_share_4q_avg": 10.08,
            "equity": 55089000,
            "current_ratio": 55.95,
            "debt_ratio": 61.86,
            "inventory_turnover_ratio": null,
            "account_receivable_turnover_ratio": 1.75,
            "reinvestment_rate": 147.53,
            "research_to_sale_ratio": null,
            "price_fair": 49.46,
            "eps_avg_yearly": 1.71,
            "eps_latest_yearly": 1.48,
            "eps_growth_yearly": 18.96
        },
        "20062": {
            "year_quarter": 20062,
            "year": 2006,
            "quarter": 2,
            "eps": 0.46,
            "eps_growth_year": 53.28,
            "eps_4q": 1.68,
            "eps_4q_growth_year": 45.38,
            "roe": 3.27,
            "roe_4q": 12.48,
            "gross_profit": 8607000,
            "gross_margin": 54.58,
            "gross_margin_4q_avg": 55.03,
            "net_income": 1808000,
            "net_income_4q": null,
            "revenue": 15770000,
            "revenue_4q": null,
            "common_shares": 4065000,
            "book_valuer_per_share": 8.77,
            "book_valuer_per_share_4q_avg": 9.35,
            "equity": 55469000,
            "current_ratio": 59.2,
            "debt_ratio": 61.57,
            "inventory_turnover_ratio": null,
            "account_receivable_turnover_ratio": 1.84,
            "reinvestment_rate": 147.21,
            "research_to_sale_ratio": null,
            "price_fair": 54.82,
            "eps_avg_yearly": 1.69,
            "eps_latest_yearly": 1.84,
            "eps_growth_yearly": 22.44
        },
        "20063": {
            "year_quarter": 20063,
            "year": 2006,
            "quarter": 3,
            "eps": 0.56,
            "eps_growth_year": 47.14,
            "eps_4q": 1.85,
            "eps_4q_growth_year": 60.39,
            "roe": 3.91,
            "roe_4q": 13.299999999999999,
            "gross_profit": 8715000,
            "gross_margin": 55.73,
            "gross_margin_4q_avg": 54.55,
            "net_income": 2165000,
            "net_income_4q": null,
            "revenue": 15638000,
            "revenue_4q": null,
            "common_shares": 4065000,
            "book_valuer_per_share": 8.9,
            "book_valuer_per_share_4q_avg": 8.64,
            "equity": 55401000,
            "current_ratio": 56.52,
            "debt_ratio": 61.5,
            "inventory_turnover_ratio": null,
            "account_receivable_turnover_ratio": 1.82,
            "reinvestment_rate": 144.72,
            "research_to_sale_ratio": null,
            "price_fair": 59.59,
            "eps_avg_yearly": 1.7,
            "eps_latest_yearly": 2.24,
            "eps_growth_yearly": 28.82
        },
        "20064": {
            "year_quarter": 20064,
            "year": 2006,
            "quarter": 4,
            "eps": 0.5,
            "eps_growth_year": 7.3,
            "eps_4q": 1.89,
            "eps_4q_growth_year": 33.8,
            "roe": 2.27,
            "roe_4q": 12.079999999999998,
            "gross_profit": 8799000,
            "gross_margin": 55.37,
            "gross_margin_4q_avg": 54.74,
            "net_income": 1938000,
            "net_income_4q": null,
            "revenue": 15891000,
            "revenue_4q": null,
            "common_shares": 6495000,
            "book_valuer_per_share": -1.9,
            "book_valuer_per_share_4q_avg": 6.1,
            "equity": 115540000,
            "current_ratio": 63.12,
            "debt_ratio": 57.31,
            "inventory_turnover_ratio": null,
            "account_receivable_turnover_ratio": 1.28,
            "reinvestment_rate": 139.96,
            "research_to_sale_ratio": null,
            "price_fair": 43.46,
            "eps_avg_yearly": 1.65,
            "eps_latest_yearly": 2,
            "eps_growth_yearly": 16.34
        },
        "20071": {
            "year_quarter": 20071,
            "year": 2007,
            "quarter": 1,
            "eps": 0.45,
            "eps_growth_year": 22.57,
            "eps_4q": 1.97,
            "eps_4q_growth_year": 30.18,
            "roe": 2.48,
            "roe_4q": 11.93,
            "gross_profit": 17717000,
            "gross_margin": 61.16,
            "gross_margin_4q_avg": 56.71,
            "net_income": 2848000,
            "net_income_4q": null,
            "revenue": 28969000,
            "revenue_4q": null,
            "common_shares": 6495000,
            "book_valuer_per_share": -2.1,
            "book_valuer_per_share_4q_avg": 3.42,
            "equity": 114006000,
            "current_ratio": 71.07,
            "debt_ratio": 57.5,
            "inventory_turnover_ratio": null,
            "account_receivable_turnover_ratio": 1.82,
            "reinvestment_rate": 135.17,
            "research_to_sale_ratio": null,
            "price_fair": 35.94,
            "eps_avg_yearly": 1.58,
            "eps_latest_yearly": 1.8,
            "eps_growth_yearly": 12.78
        },
        "20072": {
            "year_quarter": 20072,
            "year": 2007,
            "quarter": 2,
            "eps": 0.47,
            "eps_growth_year": 1.26,
            "eps_4q": 1.98,
            "eps_4q_growth_year": 18.01,
            "roe": 2.57,
            "roe_4q": 11.23,
            "gross_profit": 18000000,
            "gross_margin": 61.06,
            "gross_margin_4q_avg": 58.33,
            "net_income": 2904000,
            "net_income_4q": null,
            "revenue": 29478000,
            "revenue_4q": null,
            "common_shares": 6495000,
            "book_valuer_per_share": -2.22,
            "book_valuer_per_share_4q_avg": 0.67,
            "equity": 111661000,
            "current_ratio": 63.29,
            "debt_ratio": 58.23,
            "inventory_turnover_ratio": null,
            "account_receivable_turnover_ratio": 1.91,
            "reinvestment_rate": 130.73,
            "research_to_sale_ratio": null,
            "price_fair": 55.18,
            "eps_avg_yearly": 1.59,
            "eps_latest_yearly": 1.88,
            "eps_growth_yearly": 24.7
        },
        "20073": {
            "year_quarter": 20073,
            "year": 2007,
            "quarter": 3,
            "eps": 0.5,
            "eps_growth_year": -10.18,
            "eps_4q": 1.92,
            "eps_4q_growth_year": 3.6,
            "roe": 2.75,
            "roe_4q": 10.07,
            "gross_profit": 18396000,
            "gross_margin": 61.05,
            "gross_margin_4q_avg": 59.66,
            "net_income": 3063000,
            "net_income_4q": null,
            "revenue": 30132000,
            "revenue_4q": null,
            "common_shares": 6495000,
            "book_valuer_per_share": -2.1,
            "book_valuer_per_share_4q_avg": -2.08,
            "equity": 111174000,
            "current_ratio": 66.91,
            "debt_ratio": 58.51,
            "inventory_turnover_ratio": null,
            "account_receivable_turnover_ratio": 1.9,
            "reinvestment_rate": 99.89,
            "research_to_sale_ratio": null,
            "price_fair": 56.88,
            "eps_avg_yearly": 1.63,
            "eps_latest_yearly": 2,
            "eps_growth_yearly": 29.87
        },
        "20074": {
            "year_quarter": 20074,
            "year": 2007,
            "quarter": 4,
            "eps": 0.51,
            "eps_growth_year": 3.79,
            "eps_4q": 1.94,
            "eps_4q_growth_year": 2.74,
            "roe": 2.77,
            "roe_4q": 10.57,
            "gross_profit": 18460000,
            "gross_margin": 60.83,
            "gross_margin_4q_avg": 61.03,
            "net_income": 3136000,
            "net_income_4q": null,
            "revenue": 30349000,
            "revenue_4q": null,
            "common_shares": 6495000,
            "book_valuer_per_share": -2.27,
            "book_valuer_per_share_4q_avg": -2.17,
            "equity": 115367000,
            "current_ratio": 62.86,
            "debt_ratio": 58.15,
            "inventory_turnover_ratio": null,
            "account_receivable_turnover_ratio": 1.87,
            "reinvestment_rate": 123.2,
            "research_to_sale_ratio": null,
            "price_fair": 58.98,
            "eps_avg_yearly": 1.69,
            "eps_latest_yearly": 2.04,
            "eps_growth_yearly": 36.62
        },
        "20081": {
            "year_quarter": 20081,
            "year": 2008,
            "quarter": 1,
            "eps": 0.57,
            "eps_growth_year": 26.2,
            "eps_4q": 2.06,
            "eps_4q_growth_year": 4.42,
            "roe": 3.09,
            "roe_4q": 11.18,
            "gross_profit": 18749000,
            "gross_margin": 60.98,
            "gross_margin_4q_avg": 60.98,
            "net_income": 3519000,
            "net_income_4q": null,
            "revenue": 30744000,
            "revenue_4q": null,
            "common_shares": 6495000,
            "book_valuer_per_share": -2.95,
            "book_valuer_per_share_4q_avg": -2.39,
            "equity": 112258000,
            "current_ratio": 56.84,
            "debt_ratio": 59.65,
            "inventory_turnover_ratio": null,
            "account_receivable_turnover_ratio": 1.93,
            "reinvestment_rate": 120.08,
            "research_to_sale_ratio": null,
            "price_fair": 35.09,
            "eps_avg_yearly": 1.68,
            "eps_latest_yearly": 2.28,
            "eps_growth_yearly": 10.86
        },
        "20082": {
            "year_quarter": 20082,
            "year": 2008,
            "quarter": 2,
            "eps": 0.63,
            "eps_growth_year": 34.94,
            "eps_4q": 2.22,
            "eps_4q_growth_year": 12.4,
            "roe": 3.43,
            "roe_4q": 12.04,
            "gross_profit": 18969000,
            "gross_margin": 61.46,
            "gross_margin_4q_avg": 61.08,
            "net_income": 3843000,
            "net_income_4q": null,
            "revenue": 30866000,
            "revenue_4q": null,
            "common_shares": 6495000,
            "book_valuer_per_share": -4.2,
            "book_valuer_per_share_4q_avg": -2.88,
            "equity": 111937000,
            "current_ratio": 51.48,
            "debt_ratio": 60.66,
            "inventory_turnover_ratio": null,
            "account_receivable_turnover_ratio": 1.95,
            "reinvestment_rate": 109.11,
            "research_to_sale_ratio": null,
            "price_fair": 59.38,
            "eps_avg_yearly": 1.76,
            "eps_latest_yearly": 2.52,
            "eps_growth_yearly": 23.83
        },
        "20083": {
            "year_quarter": 20083,
            "year": 2008,
            "quarter": 3,
            "eps": 0.55,
            "eps_growth_year": 9.15,
            "eps_4q": 2.27,
            "eps_4q_growth_year": 18.11,
            "roe": 2.93,
            "roe_4q": 12.219999999999999,
            "gross_profit": 18320000,
            "gross_margin": 58.45,
            "gross_margin_4q_avg": 60.43,
            "net_income": 3289000,
            "net_income_4q": null,
            "revenue": 31342000,
            "revenue_4q": null,
            "common_shares": 6495000,
            "book_valuer_per_share": -3.95,
            "book_valuer_per_share_4q_avg": -3.34,
            "equity": 112518000,
            "current_ratio": 51.71,
            "debt_ratio": 60.45,
            "inventory_turnover_ratio": null,
            "account_receivable_turnover_ratio": 1.94,
            "reinvestment_rate": 42.33,
            "research_to_sale_ratio": null,
            "price_fair": 49.82,
            "eps_avg_yearly": 1.8,
            "eps_latest_yearly": 2.2,
            "eps_growth_yearly": 17.72
        },
        "20084": {
            "year_quarter": 20084,
            "year": 2008,
            "quarter": 4,
            "eps": -2.28,
            "eps_growth_year": -542.42,
            "eps_4q": -0.52,
            "eps_4q_growth_year": -127.07,
            "roe": -9.13,
            "roe_4q": 0.31999999999999895,
            "gross_profit": 10727000,
            "gross_margin": 35.18,
            "gross_margin_4q_avg": 54.02,
            "net_income": -9537000,
            "net_income_4q": null,
            "revenue": 30491000,
            "revenue_4q": null,
            "common_shares": 6495000,
            "book_valuer_per_share": -6.65,
            "book_valuer_per_share_4q_avg": -4.44,
            "equity": 96347000,
            "current_ratio": 53.34,
            "debt_ratio": 63.68,
            "inventory_turnover_ratio": null,
            "account_receivable_turnover_ratio": 1.88,
            "reinvestment_rate": 67.56,
            "research_to_sale_ratio": null,
            "price_fair": 65.15,
            "eps_avg_yearly": 1.86,
            "eps_latest_yearly": 2.2,
            "eps_growth_yearly": 30.83
        },
        "20091": {
            "year_quarter": 20091,
            "year": 2009,
            "quarter": 1,
            "eps": 0.53,
            "eps_growth_year": -7.85,
            "eps_4q": -0.57,
            "eps_4q_growth_year": -127.7,
            "roe": 3.31,
            "roe_4q": 0.54,
            "gross_profit": 18256000,
            "gross_margin": 59.94,
            "gross_margin_4q_avg": 53.76,
            "net_income": 3205000,
            "net_income_4q": null,
            "revenue": 30457000,
            "revenue_4q": null,
            "common_shares": 6495000,
            "book_valuer_per_share": -6.32,
            "book_valuer_per_share_4q_avg": -5.28,
            "equity": 97291000,
            "current_ratio": 63.52,
            "debt_ratio": 63.2,
            "inventory_turnover_ratio": null,
            "account_receivable_turnover_ratio": 1.96,
            "reinvestment_rate": 63.49,
            "research_to_sale_ratio": null,
            "price_fair": 66.84,
            "eps_avg_yearly": 1.92,
            "eps_latest_yearly": 2.2,
            "eps_growth_yearly": 24.87
        },
        "20092": {
            "year_quarter": 20092,
            "year": 2009,
            "quarter": 2,
            "eps": 0.54,
            "eps_growth_year": -14.77,
            "eps_4q": -0.66,
            "eps_4q_growth_year": -129.86,
            "roe": 3.34,
            "roe_4q": 0.44999999999999973,
            "gross_profit": 18057000,
            "gross_margin": 58.98,
            "gross_margin_4q_avg": 53.14,
            "net_income": 3273000,
            "net_income_4q": null,
            "revenue": 30614000,
            "revenue_4q": null,
            "common_shares": 6495000,
            "book_valuer_per_share": -5.97,
            "book_valuer_per_share_4q_avg": -5.72,
            "equity": 98609000,
            "current_ratio": 74.38,
            "debt_ratio": 63.19,
            "inventory_turnover_ratio": null,
            "account_receivable_turnover_ratio": 2.05,
            "reinvestment_rate": 64.57,
            "research_to_sale_ratio": null,
            "price_fair": 64,
            "eps_avg_yearly": 1.99,
            "eps_latest_yearly": 2.16,
            "eps_growth_yearly": 22.23
        },
        "20093": {
            "year_quarter": 20093,
            "year": 2009,
            "quarter": 3,
            "eps": 0.54,
            "eps_growth_year": -1.57,
            "eps_4q": -0.67,
            "eps_4q_growth_year": -129.64,
            "roe": 3.3,
            "roe_4q": 0.8199999999999985,
            "gross_profit": 17827000,
            "gross_margin": 58,
            "gross_margin_4q_avg": 53.03,
            "net_income": 3268000,
            "net_income_4q": null,
            "revenue": 30734000,
            "revenue_4q": null,
            "common_shares": 6495000,
            "book_valuer_per_share": -5.69,
            "book_valuer_per_share_4q_avg": -6.16,
            "equity": 99573000,
            "current_ratio": 77.92,
            "debt_ratio": 62.65,
            "inventory_turnover_ratio": null,
            "account_receivable_turnover_ratio": 2.07,
            "reinvestment_rate": 27.65,
            "research_to_sale_ratio": null,
            "price_fair": 50,
            "eps_avg_yearly": 2.03,
            "eps_latest_yearly": 2.16,
            "eps_growth_yearly": 14.61
        },
        "20094": {
            "year_quarter": 20094,
            "year": 2009,
            "quarter": 4,
            "eps": 1.28,
            "eps_growth_year": null,
            "eps_4q": 2.88,
            "eps_4q_growth_year": null,
            "roe": 5.49,
            "roe_4q": 15.44,
            "gross_profit": 17734000,
            "gross_margin": 57.75,
            "gross_margin_4q_avg": 58.67,
            "net_income": 5533000,
            "net_income_4q": null,
            "revenue": 30708000,
            "revenue_4q": null,
            "common_shares": 6495000,
            "book_valuer_per_share": -5.49,
            "book_valuer_per_share_4q_avg": -5.87,
            "equity": 101989000,
            "current_ratio": 68.16,
            "debt_ratio": 61.99,
            "inventory_turnover_ratio": null,
            "account_receivable_turnover_ratio": 2.07,
            "reinvestment_rate": 26.56,
            "research_to_sale_ratio": null,
            "price_fair": 79.3,
            "eps_avg_yearly": 2.27,
            "eps_latest_yearly": 5.12,
            "eps_growth_yearly": 47.75
        },
        "20101": {
            "year_quarter": 20101,
            "year": 2010,
            "quarter": 1,
            "eps": 0.41,
            "eps_growth_year": -21.86,
            "eps_4q": 2.77,
            "eps_4q_growth_year": null,
            "roe": 2.49,
            "roe_4q": 14.620000000000001,
            "gross_profit": 18147000,
            "gross_margin": 59.44,
            "gross_margin_4q_avg": 58.54,
            "net_income": 2538000,
            "net_income_4q": null,
            "revenue": 30530000,
            "revenue_4q": null,
            "common_shares": 6495000,
            "book_valuer_per_share": -5.48,
            "book_valuer_per_share_4q_avg": -5.66,
            "equity": 102023000,
            "current_ratio": 60.92,
            "debt_ratio": 61.6,
            "inventory_turnover_ratio": null,
            "account_receivable_turnover_ratio": 2.1,
            "reinvestment_rate": 25.24,
            "research_to_sale_ratio": null,
            "price_fair": 79.7,
            "eps_avg_yearly": 2.28,
            "eps_latest_yearly": 1.64,
            "eps_growth_yearly": 33.92
        },
        "20102": {
            "year_quarter": 20102,
            "year": 2010,
            "quarter": 2,
            "eps": 0.68,
            "eps_growth_year": 25.3,
            "eps_4q": 2.9,
            "eps_4q_growth_year": null,
            "roe": 3.99,
            "roe_4q": 15.27,
            "gross_profit": 18356000,
            "gross_margin": 59.58,
            "gross_margin_4q_avg": 58.69,
            "net_income": 4087000,
            "net_income_4q": null,
            "revenue": 30808000,
            "revenue_4q": null,
            "common_shares": 6495000,
            "book_valuer_per_share": -5.41,
            "book_valuer_per_share_4q_avg": -5.52,
            "equity": 103046000,
            "current_ratio": 59.12,
            "debt_ratio": 61.49,
            "inventory_turnover_ratio": null,
            "account_receivable_turnover_ratio": 2.2,
            "reinvestment_rate": 29.41,
            "research_to_sale_ratio": null,
            "price_fair": 81.9,
            "eps_avg_yearly": 2.34,
            "eps_latest_yearly": 2.72,
            "eps_growth_yearly": 45.79
        },
        "20103": {
            "year_quarter": 20103,
            "year": 2010,
            "quarter": 3,
            "eps": 1.94,
            "eps_growth_year": 261.5,
            "eps_4q": 4.31,
            "eps_4q_growth_year": null,
            "roe": 10.75,
            "roe_4q": 22.72,
            "gross_profit": 17976000,
            "gross_margin": 56.92,
            "gross_margin_4q_avg": 58.42,
            "net_income": 11616000,
            "net_income_4q": null,
            "revenue": 31581000,
            "revenue_4q": null,
            "common_shares": 6495000,
            "book_valuer_per_share": -3.63,
            "book_valuer_per_share_4q_avg": -5,
            "equity": 112994000,
            "current_ratio": 67.26,
            "debt_ratio": 58.03,
            "inventory_turnover_ratio": null,
            "account_receivable_turnover_ratio": 2.31,
            "reinvestment_rate": 19.06,
            "research_to_sale_ratio": null,
            "price_fair": 95.7,
            "eps_avg_yearly": 2.73,
            "eps_latest_yearly": 7.76,
            "eps_growth_yearly": 92.52
        },
        "20104": {
            "year_quarter": 20104,
            "year": 2010,
            "quarter": 4,
            "eps": 0.29,
            "eps_growth_year": -77.22,
            "eps_4q": 3.32,
            "eps_4q_growth_year": 15.22,
            "roe": 1.03,
            "roe_4q": 18.259999999999998,
            "gross_profit": 17422000,
            "gross_margin": 55.55,
            "gross_margin_4q_avg": 57.87,
            "net_income": 1159000,
            "net_income_4q": null,
            "revenue": 31361000,
            "revenue_4q": null,
            "common_shares": 6495000,
            "book_valuer_per_share": -3.8,
            "book_valuer_per_share_4q_avg": -4.58,
            "equity": 111647000,
            "current_ratio": 59.83,
            "debt_ratio": 58.56,
            "inventory_turnover_ratio": null,
            "account_receivable_turnover_ratio": 2.3,
            "reinvestment_rate": 24.63,
            "research_to_sale_ratio": null,
            "price_fair": 93.6,
            "eps_avg_yearly": 2.67,
            "eps_latest_yearly": 1.16,
            "eps_growth_yearly": 71.28
        },
        "20111": {
            "year_quarter": 20111,
            "year": 2011,
            "quarter": 1,
            "eps": 0.57,
            "eps_growth_year": 38.82,
            "eps_4q": 3.48,
            "eps_4q_growth_year": 25.83,
            "roe": 3.09,
            "roe_4q": 18.86,
            "gross_profit": 18434000,
            "gross_margin": 58.99,
            "gross_margin_4q_avg": 57.76,
            "net_income": 3468000,
            "net_income_4q": null,
            "revenue": 31247000,
            "revenue_4q": null,
            "common_shares": 6495000,
            "book_valuer_per_share": -3.55,
            "book_valuer_per_share_4q_avg": -4.1,
            "equity": 112544000,
            "current_ratio": 59.35,
            "debt_ratio": 58.02,
            "inventory_turnover_ratio": null,
            "account_receivable_turnover_ratio": 2.33,
            "reinvestment_rate": 23.9,
            "research_to_sale_ratio": null,
            "price_fair": 94.8,
            "eps_avg_yearly": 2.71,
            "eps_latest_yearly": 2.28,
            "eps_growth_yearly": 101.72
        },
        "20112": {
            "year_quarter": 20112,
            "year": 2011,
            "quarter": 2,
            "eps": 0.6,
            "eps_growth_year": -10.69,
            "eps_4q": 3.41,
            "eps_4q_growth_year": 17.43,
            "roe": 3.23,
            "roe_4q": 18.1,
            "gross_profit": 18739000,
            "gross_margin": 59.5,
            "gross_margin_4q_avg": 57.74,
            "net_income": 3658000,
            "net_income_4q": null,
            "revenue": 31495000,
            "revenue_4q": null,
            "common_shares": 6495000,
            "book_valuer_per_share": -3.25,
            "book_valuer_per_share_4q_avg": -3.56,
            "equity": 113803000,
            "current_ratio": 66.31,
            "debt_ratio": 58.16,
            "inventory_turnover_ratio": null,
            "account_receivable_turnover_ratio": 2.35,
            "reinvestment_rate": 25.79,
            "research_to_sale_ratio": null,
            "price_fair": 96.1,
            "eps_avg_yearly": 2.75,
            "eps_latest_yearly": 2.4,
            "eps_growth_yearly": 101.95
        },
        "20113": {
            "year_quarter": 20113,
            "year": 2011,
            "quarter": 3,
            "eps": 0.65,
            "eps_growth_year": -66.41,
            "eps_4q": 2.12,
            "eps_4q_growth_year": -50.79,
            "roe": 3.24,
            "roe_4q": 10.59,
            "gross_profit": 18822000,
            "gross_margin": 59.79,
            "gross_margin_4q_avg": 58.46,
            "net_income": 3686000,
            "net_income_4q": null,
            "revenue": 31478000,
            "revenue_4q": null,
            "common_shares": 6495000,
            "book_valuer_per_share": -3.2,
            "book_valuer_per_share_4q_avg": -3.45,
            "equity": 113615000,
            "current_ratio": 84.06,
            "debt_ratio": 59.08,
            "inventory_turnover_ratio": null,
            "account_receivable_turnover_ratio": 2.33,
            "reinvestment_rate": 23.77,
            "research_to_sale_ratio": null,
            "price_fair": 97.6,
            "eps_avg_yearly": 2.79,
            "eps_latest_yearly": 2.6,
            "eps_growth_yearly": 102.51
        },
        "20114": {
            "year_quarter": 20114,
            "year": 2011,
            "quarter": 4,
            "eps": -0.46,
            "eps_growth_year": -258.71,
            "eps_4q": 1.37,
            "eps_4q_growth_year": -58.84,
            "roe": -6.05,
            "roe_4q": 3.5100000000000002,
            "gross_profit": 15892000,
            "gross_margin": 48.89,
            "gross_margin_4q_avg": 56.79,
            "net_income": -6628000,
            "net_income_4q": null,
            "revenue": 32503000,
            "revenue_4q": null,
            "common_shares": 6495000,
            "book_valuer_per_share": -4.16,
            "book_valuer_per_share_4q_avg": -3.54,
            "equity": 105534000,
            "current_ratio": 74.4,
            "debt_ratio": 60.98,
            "inventory_turnover_ratio": null,
            "account_receivable_turnover_ratio": 2.44,
            "reinvestment_rate": 29.08,
            "research_to_sale_ratio": null,
            "price_fair": 99.62,
            "eps_avg_yearly": 2.85,
            "eps_latest_yearly": 2.6,
            "eps_growth_yearly": 109.78
        },
        "20121": {
            "year_quarter": 20121,
            "year": 2012,
            "quarter": 1,
            "eps": 0.6,
            "eps_growth_year": 5.25,
            "eps_4q": 1.4,
            "eps_4q_growth_year": -59.87,
            "roe": 3.47,
            "roe_4q": 3.8900000000000006,
            "gross_profit": 19005000,
            "gross_margin": 59.72,
            "gross_margin_4q_avg": 56.98,
            "net_income": 3652000,
            "net_income_4q": null,
            "revenue": 31822000,
            "revenue_4q": null,
            "common_shares": 6495000,
            "book_valuer_per_share": -4.32,
            "book_valuer_per_share_4q_avg": -3.73,
            "equity": 104899000,
            "current_ratio": 63.85,
            "debt_ratio": 61.06,
            "inventory_turnover_ratio": null,
            "account_receivable_turnover_ratio": 2.41,
            "reinvestment_rate": 27.38,
            "research_to_sale_ratio": null,
            "price_fair": 101.27,
            "eps_avg_yearly": 2.89,
            "eps_latest_yearly": 2.6,
            "eps_growth_yearly": 115.01
        },
        "20122": {
            "year_quarter": 20122,
            "year": 2012,
            "quarter": 2,
            "eps": 0.66,
            "eps_growth_year": 9.99,
            "eps_4q": 1.46,
            "eps_4q_growth_year": -57.25,
            "roe": 3.81,
            "roe_4q": 4.470000000000001,
            "gross_profit": 19321000,
            "gross_margin": 61.19,
            "gross_margin_4q_avg": 57.4,
            "net_income": 3965000,
            "net_income_4q": null,
            "revenue": 31575000,
            "revenue_4q": null,
            "common_shares": 6495000,
            "book_valuer_per_share": -4.37,
            "book_valuer_per_share_4q_avg": -4.01,
            "equity": 103280000,
            "current_ratio": 64.49,
            "debt_ratio": 61.22,
            "inventory_turnover_ratio": null,
            "account_receivable_turnover_ratio": 2.47,
            "reinvestment_rate": 27.14,
            "research_to_sale_ratio": null,
            "price_fair": 101.62,
            "eps_avg_yearly": 2.9,
            "eps_latest_yearly": 2.64,
            "eps_growth_yearly": 114.83
        },
        "20123": {
            "year_quarter": 20123,
            "year": 2012,
            "quarter": 3,
            "eps": 0.63,
            "eps_growth_year": -3.79,
            "eps_4q": 1.43,
            "eps_4q_growth_year": -32.42,
            "roe": 3.62,
            "roe_4q": 4.8500000000000005,
            "gross_profit": 18857000,
            "gross_margin": 59.94,
            "gross_margin_4q_avg": 57.44,
            "net_income": 3701000,
            "net_income_4q": null,
            "revenue": 31459000,
            "revenue_4q": null,
            "common_shares": 6495000,
            "book_valuer_per_share": -4.83,
            "book_valuer_per_share_4q_avg": -4.42,
            "equity": 100957000,
            "current_ratio": 61.56,
            "debt_ratio": 62.17,
            "inventory_turnover_ratio": null,
            "account_receivable_turnover_ratio": 2.53,
            "reinvestment_rate": 27.11,
            "research_to_sale_ratio": null,
            "price_fair": 102.55,
            "eps_avg_yearly": 2.93,
            "eps_latest_yearly": 2.52,
            "eps_growth_yearly": 117.55
        },
        "20124": {
            "year_quarter": 20124,
            "year": 2012,
            "quarter": 4,
            "eps": -0.68,
            "eps_growth_year": null,
            "eps_4q": 1.22,
            "eps_4q_growth_year": -11.08,
            "roe": -3.91,
            "roe_4q": 6.99,
            "gross_profit": 15023000,
            "gross_margin": 46.11,
            "gross_margin_4q_avg": 56.74,
            "net_income": -3779000,
            "net_income_4q": null,
            "revenue": 32578000,
            "revenue_4q": null,
            "common_shares": 6495000,
            "book_valuer_per_share": -6.48,
            "book_valuer_per_share_4q_avg": -5,
            "equity": 92362000,
            "current_ratio": 71.43,
            "debt_ratio": 66.08,
            "inventory_turnover_ratio": null,
            "account_receivable_turnover_ratio": 2.6,
            "reinvestment_rate": 28.6,
            "research_to_sale_ratio": null,
            "price_fair": 102.55,
            "eps_avg_yearly": 2.93,
            "eps_latest_yearly": 2.52,
            "eps_growth_yearly": 117.55
        },
        "20131": {
            "year_quarter": 20131,
            "year": 2013,
            "quarter": 1,
            "eps": 0.67,
            "eps_growth_year": 10.92,
            "eps_4q": 1.28,
            "eps_4q_growth_year": -8.28,
            "roe": 4.18,
            "roe_4q": 7.699999999999999,
            "gross_profit": 18802000,
            "gross_margin": 59.96,
            "gross_margin_4q_avg": 56.8,
            "net_income": 3773000,
            "net_income_4q": null,
            "revenue": 31356000,
            "revenue_4q": null,
            "common_shares": 6495000,
            "book_valuer_per_share": -7.65,
            "book_valuer_per_share_4q_avg": -5.83,
            "equity": 87998000,
            "current_ratio": 68.39,
            "debt_ratio": 67.53,
            "inventory_turnover_ratio": null,
            "account_receivable_turnover_ratio": 2.53,
            "reinvestment_rate": 28.52,
            "research_to_sale_ratio": null,
            "price_fair": 102.55,
            "eps_avg_yearly": 2.93,
            "eps_latest_yearly": 2.52,
            "eps_growth_yearly": 117.55
        },
        "20132": {
            "year_quarter": 20132,
            "year": 2013,
            "quarter": 2,
            "eps": 0.71,
            "eps_growth_year": 6.64,
            "eps_4q": 1.33,
            "eps_4q_growth_year": -9.05,
            "roe": 4.46,
            "roe_4q": 8.350000000000001,
            "gross_profit": 18805000,
            "gross_margin": 58.63,
            "gross_margin_4q_avg": 56.16,
            "net_income": 3880000,
            "net_income_4q": null,
            "revenue": 32075000,
            "revenue_4q": null,
            "common_shares": 6495000,
            "book_valuer_per_share": -8.15,
            "book_valuer_per_share_4q_avg": -6.78,
            "equity": 85980000,
            "current_ratio": 68.7,
            "debt_ratio": 68.4,
            "inventory_turnover_ratio": null,
            "account_receivable_turnover_ratio": 2.61,
            "reinvestment_rate": 27.7,
            "research_to_sale_ratio": null,
            "price_fair": 104.53,
            "eps_avg_yearly": 2.99,
            "eps_latest_yearly": 2.84,
            "eps_growth_yearly": 118.91
        },
        "20133": {
            "year_quarter": 20133,
            "year": 2013,
            "quarter": 3,
            "eps": 0.72,
            "eps_growth_year": 14,
            "eps_4q": 1.41,
            "eps_4q_growth_year": -1.35,
            "roe": 4.55,
            "roe_4q": 9.28,
            "gross_profit": 18755000,
            "gross_margin": 58.32,
            "gross_margin_4q_avg": 55.76,
            "net_income": 3905000,
            "net_income_4q": null,
            "revenue": 32158000,
            "revenue_4q": null,
            "common_shares": 6495000,
            "book_valuer_per_share": -8.81,
            "book_valuer_per_share_4q_avg": -7.77,
            "equity": 85715000,
            "current_ratio": 50.95,
            "debt_ratio": 68.79,
            "inventory_turnover_ratio": null,
            "account_receivable_turnover_ratio": 2.58,
            "reinvestment_rate": 28.24,
            "research_to_sale_ratio": null,
            "price_fair": 106.63,
            "eps_avg_yearly": 3.05,
            "eps_latest_yearly": 2.88,
            "eps_growth_yearly": 119.38
        },
        "20134": {
            "year_quarter": 20134,
            "year": 2013,
            "quarter": 4,
            "eps": 1.31,
            "eps_growth_year": null,
            "eps_4q": 3.4,
            "eps_4q_growth_year": 179.72,
            "roe": 7.92,
            "roe_4q": 21.11,
            "gross_profit": 20926000,
            "gross_margin": 63.1,
            "gross_margin_4q_avg": 60,
            "net_income": 6995000,
            "net_income_4q": null,
            "revenue": 33163000,
            "revenue_4q": null,
            "common_shares": 6495000,
            "book_valuer_per_share": -7.75,
            "book_valuer_per_share_4q_avg": -8.09,
            "equity": 90988000,
            "current_ratio": 66.28,
            "debt_ratio": 67.25,
            "inventory_turnover_ratio": null,
            "account_receivable_turnover_ratio": 2.62,
            "reinvestment_rate": 23.99,
            "research_to_sale_ratio": null,
            "price_fair": 106.98,
            "eps_avg_yearly": 3.06,
            "eps_latest_yearly": 5.24,
            "eps_growth_yearly": 101.02
        },
        "20141": {
            "year_quarter": 20141,
            "year": 2014,
            "quarter": 1,
            "eps": 0.7,
            "eps_growth_year": 4.21,
            "eps_4q": 3.43,
            "eps_4q_growth_year": 167.54,
            "roe": 4.11,
            "roe_4q": 21.040000000000003,
            "gross_profit": 19155000,
            "gross_margin": 58.98,
            "gross_margin_4q_avg": 59.76,
            "net_income": 3734000,
            "net_income_4q": null,
            "revenue": 32476000,
            "revenue_4q": null,
            "common_shares": 6495000,
            "book_valuer_per_share": -8.65,
            "book_valuer_per_share_4q_avg": -8.34,
            "equity": 90906000,
            "current_ratio": 60.48,
            "debt_ratio": 68.14,
            "inventory_turnover_ratio": null,
            "account_receivable_turnover_ratio": 2.49,
            "reinvestment_rate": 22.64,
            "research_to_sale_ratio": null,
            "price_fair": 110.37,
            "eps_avg_yearly": 3.15,
            "eps_latest_yearly": 2.8,
            "eps_growth_yearly": 108.15
        },
        "20142": {
            "year_quarter": 20142,
            "year": 2014,
            "quarter": 2,
            "eps": 0.68,
            "eps_growth_year": -3.97,
            "eps_4q": 3.4,
            "eps_4q_growth_year": 156.52,
            "roe": 3.96,
            "roe_4q": 20.54,
            "gross_profit": 18363000,
            "gross_margin": 56.37,
            "gross_margin_4q_avg": 59.19,
            "net_income": 3621000,
            "net_income_4q": null,
            "revenue": 32575000,
            "revenue_4q": null,
            "common_shares": 6495000,
            "book_valuer_per_share": -8.48,
            "book_valuer_per_share_4q_avg": -8.42,
            "equity": 92132000,
            "current_ratio": 75.62,
            "debt_ratio": 68.61,
            "inventory_turnover_ratio": null,
            "account_receivable_turnover_ratio": 2.49,
            "reinvestment_rate": 16.5,
            "research_to_sale_ratio": null,
            "price_fair": 110.37,
            "eps_avg_yearly": 3.15,
            "eps_latest_yearly": 2.72,
            "eps_growth_yearly": 85.25
        },
        "20143": {
            "year_quarter": 20143,
            "year": 2014,
            "quarter": 3,
            "eps": 0.6,
            "eps_growth_year": -16.04,
            "eps_4q": 3.29,
            "eps_4q_growth_year": 132.47,
            "roe": 3.45,
            "roe_4q": 19.439999999999998,
            "gross_profit": 18621000,
            "gross_margin": 56.5,
            "gross_margin_4q_avg": 58.74,
            "net_income": 3187000,
            "net_income_4q": null,
            "revenue": 32957000,
            "revenue_4q": null,
            "common_shares": 6495000,
            "book_valuer_per_share": -8.59,
            "book_valuer_per_share_4q_avg": -8.37,
            "equity": 92613000,
            "current_ratio": 64.62,
            "debt_ratio": 67.84,
            "inventory_turnover_ratio": null,
            "account_receivable_turnover_ratio": 2.49,
            "reinvestment_rate": 17.62,
            "research_to_sale_ratio": null,
            "price_fair": 80.02,
            "eps_avg_yearly": 2.71,
            "eps_latest_yearly": 2.4,
            "eps_growth_yearly": 19.56
        },
        "20144": {
            "year_quarter": 20144,
            "year": 2014,
            "quarter": 4,
            "eps": -0.5,
            "eps_growth_year": -138.49,
            "eps_4q": 1.48,
            "eps_4q_growth_year": -56.64,
            "roe": -4.3,
            "roe_4q": 7.220000000000001,
            "gross_profit": 15983000,
            "gross_margin": 46.41,
            "gross_margin_4q_avg": 54.57,
            "net_income": -3918000,
            "net_income_4q": null,
            "revenue": 34439000,
            "revenue_4q": null,
            "common_shares": 6495000,
            "book_valuer_per_share": -9.05,
            "book_valuer_per_share_4q_avg": -8.69,
            "equity": 89716000,
            "current_ratio": 90.14,
            "debt_ratio": 69.78,
            "inventory_turnover_ratio": null,
            "account_receivable_turnover_ratio": 2.46,
            "reinvestment_rate": 12.98,
            "research_to_sale_ratio": null,
            "price_fair": 99.65,
            "eps_avg_yearly": 2.85,
            "eps_latest_yearly": 2.4,
            "eps_growth_yearly": 52.27
        },
        "20151": {
            "year_quarter": 20151,
            "year": 2015,
            "quarter": 1,
            "eps": 0.63,
            "eps_growth_year": -10.32,
            "eps_4q": 1.4,
            "eps_4q_growth_year": -59.1,
            "roe": 3.79,
            "roe_4q": 6.9,
            "gross_profit": 18096000,
            "gross_margin": 55.55,
            "gross_margin_4q_avg": 53.71,
            "net_income": 3339000,
            "net_income_4q": null,
            "revenue": 32576000,
            "revenue_4q": null,
            "common_shares": 6495000,
            "book_valuer_per_share": -13.64,
            "book_valuer_per_share_4q_avg": -9.94,
            "equity": 86499000,
            "current_ratio": 72.8,
            "debt_ratio": 71.92,
            "inventory_turnover_ratio": null,
            "account_receivable_turnover_ratio": 2.32,
            "reinvestment_rate": 9.63,
            "research_to_sale_ratio": null,
            "price_fair": 83.85,
            "eps_avg_yearly": 2.9,
            "eps_latest_yearly": 2.4,
            "eps_growth_yearly": 18.87
        },
        "20152": {
            "year_quarter": 20152,
            "year": 2015,
            "quarter": 2,
            "eps": 0.59,
            "eps_growth_year": -13.13,
            "eps_4q": 1.31,
            "eps_4q_growth_year": -61.38,
            "roe": 3.67,
            "roe_4q": 6.61,
            "gross_profit": 17936000,
            "gross_margin": 54.33,
            "gross_margin_4q_avg": 53.2,
            "net_income": 3184000,
            "net_income_4q": null,
            "revenue": 33015000,
            "revenue_4q": null,
            "common_shares": 6495000,
            "book_valuer_per_share": -13.74,
            "book_valuer_per_share_4q_avg": -11.26,
            "equity": 86859000,
            "current_ratio": 106.5,
            "debt_ratio": 73.4,
            "inventory_turnover_ratio": null,
            "account_receivable_turnover_ratio": 2.41,
            "reinvestment_rate": 11.66,
            "research_to_sale_ratio": null,
            "price_fair": 70.27,
            "eps_avg_yearly": 2.9,
            "eps_latest_yearly": 2.36,
            "eps_growth_yearly": 14.23
        },
        "20153": {
            "year_quarter": 20153,
            "year": 2015,
            "quarter": 3,
            "eps": 0.5,
            "eps_growth_year": -16.05,
            "eps_4q": 1.22,
            "eps_4q_growth_year": -62.97,
            "roe": 2.95,
            "roe_4q": 6.11,
            "gross_profit": 21295000,
            "gross_margin": 54.48,
            "gross_margin_4q_avg": 52.69,
            "net_income": 3078000,
            "net_income_4q": null,
            "revenue": 39091000,
            "revenue_4q": null,
            "common_shares": 6495000,
            "book_valuer_per_share": -17.07,
            "book_valuer_per_share_4q_avg": -13.38,
            "equity": 121824000,
            "current_ratio": 72.91,
            "debt_ratio": 69.54,
            "inventory_turnover_ratio": null,
            "account_receivable_turnover_ratio": 2.59,
            "reinvestment_rate": 37.36,
            "research_to_sale_ratio": null,
            "price_fair": 42.02,
            "eps_avg_yearly": 2.84,
            "eps_latest_yearly": 2,
            "eps_growth_yearly": 4.79
        },
        "20154": {
            "year_quarter": 20154,
            "year": 2015,
            "quarter": 4,
            "eps": 0.65,
            "eps_growth_year": null,
            "eps_4q": 2.37,
            "eps_4q_growth_year": 60.56,
            "roe": 3.34,
            "roe_4q": 13.75,
            "gross_profit": 22428000,
            "gross_margin": 53.25,
            "gross_margin_4q_avg": 54.4,
            "net_income": 4086000,
            "net_income_4q": null,
            "revenue": 42119000,
            "revenue_4q": null,
            "common_shares": 6495000,
            "book_valuer_per_share": -16.7,
            "book_valuer_per_share_4q_avg": -15.29,
            "equity": 122671000,
            "current_ratio": 75.27,
            "debt_ratio": 69.54,
            "inventory_turnover_ratio": null,
            "account_receivable_turnover_ratio": 2.56,
            "reinvestment_rate": 30.5,
            "research_to_sale_ratio": null,
            "price_fair": 71.21,
            "eps_avg_yearly": 2.82,
            "eps_latest_yearly": 2.6,
            "eps_growth_yearly": 15.27
        },
        "20161": {
            "year_quarter": 20161,
            "year": 2016,
            "quarter": 1,
            "eps": 0.64,
            "eps_growth_year": 2.44,
            "eps_4q": 2.38,
            "eps_4q_growth_year": 69.89,
            "roe": 3.16,
            "roe_4q": 13.12,
            "gross_profit": 22135000,
            "gross_margin": 54.61,
            "gross_margin_4q_avg": 54.17,
            "net_income": 3885000,
            "net_income_4q": null,
            "revenue": 40535000,
            "revenue_4q": null,
            "common_shares": 6495000,
            "book_valuer_per_share": -16.51,
            "book_valuer_per_share_4q_avg": -16.01,
            "equity": 123432000,
            "current_ratio": 85.34,
            "debt_ratio": 69.42,
            "inventory_turnover_ratio": null,
            "account_receivable_turnover_ratio": 2.38,
            "reinvestment_rate": 27.53,
            "research_to_sale_ratio": null,
            "price_fair": 65.67,
            "eps_avg_yearly": 2.8,
            "eps_latest_yearly": 2.56,
            "eps_growth_yearly": 13.48
        },
        "20162": {
            "year_quarter": 20162,
            "year": 2016,
            "quarter": 2,
            "eps": 0.57,
            "eps_growth_year": -3.43,
            "eps_4q": 2.36,
            "eps_4q_growth_year": 79.89,
            "roe": 2.85,
            "roe_4q": 12.3,
            "gross_profit": 22045000,
            "gross_margin": 54.41,
            "gross_margin_4q_avg": 54.19,
            "net_income": 3515000,
            "net_income_4q": null,
            "revenue": 40520000,
            "revenue_4q": null,
            "common_shares": 6495000,
            "book_valuer_per_share": -16.47,
            "book_valuer_per_share_4q_avg": -16.69,
            "equity": 123402000,
            "current_ratio": 77.49,
            "debt_ratio": 69.29,
            "inventory_turnover_ratio": null,
            "account_receivable_turnover_ratio": 2.3,
            "reinvestment_rate": 26.2,
            "research_to_sale_ratio": null,
            "price_fair": 45.66,
            "eps_avg_yearly": 2.77,
            "eps_latest_yearly": 2.28,
            "eps_growth_yearly": 6.5
        },
        "20163": {
            "year_quarter": 20163,
            "year": 2016,
            "quarter": 3,
            "eps": 0.57,
            "eps_growth_year": 12.78,
            "eps_4q": 2.43,
            "eps_4q_growth_year": 99.43,
            "roe": 2.77,
            "roe_4q": 12.120000000000001,
            "gross_profit": 22000000,
            "gross_margin": 53.8,
            "gross_margin_4q_avg": 54.02,
            "net_income": 3418000,
            "net_income_4q": null,
            "revenue": 40890000,
            "revenue_4q": null,
            "common_shares": 6495000,
            "book_valuer_per_share": -16.26,
            "book_valuer_per_share_4q_avg": -16.49,
            "equity": 123611000,
            "current_ratio": 79.35,
            "debt_ratio": 69.33,
            "inventory_turnover_ratio": null,
            "account_receivable_turnover_ratio": 2.26,
            "reinvestment_rate": 23.84,
            "research_to_sale_ratio": null,
            "price_fair": 49.49,
            "eps_avg_yearly": 2.75,
            "eps_latest_yearly": 2.28,
            "eps_growth_yearly": 8.02
        },
        "20164": {
            "year_quarter": 20164,
            "year": 2016,
            "quarter": 4,
            "eps": 0.48,
            "eps_growth_year": -26.21,
            "eps_4q": 2.26,
            "eps_4q_growth_year": -4.65,
            "roe": 2.04,
            "roe_4q": 10.82,
            "gross_profit": 20722000,
            "gross_margin": 49.53,
            "gross_margin_4q_avg": 53.09,
            "net_income": 2515000,
            "net_income_4q": null,
            "revenue": 41841000,
            "revenue_4q": null,
            "common_shares": 6495000,
            "book_valuer_per_share": -16.12,
            "book_valuer_per_share_4q_avg": -16.34,
            "equity": 123135000,
            "current_ratio": 75.86,
            "debt_ratio": 69.51,
            "inventory_turnover_ratio": null,
            "account_receivable_turnover_ratio": 2.27,
            "reinvestment_rate": 22.2,
            "research_to_sale_ratio": null,
            "price_fair": 33.66,
            "eps_avg_yearly": 2.68,
            "eps_latest_yearly": 1.92,
            "eps_growth_yearly": 2.54
        },
        "20171": {
            "year_quarter": 20171,
            "year": 2017,
            "quarter": 1,
            "eps": 0.58,
            "eps_growth_year": -10.32,
            "eps_4q": 2.19,
            "eps_4q_growth_year": -8.04,
            "roe": 2.89,
            "roe_4q": 10.549999999999999,
            "gross_profit": 21255000,
            "gross_margin": 53.99,
            "gross_margin_4q_avg": 52.93,
            "net_income": 3574000,
            "net_income_4q": null,
            "revenue": 39365000,
            "revenue_4q": null,
            "common_shares": 6495000,
            "book_valuer_per_share": -15.95,
            "book_valuer_per_share_4q_avg": -16.2,
            "equity": 123841000,
            "current_ratio": 90.21,
            "debt_ratio": 69.93,
            "inventory_turnover_ratio": null,
            "account_receivable_turnover_ratio": 2.22,
            "reinvestment_rate": 22.92,
            "research_to_sale_ratio": null,
            "price_fair": 48.66,
            "eps_avg_yearly": 2.66,
            "eps_latest_yearly": 2.32,
            "eps_growth_yearly": 8.31
        },
        "20172": {
            "year_quarter": 20172,
            "year": 2017,
            "quarter": 2,
            "eps": 0.67,
            "eps_growth_year": 16.91,
            "eps_4q": 2.29,
            "eps_4q_growth_year": -3.17,
            "roe": 3.23,
            "roe_4q": 10.93,
            "gross_profit": 21232000,
            "gross_margin": 53.3,
            "gross_margin_4q_avg": 52.66,
            "net_income": 4014000,
            "net_income_4q": null,
            "revenue": 39837000,
            "revenue_4q": null,
            "common_shares": 6495000,
            "book_valuer_per_share": -15.81,
            "book_valuer_per_share_4q_avg": -16.04,
            "equity": 124725000,
            "current_ratio": 111.53,
            "debt_ratio": 70.36,
            "inventory_turnover_ratio": null,
            "account_receivable_turnover_ratio": 2.32,
            "reinvestment_rate": 21.36,
            "research_to_sale_ratio": null,
            "price_fair": 55.67,
            "eps_avg_yearly": 2.65,
            "eps_latest_yearly": 2.68,
            "eps_growth_yearly": 11.04
        },
        "20173": {
            "year_quarter": 20173,
            "year": 2017,
            "quarter": 3,
            "eps": 0.55,
            "eps_growth_year": -2.89,
            "eps_4q": 2.27,
            "eps_4q_growth_year": -6.42,
            "roe": 2.5,
            "roe_4q": 10.66,
            "gross_profit": 20499000,
            "gross_margin": 51.68,
            "gross_margin_4q_avg": 52.13,
            "net_income": 3123000,
            "net_income_4q": null,
            "revenue": 39668000,
            "revenue_4q": null,
            "common_shares": 6495000,
            "book_valuer_per_share": -15.66,
            "book_valuer_per_share_4q_avg": -15.89,
            "equity": 124960000,
            "current_ratio": 160.1,
            "debt_ratio": 71.85,
            "inventory_turnover_ratio": null,
            "account_receivable_turnover_ratio": 2.26,
            "reinvestment_rate": 25.15,
            "research_to_sale_ratio": null,
            "price_fair": 40.31,
            "eps_avg_yearly": 2.6,
            "eps_latest_yearly": 2.2,
            "eps_growth_yearly": 5.52
        },
        "20174": {
            "year_quarter": 20174,
            "year": 2017,
            "quarter": 4,
            "eps": 0.19,
            "eps_growth_year": -59.6,
            "eps_4q": 1.99,
            "eps_4q_growth_year": -11.99,
            "roe": -0.85,
            "roe_4q": 7.77,
            "gross_profit": 19750000,
            "gross_margin": 47.39,
            "gross_margin_4q_avg": 51.59,
            "net_income": -1135000,
            "net_income_4q": null,
            "revenue": 41676000,
            "revenue_4q": null,
            "common_shares": 6495000,
            "book_valuer_per_share": -12.85,
            "book_valuer_per_share_4q_avg": -15.07,
            "equity": 140861000,
            "current_ratio": 97.24,
            "debt_ratio": 68.28,
            "inventory_turnover_ratio": null,
            "account_receivable_turnover_ratio": 2.3,
            "reinvestment_rate": 23.22,
            "research_to_sale_ratio": null,
            "price_fair": 6.83,
            "eps_avg_yearly": 2.28,
            "eps_latest_yearly": 0.76,
            "eps_growth_yearly": -36.59
        },
        "20181": {
            "year_quarter": 20181,
            "year": 2018,
            "quarter": 1,
            "eps": 0.79,
            "eps_growth_year": 36.71,
            "eps_4q": 2.2,
            "eps_4q_growth_year": 0.29,
            "roe": 3.32,
            "roe_4q": 8.2,
            "gross_profit": 20092000,
            "gross_margin": 52.82,
            "gross_margin_4q_avg": 51.3,
            "net_income": 4759000,
            "net_income_4q": null,
            "revenue": 38038000,
            "revenue_4q": null,
            "common_shares": 6495000,
            "book_valuer_per_share": -11.91,
            "book_valuer_per_share_4q_avg": -14.06,
            "equity": 145920000,
            "current_ratio": 111.23,
            "debt_ratio": 67.31,
            "inventory_turnover_ratio": null,
            "account_receivable_turnover_ratio": 2.01,
            "reinvestment_rate": 28.98,
            "research_to_sale_ratio": null,
            "price_fair": 80.6,
            "eps_avg_yearly": 2.3,
            "eps_latest_yearly": 3.16,
            "eps_growth_yearly": 66.94
        },
        "20182": {
            "year_quarter": 20182,
            "year": 2018,
            "quarter": 2,
            "eps": 0.87,
            "eps_growth_year": 30.68,
            "eps_4q": 2.4,
            "eps_4q_growth_year": 5.01,
            "roe": 3.19,
            "roe_4q": 8.16,
            "gross_profit": 21528000,
            "gross_margin": 55.22,
            "gross_margin_4q_avg": 51.78,
            "net_income": 5248000,
            "net_income_4q": null,
            "revenue": 38986000,
            "revenue_4q": null,
            "common_shares": 7621000,
            "book_valuer_per_share": -17.78,
            "book_valuer_per_share_4q_avg": -14.55,
            "equity": 182980000,
            "current_ratio": 80.6,
            "debt_ratio": 65.78,
            "inventory_turnover_ratio": null,
            "account_receivable_turnover_ratio": 1.66,
            "reinvestment_rate": 47.05,
            "research_to_sale_ratio": null,
            "price_fair": 82.5,
            "eps_avg_yearly": 2.36,
            "eps_latest_yearly": 3.48,
            "eps_growth_yearly": 70.65
        },
        "20183": {
            "year_quarter": 20183,
            "year": 2018,
            "quarter": 3,
            "eps": 0.69,
            "eps_growth_year": 25.18,
            "eps_4q": 2.54,
            "eps_4q_growth_year": 11.89,
            "roe": 2.63,
            "roe_4q": 8.290000000000001,
            "gross_profit": 25033000,
            "gross_margin": 54.73,
            "gross_margin_4q_avg": 52.54,
            "net_income": 4816000,
            "net_income_4q": null,
            "revenue": 45739000,
            "revenue_4q": null,
            "common_shares": 7621000,
            "book_valuer_per_share": -17.71,
            "book_valuer_per_share_4q_avg": -15.06,
            "equity": 183848000,
            "current_ratio": 81.18,
            "debt_ratio": 65.63,
            "inventory_turnover_ratio": null,
            "account_receivable_turnover_ratio": 1.63,
            "reinvestment_rate": 47.62,
            "research_to_sale_ratio": null,
            "price_fair": 83.4,
            "eps_avg_yearly": 2.38,
            "eps_latest_yearly": 2.76,
            "eps_growth_yearly": 68.1
        },
        "20184": {
            "year_quarter": 20184,
            "year": 2018,
            "quarter": 4,
            "eps": 0.66,
            "eps_growth_year": 243.64,
            "eps_4q": 3.01,
            "eps_4q_growth_year": 51.57,
            "roe": 2.4,
            "roe_4q": 11.54,
            "gross_profit": 24684000,
            "gross_margin": 51.43,
            "gross_margin_4q_avg": 53.55,
            "net_income": 4412000,
            "net_income_4q": null,
            "revenue": 47993000,
            "revenue_4q": null,
            "common_shares": 7621000,
            "book_valuer_per_share": -17.32,
            "book_valuer_per_share_4q_avg": -16.18,
            "equity": 184089000,
            "current_ratio": 79.83,
            "debt_ratio": 65.39,
            "inventory_turnover_ratio": null,
            "account_receivable_turnover_ratio": 1.66,
            "reinvestment_rate": 42.17,
            "research_to_sale_ratio": null,
            "price_fair": 84,
            "eps_avg_yearly": 2.4,
            "eps_latest_yearly": 2.64,
            "eps_growth_yearly": 62.4
        },
        "20191": {
            "year_quarter": 20191,
            "year": 2019,
            "quarter": 1,
            "eps": 0.6,
            "eps_growth_year": -24.07,
            "eps_4q": 2.82,
            "eps_4q_growth_year": 28.41,
            "roe": 2.36,
            "roe_4q": 10.58,
            "gross_profit": 24088000,
            "gross_margin": 53.74,
            "gross_margin_4q_avg": 53.78,
            "net_income": 4348000,
            "net_income_4q": null,
            "revenue": 44827000,
            "revenue_4q": null,
            "common_shares": 7621000,
            "book_valuer_per_share": -16.98,
            "book_valuer_per_share_4q_avg": -17.45,
            "equity": 185112000,
            "current_ratio": 71.88,
            "debt_ratio": 66.24,
            "inventory_turnover_ratio": null,
            "account_receivable_turnover_ratio": 1.6,
            "reinvestment_rate": 74.76,
            "research_to_sale_ratio": null,
            "price_fair": 84,
            "eps_avg_yearly": 2.4,
            "eps_latest_yearly": 2.4,
            "eps_growth_yearly": 56.23
        },
        "20192": {
            "year_quarter": 20192,
            "year": 2019,
            "quarter": 2,
            "eps": 0.55,
            "eps_growth_year": -36.75,
            "eps_4q": 2.5,
            "eps_4q_growth_year": 4.15,
            "roe": 2.15,
            "roe_4q": 9.54,
            "gross_profit": 24445000,
            "gross_margin": 54.37,
            "gross_margin_4q_avg": 53.57,
            "net_income": 3974000,
            "net_income_4q": null,
            "revenue": 44957000,
            "revenue_4q": null,
            "common_shares": 7621000,
            "book_valuer_per_share": -16.86,
            "book_valuer_per_share_4q_avg": -17.22,
            "equity": 184257000,
            "current_ratio": 71.14,
            "debt_ratio": 66.31,
            "inventory_turnover_ratio": null,
            "account_receivable_turnover_ratio": 1.73,
            "reinvestment_rate": 57.47,
            "research_to_sale_ratio": null,
            "price_fair": 83.65,
            "eps_avg_yearly": 2.39,
            "eps_latest_yearly": 2.2,
            "eps_growth_yearly": 55.73
        },
        "20193": {
            "year_quarter": 20193,
            "year": 2019,
            "quarter": 3,
            "eps": 0.53,
            "eps_growth_year": -23.64,
            "eps_4q": 2.34,
            "eps_4q_growth_year": -7.97,
            "roe": 2.15,
            "roe_4q": 9.06,
            "gross_profit": 24434000,
            "gross_margin": 54.8,
            "gross_margin_4q_avg": 53.59,
            "net_income": 3949000,
            "net_income_4q": null,
            "revenue": 44588000,
            "revenue_4q": null,
            "common_shares": 7621000,
            "book_valuer_per_share": -16.54,
            "book_valuer_per_share_4q_avg": -16.93,
            "equity": 183049000,
            "current_ratio": 74.41,
            "debt_ratio": 66.65,
            "inventory_turnover_ratio": null,
            "account_receivable_turnover_ratio": 1.74,
            "reinvestment_rate": 55.82,
            "research_to_sale_ratio": null,
            "price_fair": 83.91,
            "eps_avg_yearly": 2.4,
            "eps_latest_yearly": 2.12,
            "eps_growth_yearly": 58.63
        },
        "20194": {
            "year_quarter": 20194,
            "year": 2019,
            "quarter": 4,
            "eps": 0.57,
            "eps_growth_year": -14.52,
            "eps_4q": 2.24,
            "eps_4q_growth_year": -25.53,
            "roe": 1.47,
            "roe_4q": 8.129999999999999,
            "gross_profit": 24085000,
            "gross_margin": 51.44,
            "gross_margin_4q_avg": 53.59,
            "net_income": 2704000,
            "net_income_4q": null,
            "revenue": 46821000,
            "revenue_4q": null,
            "common_shares": 7621000,
            "book_valuer_per_share": -16.49,
            "book_valuer_per_share_4q_avg": -16.72,
            "equity": 184221000,
            "current_ratio": 79.47,
            "debt_ratio": 66.61,
            "inventory_turnover_ratio": null,
            "account_receivable_turnover_ratio": 1.81,
            "reinvestment_rate": 55.12,
            "research_to_sale_ratio": null,
            "price_fair": 83.21,
            "eps_avg_yearly": 2.38,
            "eps_latest_yearly": 2.28,
            "eps_growth_yearly": 53.02
        },
        "20201": {
            "year_quarter": 20201,
            "year": 2020,
            "quarter": 1,
            "eps": 0.58,
            "eps_growth_year": -2.51,
            "eps_4q": 2.23,
            "eps_4q_growth_year": -21.08,
            "roe": 2.74,
            "roe_4q": 8.51,
            "gross_profit": 23498000,
            "gross_margin": 54.93,
            "gross_margin_4q_avg": 53.89,
            "net_income": 4963000,
            "net_income_4q": null,
            "revenue": 42779000,
            "revenue_4q": null,
            "common_shares": 7621000,
            "book_valuer_per_share": -17.15,
            "book_valuer_per_share_4q_avg": -16.76,
            "equity": 177779000,
            "current_ratio": 75.61,
            "debt_ratio": 67.4,
            "inventory_turnover_ratio": null,
            "account_receivable_turnover_ratio": 1.75,
            "reinvestment_rate": 51.45,
            "research_to_sale_ratio": null,
            "price_fair": 82.69,
            "eps_avg_yearly": 2.36,
            "eps_latest_yearly": 2.32,
            "eps_growth_yearly": 53.84
        },
        "20202": {
            "year_quarter": 20202,
            "year": 2020,
            "quarter": 2,
            "eps": 0.46,
            "eps_growth_year": -16.69,
            "eps_4q": 2.14,
            "eps_4q_growth_year": -14.65,
            "roe": 0.88,
            "roe_4q": 7.24,
            "gross_profit": 22967000,
            "gross_margin": 56.09,
            "gross_margin_4q_avg": 54.32,
            "net_income": 1563000,
            "net_income_4q": null,
            "revenue": 40950000,
            "revenue_4q": null,
            "common_shares": 7621000,
            "book_valuer_per_share": -17.32,
            "book_valuer_per_share_4q_avg": -16.88,
            "equity": 175896000,
            "current_ratio": 81.41,
            "debt_ratio": 67.9,
            "inventory_turnover_ratio": null,
            "account_receivable_turnover_ratio": 1.8,
            "reinvestment_rate": 51.33,
            "research_to_sale_ratio": null,
            "price_fair": 81.73,
            "eps_avg_yearly": 2.34,
            "eps_latest_yearly": 1.84,
            "eps_growth_yearly": 51.41
        },
        "20203": {
            "year_quarter": 20203,
            "year": 2020,
            "quarter": 3,
            "eps": 0.4,
            "eps_growth_year": -23.73,
            "eps_4q": 2.01,
            "eps_4q_growth_year": -14.05,
            "roe": 1.8,
            "roe_4q": 6.89,
            "gross_profit": 22501000,
            "gross_margin": 53.14,
            "gross_margin_4q_avg": 53.9,
            "net_income": 3168000,
            "net_income_4q": null,
            "revenue": 42340000,
            "revenue_4q": null,
            "common_shares": 7621000,
            "book_valuer_per_share": -17.11,
            "book_valuer_per_share_4q_avg": -17.02,
            "equity": 175553000,
            "current_ratio": 83.89,
            "debt_ratio": 67.4,
            "inventory_turnover_ratio": null,
            "account_receivable_turnover_ratio": 1.88,
            "reinvestment_rate": 49.09,
            "research_to_sale_ratio": null,
            "price_fair": 80.24,
            "eps_avg_yearly": 2.29,
            "eps_latest_yearly": 1.6,
            "eps_growth_yearly": 48.15
        },
        "20204": {
            "year_quarter": 20204,
            "year": 2020,
            "quarter": 4,
            "eps": -0.56,
            "eps_growth_year": -198.02,
            "eps_4q": 0.89,
            "eps_4q_growth_year": -60.4,
            "roe": -6.65,
            "roe_4q": -1.2300000000000004,
            "gross_profit": 8340000,
            "gross_margin": 49.11,
            "gross_margin_4q_avg": 53.32,
            "net_income": -11216000,
            "net_income_4q": null,
            "revenue": 16981000,
            "revenue_4q": null,
            "common_shares": 7621000,
            "book_valuer_per_share": -16.83,
            "book_valuer_per_share_4q_avg": -17.1,
            "equity": 161673000,
            "current_ratio": 81.98,
            "debt_ratio": 69.25,
            "inventory_turnover_ratio": null,
            "account_receivable_turnover_ratio": 0.73,
            "reinvestment_rate": 59.04,
            "research_to_sale_ratio": null,
            "price_fair": 81.11,
            "eps_avg_yearly": 2.32,
            "eps_latest_yearly": 1.6,
            "eps_growth_yearly": 55.57
        },
        "20211": {
            "year_quarter": 20211,
            "year": 2021,
            "quarter": 1,
            "eps": 0.97,
            "eps_growth_year": 67.05,
            "eps_4q": 1.28,
            "eps_4q_growth_year": -42.62,
            "roe": 4.64,
            "roe_4q": 0.6699999999999994,
            "gross_profit": 19286000,
            "gross_margin": 53.76,
            "gross_margin_4q_avg": 53.03,
            "net_income": 7586000,
            "net_income_4q": null,
            "revenue": 35877000,
            "revenue_4q": null,
            "common_shares": 7621000,
            "book_valuer_per_share": -15.04,
            "book_valuer_per_share_4q_avg": -16.58,
            "equity": 165488000,
            "current_ratio": 81.92,
            "debt_ratio": 69.75,
            "inventory_turnover_ratio": null,
            "account_receivable_turnover_ratio": 1.76,
            "reinvestment_rate": 46.08,
            "research_to_sale_ratio": null,
            "price_fair": 81.1,
            "eps_avg_yearly": 2.32,
            "eps_latest_yearly": 1.6,
            "eps_growth_yearly": 53.58
        },
        "20212": {
            "year_quarter": 20212,
            "year": 2021,
            "quarter": 2,
            "eps": 0.76,
            "eps_growth_year": 65.1,
            "eps_4q": 1.58,
            "eps_4q_growth_year": -26.15,
            "roe": 3.64,
            "roe_4q": 3.429999999999999,
            "gross_profit": 19582000,
            "gross_margin": 54.79,
            "gross_margin_4q_avg": 52.7,
            "net_income": 5969000,
            "net_income_4q": null,
            "revenue": 35740000,
            "revenue_4q": null,
            "common_shares": 7621000,
            "book_valuer_per_share": -15.15,
            "book_valuer_per_share_4q_avg": -16.03,
            "equity": 162296000,
            "current_ratio": 76.55,
            "debt_ratio": 70.21,
            "inventory_turnover_ratio": null,
            "account_receivable_turnover_ratio": 1.93,
            "reinvestment_rate": 41.71,
            "research_to_sale_ratio": null,
            "price_fair": 82,
            "eps_avg_yearly": 2.34,
            "eps_latest_yearly": 3.04,
            "eps_growth_yearly": 42.96
        },
        "20213": {
            "year_quarter": 20213,
            "year": 2021,
            "quarter": 3,
            "eps": 0.63,
            "eps_growth_year": 56.74,
            "eps_4q": 1.81,
            "eps_4q_growth_year": -10.18,
            "roe": 3.08,
            "roe_4q": 4.709999999999999,
            "gross_profit": 17893000,
            "gross_margin": 57.12,
            "gross_margin_4q_avg": 53.7,
            "net_income": 5019000,
            "net_income_4q": null,
            "revenue": 31326000,
            "revenue_4q": null,
            "common_shares": 7621000,
            "book_valuer_per_share": -18.09,
            "book_valuer_per_share_4q_avg": -16.28,
            "equity": 163771000,
            "current_ratio": 70.13,
            "debt_ratio": 70.07,
            "inventory_turnover_ratio": 4.56,
            "account_receivable_turnover_ratio": 1.55,
            "reinvestment_rate": 56.38,
            "research_to_sale_ratio": null,
            "price_fair": 82.8,
            "eps_avg_yearly": 2.37,
            "eps_latest_yearly": 2.52,
            "eps_growth_yearly": 43.19
        },
        "20214": {
            "year_quarter": 20214,
            "year": 2021,
            "quarter": 4,
            "eps": 0.66,
            "eps_growth_year": null,
            "eps_4q": 3.03,
            "eps_4q_growth_year": 240.66,
            "roe": 3.15,
            "roe_4q": 14.510000000000002,
            "gross_profit": 16870000,
            "gross_margin": 54.25,
            "gross_margin_4q_avg": 54.98,
            "net_income": 5202000,
            "net_income_4q": null,
            "revenue": 31095000,
            "revenue_4q": null,
            "common_shares": 7621000,
            "book_valuer_per_share": -6.39,
            "book_valuer_per_share_4q_avg": -13.67,
            "equity": 166332000,
            "current_ratio": 160.75,
            "debt_ratio": 69.85,
            "inventory_turnover_ratio": 4.44,
            "account_receivable_turnover_ratio": 1.58,
            "reinvestment_rate": 35.97,
            "research_to_sale_ratio": null,
            "price_fair": 87.5,
            "eps_avg_yearly": 2.5,
            "eps_latest_yearly": 2.64,
            "eps_growth_yearly": 63.26
        },
        "20221": {
            "year_quarter": 20221,
            "year": 2022,
            "quarter": 1,
            "eps": 0.63,
            "eps_growth_year": -35.45,
            "eps_4q": 2.68,
            "eps_4q_growth_year": 109.74,
            "roe": 3.07,
            "roe_4q": 12.940000000000001,
            "gross_profit": 16977000,
            "gross_margin": 57.14,
            "gross_margin_4q_avg": 55.83,
            "net_income": 5149000,
            "net_income_4q": null,
            "revenue": 29712000,
            "revenue_4q": null,
            "common_shares": 7621000,
            "book_valuer_per_share": -17.19,
            "book_valuer_per_share_4q_avg": -14.21,
            "equity": 169036000,
            "current_ratio": 93.17,
            "debt_ratio": 70.71,
            "inventory_turnover_ratio": 3.93,
            "account_receivable_turnover_ratio": 1.38,
            "reinvestment_rate": 31.67,
            "research_to_sale_ratio": null,
            "price_fair": 7.36,
            "eps_avg_yearly": 2.45,
            "eps_latest_yearly": 2.52,
            "eps_growth_yearly": -28.27
        },
        "20222": {
            "year_quarter": 20222,
            "year": 2022,
            "quarter": 2,
            "eps": 0.68,
            "eps_growth_year": -10.34,
            "eps_4q": 2.6,
            "eps_4q_growth_year": 65.01,
            "roe": 3.31,
            "roe_4q": 12.61,
            "gross_profit": 17302000,
            "gross_margin": 58.37,
            "gross_margin_4q_avg": 56.72,
            "net_income": 4751000,
            "net_income_4q": null,
            "revenue": 29643000,
            "revenue_4q": null,
            "common_shares": 7621000,
            "book_valuer_per_share": -14.58,
            "book_valuer_per_share_4q_avg": -14.06,
            "equity": 117746000,
            "current_ratio": 70.11,
            "debt_ratio": 72.39,
            "inventory_turnover_ratio": 3.86,
            "account_receivable_turnover_ratio": 1.41,
            "reinvestment_rate": 24.46,
            "research_to_sale_ratio": null,
            "price_fair": 7.2,
            "eps_avg_yearly": 2.4,
            "eps_latest_yearly": 2.72,
            "eps_growth_yearly": -28.89
        },
        "20223": {
            "year_quarter": 20223,
            "year": 2022,
            "quarter": 3,
            "eps": 0.82,
            "eps_growth_year": 29.27,
            "eps_4q": 2.79,
            "eps_4q_growth_year": 54.36,
            "roe": 5.28,
            "roe_4q": 14.81,
            "gross_profit": 17842000,
            "gross_margin": 59.39,
            "gross_margin_4q_avg": 57.29,
            "net_income": 6346000,
            "net_income_4q": null,
            "revenue": 30043000,
            "revenue_4q": null,
            "common_shares": 7621000,
            "book_valuer_per_share": -13.97,
            "book_valuer_per_share_4q_avg": -13.03,
            "equity": 122406000,
            "current_ratio": 61.8,
            "debt_ratio": 71.3,
            "inventory_turnover_ratio": 3.4,
            "account_receivable_turnover_ratio": 1.66,
            "reinvestment_rate": 23.89,
            "research_to_sale_ratio": null,
            "price_fair": 7.31,
            "eps_avg_yearly": 2.44,
            "eps_latest_yearly": 3.28,
            "eps_growth_yearly": -17.1
        },
        "20224": {
            "year_quarter": 20224,
            "year": 2022,
            "quarter": 4,
            "eps": -0.86,
            "eps_growth_year": -229.33,
            "eps_4q": 1.26,
            "eps_4q_growth_year": -58.24,
            "roe": -21.03,
            "roe_4q": -9.37,
            "gross_profit": 17772000,
            "gross_margin": 56.7,
            "gross_margin_4q_avg": 57.9,
            "net_income": -23120000,
            "net_income_4q": null,
            "revenue": 31343000,
            "revenue_4q": null,
            "common_shares": 7621000,
            "book_valuer_per_share": -14.01,
            "book_valuer_per_share_4q_avg": -14.94,
            "equity": 97500000,
            "current_ratio": 58.94,
            "debt_ratio": 75.8,
            "inventory_turnover_ratio": 3.85,
            "account_receivable_turnover_ratio": 1.73,
            "reinvestment_rate": -16.06,
            "research_to_sale_ratio": null,
            "price_fair": 7.26,
            "eps_avg_yearly": 2.42,
            "eps_latest_yearly": 3.28,
            "eps_growth_yearly": -17.08
        },
        "20231": {
            "year_quarter": 20231,
            "year": 2023,
            "quarter": 1,
            "eps": 0.56,
            "eps_growth_year": -10.05,
            "eps_4q": 1.2,
            "eps_4q_growth_year": -55.22,
            "roe": 4.52,
            "roe_4q": -7.92,
            "gross_profit": 17808000,
            "gross_margin": 59.09,
            "gross_margin_4q_avg": 58.39,
            "net_income": 4453000,
            "net_income_4q": null,
            "revenue": 30139000,
            "revenue_4q": null,
            "common_shares": 7621000,
            "book_valuer_per_share": -13.76,
            "book_valuer_per_share_4q_avg": -14.08,
            "equity": 99396000,
            "current_ratio": 51.42,
            "debt_ratio": 75.21,
            "inventory_turnover_ratio": 4.17,
            "account_receivable_turnover_ratio": 1.92,
            "reinvestment_rate": -16.71,
            "research_to_sale_ratio": null,
            "price_fair": 7.27,
            "eps_avg_yearly": 2.42,
            "eps_latest_yearly": 3.28,
            "eps_growth_yearly": -15.47
        },
        "20232": {
            "year_quarter": 20232,
            "year": 2023,
            "quarter": 2,
            "eps": 0.62,
            "eps_growth_year": -9.49,
            "eps_4q": 1.14,
            "eps_4q_growth_year": -56.35,
            "roe": 4.73,
            "roe_4q": -6.500000000000001,
            "gross_profit": 18090000,
            "gross_margin": 60.47,
            "gross_margin_4q_avg": 58.91,
            "net_income": 4762000,
            "net_income_4q": null,
            "revenue": 29917000,
            "revenue_4q": null,
            "common_shares": 7621000,
            "book_valuer_per_share": -13.48,
            "book_valuer_per_share_4q_avg": -13.81,
            "equity": 101903000,
            "current_ratio": 67.71,
            "debt_ratio": 75.05,
            "inventory_turnover_ratio": 4.6,
            "account_receivable_turnover_ratio": 2.06,
            "reinvestment_rate": -18.58,
            "research_to_sale_ratio": null,
            "price_fair": 7.34,
            "eps_avg_yearly": 2.45,
            "eps_latest_yearly": 2.48,
            "eps_growth_yearly": -9.12
        },
        "20233": {
            "year_quarter": 20233,
            "year": 2023,
            "quarter": 3,
            "eps": 0.56,
            "eps_growth_year": -31.76,
            "eps_4q": 0.88,
            "eps_4q_growth_year": -68.54,
            "roe": 3.72,
            "roe_4q": -8.06,
            "gross_profit": 18296000,
            "gross_margin": 60.28,
            "gross_margin_4q_avg": 59.14,
            "net_income": 3826000,
            "net_income_4q": null,
            "revenue": 30350000,
            "revenue_4q": null,
            "common_shares": 7621000,
            "book_valuer_per_share": -13.51,
            "book_valuer_per_share_4q_avg": -13.69,
            "equity": 103703000,
            "current_ratio": 68.92,
            "debt_ratio": 74.5,
            "inventory_turnover_ratio": 4.95,
            "account_receivable_turnover_ratio": 1.96,
            "reinvestment_rate": -17.86,
            "research_to_sale_ratio": null,
            "price_fair": 7.37,
            "eps_avg_yearly": 2.46,
            "eps_latest_yearly": 2.24,
            "eps_growth_yearly": -11.14
        }
    },
    "months": {
        "2001-01": {
            "month": "2001-01",
            "price": "49.78",
            "revenue": 0
        },
        "2001-02": {
            "month": "2001-02",
            "price": "48.67",
            "revenue": 0
        },
        "2001-03": {
            "month": "2001-03",
            "price": "43.49",
            "revenue": 0
        },
        "2001-04": {
            "month": "2001-04",
            "price": "41.97",
            "revenue": 0
        },
        "2001-05": {
            "month": "2001-05",
            "price": "42.96",
            "revenue": 0
        },
        "2001-06": {
            "month": "2001-06",
            "price": "40.74",
            "revenue": 0
        },
        "2001-07": {
            "month": "2001-07",
            "price": "42.38",
            "revenue": 0
        },
        "2001-08": {
            "month": "2001-08",
            "price": "42.98",
            "revenue": 0
        },
        "2001-09": {
            "month": "2001-09",
            "price": "44.59",
            "revenue": 0
        },
        "2001-10": {
            "month": "2001-10",
            "price": "43.05",
            "revenue": 0
        },
        "2001-11": {
            "month": "2001-11",
            "price": "38.44",
            "revenue": 0
        },
        "2001-12": {
            "month": "2001-12",
            "price": "38.78",
            "revenue": 0
        },
        "2002-01": {
            "month": "2002-01",
            "price": "37.63",
            "revenue": 0
        },
        "2002-02": {
            "month": "2002-02",
            "price": "36.52",
            "revenue": 0
        },
        "2002-03": {
            "month": "2002-03",
            "price": "38.62",
            "revenue": 0
        },
        "2002-04": {
            "month": "2002-04",
            "price": "34.09",
            "revenue": 0
        },
        "2002-05": {
            "month": "2002-05",
            "price": "33.34",
            "revenue": 0
        },
        "2002-06": {
            "month": "2002-06",
            "price": "31.92",
            "revenue": 0
        },
        "2002-07": {
            "month": "2002-07",
            "price": "28.25",
            "revenue": 0
        },
        "2002-08": {
            "month": "2002-08",
            "price": "26.99",
            "revenue": 0
        },
        "2002-09": {
            "month": "2002-09",
            "price": "23.46",
            "revenue": 0
        },
        "2002-10": {
            "month": "2002-10",
            "price": "23.53",
            "revenue": 0
        },
        "2002-11": {
            "month": "2002-11",
            "price": "26.76",
            "revenue": 0
        },
        "2002-12": {
            "month": "2002-12",
            "price": "26.95",
            "revenue": 0
        },
        "2003-01": {
            "month": "2003-01",
            "price": "27.31",
            "revenue": 0
        },
        "2003-02": {
            "month": "2003-02",
            "price": "22.99",
            "revenue": 0
        },
        "2003-03": {
            "month": "2003-03",
            "price": "20.74",
            "revenue": 0
        },
        "2003-04": {
            "month": "2003-04",
            "price": "21.55",
            "revenue": 0
        },
        "2003-05": {
            "month": "2003-05",
            "price": "24.35",
            "revenue": 0
        },
        "2003-06": {
            "month": "2003-06",
            "price": "25.88",
            "revenue": 0
        },
        "2003-07": {
            "month": "2003-07",
            "price": "24.61",
            "revenue": 0
        },
        "2003-08": {
            "month": "2003-08",
            "price": "23.29",
            "revenue": 0
        },
        "2003-09": {
            "month": "2003-09",
            "price": "22.92",
            "revenue": 0
        },
        "2003-10": {
            "month": "2003-10",
            "price": "22.53",
            "revenue": 0
        },
        "2003-11": {
            "month": "2003-11",
            "price": "23.36",
            "revenue": 0
        },
        "2003-12": {
            "month": "2003-12",
            "price": "24.75",
            "revenue": 0
        },
        "2004-01": {
            "month": "2004-01",
            "price": "26.50",
            "revenue": 0
        },
        "2004-02": {
            "month": "2004-02",
            "price": "25.04",
            "revenue": 0
        },
        "2004-03": {
            "month": "2004-03",
            "price": "24.50",
            "revenue": 0
        },
        "2004-04": {
            "month": "2004-04",
            "price": "24.82",
            "revenue": 0
        },
        "2004-05": {
            "month": "2004-05",
            "price": "24.50",
            "revenue": 0
        },
        "2004-06": {
            "month": "2004-06",
            "price": "24.23",
            "revenue": 0
        },
        "2004-07": {
            "month": "2004-07",
            "price": "23.98",
            "revenue": 0
        },
        "2004-08": {
            "month": "2004-08",
            "price": "25.46",
            "revenue": 0
        },
        "2004-09": {
            "month": "2004-09",
            "price": "26.29",
            "revenue": 0
        },
        "2004-10": {
            "month": "2004-10",
            "price": "26.24",
            "revenue": 0
        },
        "2004-11": {
            "month": "2004-11",
            "price": "25.88",
            "revenue": 0
        },
        "2004-12": {
            "month": "2004-12",
            "price": "25.73",
            "revenue": 0
        },
        "2005-01": {
            "month": "2005-01",
            "price": "24.66",
            "revenue": 0
        },
        "2005-02": {
            "month": "2005-02",
            "price": "24.30",
            "revenue": 0
        },
        "2005-03": {
            "month": "2005-03",
            "price": "23.79",
            "revenue": 0
        },
        "2005-04": {
            "month": "2005-04",
            "price": "23.55",
            "revenue": 0
        },
        "2005-05": {
            "month": "2005-05",
            "price": "23.56",
            "revenue": 0
        },
        "2005-06": {
            "month": "2005-06",
            "price": "23.68",
            "revenue": 0
        },
        "2005-07": {
            "month": "2005-07",
            "price": "23.93",
            "revenue": 0
        },
        "2005-08": {
            "month": "2005-08",
            "price": "24.30",
            "revenue": 0
        },
        "2005-09": {
            "month": "2005-09",
            "price": "23.93",
            "revenue": 0
        },
        "2005-10": {
            "month": "2005-10",
            "price": "23.04",
            "revenue": 0
        },
        "2005-11": {
            "month": "2005-11",
            "price": "24.15",
            "revenue": 0
        },
        "2005-12": {
            "month": "2005-12",
            "price": "24.85",
            "revenue": 0
        },
        "2006-01": {
            "month": "2006-01",
            "price": "25.06",
            "revenue": 0
        },
        "2006-02": {
            "month": "2006-02",
            "price": "27.57",
            "revenue": 0
        },
        "2006-03": {
            "month": "2006-03",
            "price": "27.18",
            "revenue": 0
        },
        "2006-04": {
            "month": "2006-04",
            "price": "26.02",
            "revenue": 0
        },
        "2006-05": {
            "month": "2006-05",
            "price": "25.77",
            "revenue": 0
        },
        "2006-06": {
            "month": "2006-06",
            "price": "27.20",
            "revenue": 0
        },
        "2006-07": {
            "month": "2006-07",
            "price": "27.90",
            "revenue": 0
        },
        "2006-08": {
            "month": "2006-08",
            "price": "30.57",
            "revenue": 0
        },
        "2006-09": {
            "month": "2006-09",
            "price": "32.07",
            "revenue": 0
        },
        "2006-10": {
            "month": "2006-10",
            "price": "33.35",
            "revenue": 0
        },
        "2006-11": {
            "month": "2006-11",
            "price": "33.30",
            "revenue": 0
        },
        "2006-12": {
            "month": "2006-12",
            "price": "35.11",
            "revenue": 0
        },
        "2007-01": {
            "month": "2007-01",
            "price": "35.26",
            "revenue": 0
        },
        "2007-02": {
            "month": "2007-02",
            "price": "37.25",
            "revenue": 0
        },
        "2007-03": {
            "month": "2007-03",
            "price": "37.61",
            "revenue": 0
        },
        "2007-04": {
            "month": "2007-04",
            "price": "39.19",
            "revenue": 0
        },
        "2007-05": {
            "month": "2007-05",
            "price": "40.09",
            "revenue": 0
        },
        "2007-06": {
            "month": "2007-06",
            "price": "40.04",
            "revenue": 0
        },
        "2007-07": {
            "month": "2007-07",
            "price": "40.11",
            "revenue": 0
        },
        "2007-08": {
            "month": "2007-08",
            "price": "39.48",
            "revenue": 0
        },
        "2007-09": {
            "month": "2007-09",
            "price": "40.94",
            "revenue": 0
        },
        "2007-10": {
            "month": "2007-10",
            "price": "41.80",
            "revenue": 0
        },
        "2007-11": {
            "month": "2007-11",
            "price": "38.70",
            "revenue": 0
        },
        "2007-12": {
            "month": "2007-12",
            "price": "40.32",
            "revenue": 0
        },
        "2008-01": {
            "month": "2008-01",
            "price": "38.18",
            "revenue": 0
        },
        "2008-02": {
            "month": "2008-02",
            "price": "36.42",
            "revenue": 0
        },
        "2008-03": {
            "month": "2008-03",
            "price": "36.26",
            "revenue": 0
        },
        "2008-04": {
            "month": "2008-04",
            "price": "38.24",
            "revenue": 0
        },
        "2008-05": {
            "month": "2008-05",
            "price": "39.46",
            "revenue": 0
        },
        "2008-06": {
            "month": "2008-06",
            "price": "36.10",
            "revenue": 0
        },
        "2008-07": {
            "month": "2008-07",
            "price": "32.04",
            "revenue": 0
        },
        "2008-08": {
            "month": "2008-08",
            "price": "31.08",
            "revenue": 0
        },
        "2008-09": {
            "month": "2008-09",
            "price": "30.40",
            "revenue": 0
        },
        "2008-10": {
            "month": "2008-10",
            "price": "25.84",
            "revenue": 0
        },
        "2008-11": {
            "month": "2008-11",
            "price": "27.05",
            "revenue": 0
        },
        "2008-12": {
            "month": "2008-12",
            "price": "28.15",
            "revenue": 0
        },
        "2009-01": {
            "month": "2009-01",
            "price": "26.27",
            "revenue": 0
        },
        "2009-02": {
            "month": "2009-02",
            "price": "24.22",
            "revenue": 0
        },
        "2009-03": {
            "month": "2009-03",
            "price": "24.50",
            "revenue": 0
        },
        "2009-04": {
            "month": "2009-04",
            "price": "25.75",
            "revenue": 0
        },
        "2009-05": {
            "month": "2009-05",
            "price": "25.08",
            "revenue": 0
        },
        "2009-06": {
            "month": "2009-06",
            "price": "24.54",
            "revenue": 0
        },
        "2009-07": {
            "month": "2009-07",
            "price": "24.66",
            "revenue": 0
        },
        "2009-08": {
            "month": "2009-08",
            "price": "25.79",
            "revenue": 0
        },
        "2009-09": {
            "month": "2009-09",
            "price": "26.46",
            "revenue": 0
        },
        "2009-10": {
            "month": "2009-10",
            "price": "26.02",
            "revenue": 0
        },
        "2009-11": {
            "month": "2009-11",
            "price": "26.30",
            "revenue": 0
        },
        "2009-12": {
            "month": "2009-12",
            "price": "27.77",
            "revenue": 0
        },
        "2010-01": {
            "month": "2010-01",
            "price": "26.43",
            "revenue": 0
        },
        "2010-02": {
            "month": "2010-02",
            "price": "25.15",
            "revenue": 0
        },
        "2010-03": {
            "month": "2010-03",
            "price": "25.74",
            "revenue": 0
        },
        "2010-04": {
            "month": "2010-04",
            "price": "26.19",
            "revenue": 0
        },
        "2010-05": {
            "month": "2010-05",
            "price": "25.25",
            "revenue": 0
        },
        "2010-06": {
            "month": "2010-06",
            "price": "25.00",
            "revenue": 0
        },
        "2010-07": {
            "month": "2010-07",
            "price": "25.10",
            "revenue": 0
        },
        "2010-08": {
            "month": "2010-08",
            "price": "26.76",
            "revenue": 0
        },
        "2010-09": {
            "month": "2010-09",
            "price": "28.12",
            "revenue": 0
        },
        "2010-10": {
            "month": "2010-10",
            "price": "28.49",
            "revenue": 0
        },
        "2010-11": {
            "month": "2010-11",
            "price": "28.55",
            "revenue": 0
        },
        "2010-12": {
            "month": "2010-12",
            "price": "28.96",
            "revenue": 0
        },
        "2011-01": {
            "month": "2011-01",
            "price": "28.53",
            "revenue": 0
        },
        "2011-02": {
            "month": "2011-02",
            "price": "28.15",
            "revenue": 0
        },
        "2011-03": {
            "month": "2011-03",
            "price": "28.53",
            "revenue": 0
        },
        "2011-04": {
            "month": "2011-04",
            "price": "30.64",
            "revenue": 0
        },
        "2011-05": {
            "month": "2011-05",
            "price": "31.34",
            "revenue": 0
        },
        "2011-06": {
            "month": "2011-06",
            "price": "30.72",
            "revenue": 0
        },
        "2011-07": {
            "month": "2011-07",
            "price": "30.49",
            "revenue": 0
        },
        "2011-08": {
            "month": "2011-08",
            "price": "28.81",
            "revenue": 0
        },
        "2011-09": {
            "month": "2011-09",
            "price": "28.27",
            "revenue": 0
        },
        "2011-10": {
            "month": "2011-10",
            "price": "28.88",
            "revenue": 0
        },
        "2011-11": {
            "month": "2011-11",
            "price": "28.74",
            "revenue": 0
        },
        "2011-12": {
            "month": "2011-12",
            "price": "29.29",
            "revenue": 0
        },
        "2012-01": {
            "month": "2012-01",
            "price": "30.00",
            "revenue": 0
        },
        "2012-02": {
            "month": "2012-02",
            "price": "30.11",
            "revenue": 0
        },
        "2012-03": {
            "month": "2012-03",
            "price": "31.35",
            "revenue": 0
        },
        "2012-04": {
            "month": "2012-04",
            "price": "31.20",
            "revenue": 0
        },
        "2012-05": {
            "month": "2012-05",
            "price": "33.38",
            "revenue": 0
        },
        "2012-06": {
            "month": "2012-06",
            "price": "34.96",
            "revenue": 0
        },
        "2012-07": {
            "month": "2012-07",
            "price": "35.82",
            "revenue": 0
        },
        "2012-08": {
            "month": "2012-08",
            "price": "37.10",
            "revenue": 0
        },
        "2012-09": {
            "month": "2012-09",
            "price": "37.67",
            "revenue": 0
        },
        "2012-10": {
            "month": "2012-10",
            "price": "36.19",
            "revenue": 0
        },
        "2012-11": {
            "month": "2012-11",
            "price": "33.96",
            "revenue": 0
        },
        "2012-12": {
            "month": "2012-12",
            "price": "33.93",
            "revenue": 0
        },
        "2013-01": {
            "month": "2013-01",
            "price": "34.23",
            "revenue": 0
        },
        "2013-02": {
            "month": "2013-02",
            "price": "35.46",
            "revenue": 0
        },
        "2013-03": {
            "month": "2013-03",
            "price": "36.45",
            "revenue": 0
        },
        "2013-04": {
            "month": "2013-04",
            "price": "37.83",
            "revenue": 0
        },
        "2013-05": {
            "month": "2013-05",
            "price": "36.96",
            "revenue": 0
        },
        "2013-06": {
            "month": "2013-06",
            "price": "35.43",
            "revenue": 0
        },
        "2013-07": {
            "month": "2013-07",
            "price": "35.63",
            "revenue": 0
        },
        "2013-08": {
            "month": "2013-08",
            "price": "34.50",
            "revenue": 0
        },
        "2013-09": {
            "month": "2013-09",
            "price": "34.09",
            "revenue": 0
        },
        "2013-10": {
            "month": "2013-10",
            "price": "34.58",
            "revenue": 0
        },
        "2013-11": {
            "month": "2013-11",
            "price": "35.44",
            "revenue": 0
        },
        "2013-12": {
            "month": "2013-12",
            "price": "34.53",
            "revenue": 0
        },
        "2014-01": {
            "month": "2014-01",
            "price": "33.84",
            "revenue": 0
        },
        "2014-02": {
            "month": "2014-02",
            "price": "32.54",
            "revenue": 0
        },
        "2014-03": {
            "month": "2014-03",
            "price": "33.29",
            "revenue": 0
        },
        "2014-04": {
            "month": "2014-04",
            "price": "35.39",
            "revenue": 0
        },
        "2014-05": {
            "month": "2014-05",
            "price": "35.84",
            "revenue": 0
        },
        "2014-06": {
            "month": "2014-06",
            "price": "35.16",
            "revenue": 0
        },
        "2014-07": {
            "month": "2014-07",
            "price": "35.92",
            "revenue": 0
        },
        "2014-08": {
            "month": "2014-08",
            "price": "34.71",
            "revenue": 0
        },
        "2014-09": {
            "month": "2014-09",
            "price": "35.04",
            "revenue": 0
        },
        "2014-10": {
            "month": "2014-10",
            "price": "34.46",
            "revenue": 0
        },
        "2014-11": {
            "month": "2014-11",
            "price": "35.20",
            "revenue": 0
        },
        "2014-12": {
            "month": "2014-12",
            "price": "33.51",
            "revenue": 0
        },
        "2015-01": {
            "month": "2015-01",
            "price": "33.41",
            "revenue": 0
        },
        "2015-02": {
            "month": "2015-02",
            "price": "34.39",
            "revenue": 0
        },
        "2015-03": {
            "month": "2015-03",
            "price": "33.24",
            "revenue": 0
        },
        "2015-04": {
            "month": "2015-04",
            "price": "33.30",
            "revenue": 0
        },
        "2015-05": {
            "month": "2015-05",
            "price": "34.26",
            "revenue": 0
        },
        "2015-06": {
            "month": "2015-06",
            "price": "35.05",
            "revenue": 0
        },
        "2015-07": {
            "month": "2015-07",
            "price": "34.83",
            "revenue": 0
        },
        "2015-08": {
            "month": "2015-08",
            "price": "33.84",
            "revenue": 0
        },
        "2015-09": {
            "month": "2015-09",
            "price": "32.56",
            "revenue": 0
        },
        "2015-10": {
            "month": "2015-10",
            "price": "33.40",
            "revenue": 0
        },
        "2015-11": {
            "month": "2015-11",
            "price": "33.27",
            "revenue": 0
        },
        "2015-12": {
            "month": "2015-12",
            "price": "34.06",
            "revenue": 0
        },
        "2016-01": {
            "month": "2016-01",
            "price": "34.50",
            "revenue": 0
        },
        "2016-02": {
            "month": "2016-02",
            "price": "36.71",
            "revenue": 0
        },
        "2016-03": {
            "month": "2016-03",
            "price": "38.51",
            "revenue": 0
        },
        "2016-04": {
            "month": "2016-04",
            "price": "38.58",
            "revenue": 0
        },
        "2016-05": {
            "month": "2016-05",
            "price": "38.90",
            "revenue": 0
        },
        "2016-06": {
            "month": "2016-06",
            "price": "40.66",
            "revenue": 0
        },
        "2016-07": {
            "month": "2016-07",
            "price": "42.80",
            "revenue": 0
        },
        "2016-08": {
            "month": "2016-08",
            "price": "42.09",
            "revenue": 0
        },
        "2016-09": {
            "month": "2016-09",
            "price": "40.68",
            "revenue": 0
        },
        "2016-10": {
            "month": "2016-10",
            "price": "38.47",
            "revenue": 0
        },
        "2016-11": {
            "month": "2016-11",
            "price": "37.49",
            "revenue": 0
        },
        "2016-12": {
            "month": "2016-12",
            "price": "41.25",
            "revenue": 0
        },
        "2017-01": {
            "month": "2017-01",
            "price": "41.54",
            "revenue": 0
        },
        "2017-02": {
            "month": "2017-02",
            "price": "41.42",
            "revenue": 0
        },
        "2017-03": {
            "month": "2017-03",
            "price": "41.97",
            "revenue": 0
        },
        "2017-04": {
            "month": "2017-04",
            "price": "40.45",
            "revenue": 0
        },
        "2017-05": {
            "month": "2017-05",
            "price": "38.35",
            "revenue": 0
        },
        "2017-06": {
            "month": "2017-06",
            "price": "38.48",
            "revenue": 0
        },
        "2017-07": {
            "month": "2017-07",
            "price": "37.13",
            "revenue": 0
        },
        "2017-08": {
            "month": "2017-08",
            "price": "38.06",
            "revenue": 0
        },
        "2017-09": {
            "month": "2017-09",
            "price": "37.50",
            "revenue": 0
        },
        "2017-10": {
            "month": "2017-10",
            "price": "36.39",
            "revenue": 0
        },
        "2017-11": {
            "month": "2017-11",
            "price": "34.28",
            "revenue": 0
        },
        "2017-12": {
            "month": "2017-12",
            "price": "37.86",
            "revenue": 0
        },
        "2018-01": {
            "month": "2018-01",
            "price": "37.40",
            "revenue": 0
        },
        "2018-02": {
            "month": "2018-02",
            "price": "36.82",
            "revenue": 0
        },
        "2018-03": {
            "month": "2018-03",
            "price": "36.31",
            "revenue": 0
        },
        "2018-04": {
            "month": "2018-04",
            "price": "34.97",
            "revenue": 0
        },
        "2018-05": {
            "month": "2018-05",
            "price": "32.20",
            "revenue": 0
        },
        "2018-06": {
            "month": "2018-06",
            "price": "32.58",
            "revenue": 0
        },
        "2018-07": {
            "month": "2018-07",
            "price": "31.75",
            "revenue": 0
        },
        "2018-08": {
            "month": "2018-08",
            "price": "32.46",
            "revenue": 0
        },
        "2018-09": {
            "month": "2018-09",
            "price": "33.15",
            "revenue": 0
        },
        "2018-10": {
            "month": "2018-10",
            "price": "32.28",
            "revenue": 0
        },
        "2018-11": {
            "month": "2018-11",
            "price": "30.44",
            "revenue": 0
        },
        "2018-12": {
            "month": "2018-12",
            "price": "29.47",
            "revenue": 0
        },
        "2019-01": {
            "month": "2019-01",
            "price": "30.47",
            "revenue": 0
        },
        "2019-02": {
            "month": "2019-02",
            "price": "30.28",
            "revenue": 0
        },
        "2019-03": {
            "month": "2019-03",
            "price": "30.60",
            "revenue": 0
        },
        "2019-04": {
            "month": "2019-04",
            "price": "31.73",
            "revenue": 0
        },
        "2019-05": {
            "month": "2019-05",
            "price": "31.29",
            "revenue": 0
        },
        "2019-06": {
            "month": "2019-06",
            "price": "32.30",
            "revenue": 0
        },
        "2019-07": {
            "month": "2019-07",
            "price": "33.57",
            "revenue": 0
        },
        "2019-08": {
            "month": "2019-08",
            "price": "34.65",
            "revenue": 0
        },
        "2019-09": {
            "month": "2019-09",
            "price": "37.20",
            "revenue": 0
        },
        "2019-10": {
            "month": "2019-10",
            "price": "37.69",
            "revenue": 0
        },
        "2019-11": {
            "month": "2019-11",
            "price": "38.55",
            "revenue": 0
        },
        "2019-12": {
            "month": "2019-12",
            "price": "38.51",
            "revenue": 0
        },
        "2020-01": {
            "month": "2020-01",
            "price": "38.43",
            "revenue": 0
        },
        "2020-02": {
            "month": "2020-02",
            "price": "37.77",
            "revenue": 0
        },
        "2020-03": {
            "month": "2020-03",
            "price": "32.63",
            "revenue": 0
        },
        "2020-04": {
            "month": "2020-04",
            "price": "29.99",
            "revenue": 0
        },
        "2020-05": {
            "month": "2020-05",
            "price": "29.61",
            "revenue": 0
        },
        "2020-06": {
            "month": "2020-06",
            "price": "30.80",
            "revenue": 0
        },
        "2020-07": {
            "month": "2020-07",
            "price": "29.89",
            "revenue": 0
        },
        "2020-08": {
            "month": "2020-08",
            "price": "29.92",
            "revenue": 0
        },
        "2020-09": {
            "month": "2020-09",
            "price": "28.89",
            "revenue": 0
        },
        "2020-10": {
            "month": "2020-10",
            "price": "27.70",
            "revenue": 0
        },
        "2020-11": {
            "month": "2020-11",
            "price": "28.39",
            "revenue": 0
        },
        "2020-12": {
            "month": "2020-12",
            "price": "29.54",
            "revenue": 0
        },
        "2021-01": {
            "month": "2021-01",
            "price": "29.12",
            "revenue": 0
        },
        "2021-02": {
            "month": "2021-02",
            "price": "28.85",
            "revenue": 0
        },
        "2021-03": {
            "month": "2021-03",
            "price": "29.75",
            "revenue": 0
        },
        "2021-04": {
            "month": "2021-04",
            "price": "30.47",
            "revenue": 0
        },
        "2021-05": {
            "month": "2021-05",
            "price": "30.95",
            "revenue": 0
        },
        "2021-06": {
            "month": "2021-06",
            "price": "29.00",
            "revenue": 0
        },
        "2021-07": {
            "month": "2021-07",
            "price": "28.34",
            "revenue": 0
        },
        "2021-08": {
            "month": "2021-08",
            "price": "27.77",
            "revenue": 0
        },
        "2021-09": {
            "month": "2021-09",
            "price": "27.34",
            "revenue": 0
        },
        "2021-10": {
            "month": "2021-10",
            "price": "26.00",
            "revenue": 0
        },
        "2021-11": {
            "month": "2021-11",
            "price": "24.65",
            "revenue": 0
        },
        "2021-12": {
            "month": "2021-12",
            "price": "23.65",
            "revenue": 0
        },
        "2022-01": {
            "month": "2022-01",
            "price": "26.15",
            "revenue": 0
        },
        "2022-02": {
            "month": "2022-02",
            "price": "24.02",
            "revenue": 0
        },
        "2022-03": {
            "month": "2022-03",
            "price": "23.45",
            "revenue": 0
        },
        "2022-04": {
            "month": "2022-04",
            "price": "20.82",
            "revenue": 0
        },
        "2022-05": {
            "month": "2022-05",
            "price": "20.24",
            "revenue": 0
        },
        "2022-06": {
            "month": "2022-06",
            "price": "20.48",
            "revenue": 0
        },
        "2022-07": {
            "month": "2022-07",
            "price": "19.99",
            "revenue": 0
        },
        "2022-08": {
            "month": "2022-08",
            "price": "18.18",
            "revenue": 0
        },
        "2022-09": {
            "month": "2022-09",
            "price": "16.50",
            "revenue": 0
        },
        "2022-10": {
            "month": "2022-10",
            "price": "16.24",
            "revenue": 0
        },
        "2022-11": {
            "month": "2022-11",
            "price": "18.79",
            "revenue": 0
        },
        "2022-12": {
            "month": "2022-12",
            "price": "18.67",
            "revenue": 0
        },
        "2023-01": {
            "month": "2023-01",
            "price": "19.46",
            "revenue": 0
        },
        "2023-02": {
            "month": "2023-02",
            "price": "19.36",
            "revenue": 0
        },
        "2023-03": {
            "month": "2023-03",
            "price": "18.61",
            "revenue": 0
        },
        "2023-04": {
            "month": "2023-04",
            "price": "18.96",
            "revenue": 0
        },
        "2023-05": {
            "month": "2023-05",
            "price": "16.56",
            "revenue": 0
        },
        "2023-06": {
            "month": "2023-06",
            "price": "15.78",
            "revenue": 0
        },
        "2023-07": {
            "month": "2023-07",
            "price": "14.90",
            "revenue": 0
        },
        "2023-08": {
            "month": "2023-08",
            "price": "14.24",
            "revenue": 0
        },
        "2023-09": {
            "month": "2023-09",
            "price": "14.90",
            "revenue": 0
        },
        "2023-10": {
            "month": "2023-10",
            "price": "14.86",
            "revenue": 0
        },
        "2023-11": {
            "month": "2023-11",
            "price": "15.92",
            "revenue": 0
        },
        "2023-12": {
            "month": "2023-12",
            "price": "16.67",
            "revenue": 0
        }
    }
}
