{
    "summary": {
        "stock_name": "Tesla Inc",
        "stock_id": "TSLA",
        "category": "Auto/Tires/Trucks",
        "main_business": "特斯拉公司於2003年7月1日在特拉華州成立。公司主要從事設計、開發、生產、銷售高效能的電動汽車和先進的電動汽車電力系統部件，也向第三方提供電動汽車動力系統的研究開發和代工生產服務。特斯拉電動汽車在質量、安全和效能方面均達到汽車行業最高標準，並提供最尖端技術的空中升級等服務方式和完備的充電解決方案；還降低了全球交通對不可再生能源的依賴，並真正實現了零排放。該公司還生產和銷售家庭、工業以及公用事業使用的能源儲備產品。",
        "website_url": "https://www.tesla.com/",
        "ceo": "Elon Musk",
        "pe_ratio": 47,
        "report_year_from": 2011,
        "report_year_to": 2023,
        "age": 13,
        "eps_negative_percentage": 75,
        "eps_growth_avg": {
            "last_all": 51.76,
            "last_2y": 51.76,
            "last_4y": 51.76,
            "last_8y": 51.76,
            "last_12y": 51.76,
            "last_16y": null,
            "last_20y": null,
            "at_2006_last_3y": null,
            "at_2007_last_3y": null,
            "at_2008_last_3y": null,
            "at_2009_last_3y": null,
            "at_2010_last_3y": null,
            "at_2011_last_3y": null,
            "at_2012_last_3y": null,
            "at_2013_last_3y": null,
            "at_2014_last_3y": null,
            "at_2015_last_3y": null,
            "at_2016_last_3y": null,
            "at_2017_last_3y": null,
            "at_2018_last_3y": null,
            "at_2019_last_3y": null,
            "at_2020_last_3y": null,
            "at_2021_last_3y": 100,
            "at_2022_last_3y": 100,
            "at_2023_last_3y": 51.76,
            "at_2024_last_3y": 51.76,
            "at_2006_last_all": null,
            "at_2007_last_all": null,
            "at_2008_last_all": null,
            "at_2009_last_all": null,
            "at_2010_last_all": null,
            "at_2011_last_all": null,
            "at_2012_last_all": null,
            "at_2013_last_all": null,
            "at_2014_last_all": null,
            "at_2015_last_all": null,
            "at_2016_last_all": null,
            "at_2017_last_all": null,
            "at_2018_last_all": null,
            "at_2019_last_all": null,
            "at_2020_last_all": null,
            "at_2021_last_all": 100,
            "at_2022_last_all": 100,
            "at_2023_last_all": 51.76,
            "at_2024_last_all": 51.76
        },
        "latest_eps": 4.3,
        "latest_price": 202.65,
        "latest_roe": 27.82,
        "latest_gross_margin": 17.89,
        "latest_equity": 53466000,
        "latest_revenue": 23350000,
        "latest_gross_profit": 4178000,
        "latest_net_income": 1878000,
        "latest_debt_ratio": 43.09,
        "latest_current_ratio": 169.02,
        "latest_account_receivable_turnover_ratio": 7.38,
        "latest_inventory_turnover_ratio": 1.37,
        "latest_reinvestment_rate": 85.14,
        "latest_research_to_sale_ratio": 4.97
    },
    "eps_dividends": {
        "2001": {
            "cash": 0,
            "stock": 0,
            "eps": 0
        },
        "2002": {
            "cash": 0,
            "stock": 0,
            "eps": 0
        },
        "2003": {
            "cash": 0,
            "stock": 0,
            "eps": 0
        },
        "2004": {
            "cash": 0,
            "stock": 0,
            "eps": 0
        },
        "2005": {
            "cash": 0,
            "stock": 0,
            "eps": 0
        },
        "2006": {
            "cash": 0,
            "stock": 0,
            "eps": 0
        },
        "2007": {
            "cash": 0,
            "stock": 0,
            "eps": 0
        },
        "2008": {
            "cash": 0,
            "stock": 0,
            "eps": -1.95
        },
        "2009": {
            "cash": 0,
            "stock": 0,
            "eps": -0.52
        },
        "2010": {
            "cash": 0,
            "stock": 0,
            "eps": -0.68
        },
        "2011": {
            "cash": 0,
            "stock": 0,
            "eps": -0.16
        },
        "2012": {
            "cash": 0,
            "stock": 0,
            "eps": -0.25
        },
        "2013": {
            "cash": 0,
            "stock": 0,
            "eps": -0.04
        },
        "2014": {
            "cash": 0,
            "stock": 0,
            "eps": -0.16
        },
        "2015": {
            "cash": 0,
            "stock": 0,
            "eps": -0.46
        },
        "2016": {
            "cash": 0,
            "stock": 0,
            "eps": -0.32
        },
        "2017": {
            "cash": 0,
            "stock": 0,
            "eps": -1.08
        },
        "2018": {
            "cash": 0,
            "stock": 0,
            "eps": -0.35
        },
        "2019": {
            "cash": 0,
            "stock": 0,
            "eps": -0.28
        },
        "2020": {
            "cash": 0,
            "stock": 0,
            "eps": 0.21
        },
        "2021": {
            "cash": 0,
            "stock": 0,
            "eps": 1.67
        },
        "2022": {
            "cash": 0,
            "stock": 0,
            "eps": 3.69
        },
        "2023": {
            "cash": 0,
            "stock": 0,
            "eps": 2.04
        }
    },
    "dividends": [],
    "prices": {
        "200101": "無",
        "200102": "無",
        "200103": "無",
        "200104": "無",
        "200105": "無",
        "200106": "無",
        "200107": "無",
        "200108": "無",
        "200109": "無",
        "200110": "無",
        "200111": "無",
        "200112": "無",
        "200201": "無",
        "200202": "無",
        "200203": "無",
        "200204": "無",
        "200205": "無",
        "200206": "無",
        "200207": "無",
        "200208": "無",
        "200209": "無",
        "200210": "無",
        "200211": "無",
        "200212": "無",
        "200301": "無",
        "200302": "無",
        "200303": "無",
        "200304": "無",
        "200305": "無",
        "200306": "無",
        "200307": "無",
        "200308": "無",
        "200309": "無",
        "200310": "無",
        "200311": "無",
        "200312": "無",
        "200401": "無",
        "200402": "無",
        "200403": "無",
        "200404": "無",
        "200405": "無",
        "200406": "無",
        "200407": "無",
        "200408": "無",
        "200409": "無",
        "200410": "無",
        "200411": "無",
        "200412": "無",
        "200501": "無",
        "200502": "無",
        "200503": "無",
        "200504": "無",
        "200505": "無",
        "200506": "無",
        "200507": "無",
        "200508": "無",
        "200509": "無",
        "200510": "無",
        "200511": "無",
        "200512": "無",
        "200601": "無",
        "200602": "無",
        "200603": "無",
        "200604": "無",
        "200605": "無",
        "200606": "無",
        "200607": "無",
        "200608": "無",
        "200609": "無",
        "200610": "無",
        "200611": "無",
        "200612": "無",
        "200701": "無",
        "200702": "無",
        "200703": "無",
        "200704": "無",
        "200705": "無",
        "200706": "無",
        "200707": "無",
        "200708": "無",
        "200709": "無",
        "200710": "無",
        "200711": "無",
        "200712": "無",
        "200801": "無",
        "200802": "無",
        "200803": "無",
        "200804": "無",
        "200805": "無",
        "200806": "無",
        "200807": "無",
        "200808": "無",
        "200809": "無",
        "200810": "無",
        "200811": "無",
        "200812": "無",
        "200901": "無",
        "200902": "無",
        "200903": "無",
        "200904": "無",
        "200905": "無",
        "200906": "無",
        "200907": "無",
        "200908": "無",
        "200909": "無",
        "200910": "無",
        "200911": "無",
        "200912": "無",
        "201001": "無",
        "201002": "無",
        "201003": "無",
        "201004": "無",
        "201005": "無",
        "201006": "1.59",
        "201007": "1.30",
        "201008": "1.30",
        "201009": "1.38",
        "201010": "1.38",
        "201011": "1.94",
        "201012": "2.02",
        "201101": "1.71",
        "201102": "1.56",
        "201103": "1.58",
        "201104": "1.74",
        "201105": "1.84",
        "201106": "1.86",
        "201107": "1.89",
        "201108": "1.65",
        "201109": "1.64",
        "201110": "1.83",
        "201111": "2.14",
        "201112": "2.00",
        "201201": "1.83",
        "201202": "2.18",
        "201203": "2.35",
        "201204": "2.23",
        "201205": "2.05",
        "201206": "2.04",
        "201207": "2.07",
        "201208": "1.94",
        "201209": "1.95",
        "201210": "1.89",
        "201211": "2.12",
        "201212": "2.28",
        "201301": "2.35",
        "201302": "2.49",
        "201303": "2.47",
        "201304": "3.08",
        "201305": "5.43",
        "201306": "6.70",
        "201307": "8.21",
        "201308": "10.03",
        "201309": "11.60",
        "201310": "11.65",
        "201311": "9.15",
        "201312": "9.65",
        "201401": "10.94",
        "201402": "13.73",
        "201403": "15.54",
        "201404": "13.89",
        "201405": "13.31",
        "201406": "14.64",
        "201407": "14.88",
        "201408": "17.04",
        "201409": "17.66",
        "201410": "15.96",
        "201411": "16.44",
        "201412": "14.58",
        "201501": "13.55",
        "201502": "14.04",
        "201503": "12.98",
        "201504": "14.11",
        "201505": "16.15",
        "201506": "17.13",
        "201507": "17.77",
        "201508": "16.30",
        "201509": "16.86",
        "201510": "14.80",
        "201511": "14.73",
        "201512": "15.34",
        "201601": "13.64",
        "201602": "11.31",
        "201603": "14.41",
        "201604": "16.73",
        "201605": "14.44",
        "201606": "14.32",
        "201607": "14.89",
        "201608": "14.92",
        "201609": "13.48",
        "201610": "13.45",
        "201611": "12.61",
        "201612": "13.37",
        "201701": "15.95",
        "201702": "17.58",
        "201703": "17.21",
        "201704": "20.32",
        "201705": "21.10",
        "201706": "24.39",
        "201707": "21.92",
        "201708": "23.39",
        "201709": "23.86",
        "201710": "22.98",
        "201711": "20.68",
        "201712": "21.52",
        "201801": "22.57",
        "201802": "22.39",
        "201803": "21.07",
        "201804": "19.32",
        "201805": "19.32",
        "201806": "22.37",
        "201807": "20.80",
        "201808": "22.08",
        "201809": "19.34",
        "201810": "19.00",
        "201811": "22.97",
        "201812": "22.94",
        "201901": "21.23",
        "201902": "20.52",
        "201903": "18.52",
        "201904": "17.78",
        "201905": "14.65",
        "201906": "14.25",
        "201907": "16.16",
        "201908": "15.01",
        "201909": "15.82",
        "201910": "17.76",
        "201911": "22.55",
        "201912": "25.18",
        "202001": "35.24",
        "202002": "53.16",
        "202003": "37.27",
        "202004": "44.24",
        "202005": "53.30",
        "202006": "64.24",
        "202007": "97.34",
        "202008": "120.02",
        "202009": "137.83",
        "202010": "142.40",
        "202011": "155.20",
        "202012": "212.94",
        "202101": "276.26",
        "202102": "264.76",
        "202103": "218.93",
        "202104": "236.54",
        "202105": "205.58",
        "202106": "208.97",
        "202107": "219.71",
        "202108": "235.08",
        "202109": "251.32",
        "202110": "292.78",
        "202111": "373.55",
        "202112": "339.63",
        "202201": "336.72",
        "202202": "292.96",
        "202203": "304.79",
        "202204": "332.46",
        "202205": "255.22",
        "202206": "234.03",
        "202207": "251.39",
        "202208": "294.87",
        "202209": "288.73",
        "202210": "223.81",
        "202211": "191.25",
        "202212": "152.97",
        "202301": "134.20",
        "202302": "199.78",
        "202303": "188.52",
        "202304": "176.96",
        "202305": "175.80",
        "202306": "246.09",
        "202307": "273.51",
        "202308": "242.33",
        "202309": "256.97",
        "202310": "236.91",
        "202311": "229.41",
        "202312": "247.14"
    },
    "quarters": {
        "20011": {
            "year_quarter": 20011,
            "year": 2001,
            "quarter": 1,
            "eps": null,
            "eps_growth_year": null,
            "eps_4q": null,
            "eps_4q_growth_year": null,
            "roe": null,
            "roe_4q": 0,
            "gross_profit": null,
            "gross_margin": null,
            "gross_margin_4q_avg": 0,
            "net_income": null,
            "net_income_4q": null,
            "revenue": null,
            "revenue_4q": null,
            "common_shares": null,
            "book_valuer_per_share": null,
            "book_valuer_per_share_4q_avg": 0,
            "equity": null,
            "current_ratio": null,
            "debt_ratio": null,
            "inventory_turnover_ratio": null,
            "account_receivable_turnover_ratio": null,
            "reinvestment_rate": null,
            "research_to_sale_ratio": null,
            "price_fair": 0,
            "eps_avg_yearly": 0,
            "eps_latest_yearly": 0,
            "eps_growth_yearly": 0
        },
        "20012": {
            "year_quarter": 20012,
            "year": 2001,
            "quarter": 2,
            "eps": null,
            "eps_growth_year": null,
            "eps_4q": null,
            "eps_4q_growth_year": null,
            "roe": null,
            "roe_4q": 0,
            "gross_profit": null,
            "gross_margin": null,
            "gross_margin_4q_avg": 0,
            "net_income": null,
            "net_income_4q": null,
            "revenue": null,
            "revenue_4q": null,
            "common_shares": null,
            "book_valuer_per_share": null,
            "book_valuer_per_share_4q_avg": 0,
            "equity": null,
            "current_ratio": null,
            "debt_ratio": null,
            "inventory_turnover_ratio": null,
            "account_receivable_turnover_ratio": null,
            "reinvestment_rate": null,
            "research_to_sale_ratio": null,
            "price_fair": 0,
            "eps_avg_yearly": 0,
            "eps_latest_yearly": 0,
            "eps_growth_yearly": 0
        },
        "20013": {
            "year_quarter": 20013,
            "year": 2001,
            "quarter": 3,
            "eps": null,
            "eps_growth_year": null,
            "eps_4q": null,
            "eps_4q_growth_year": null,
            "roe": null,
            "roe_4q": 0,
            "gross_profit": null,
            "gross_margin": null,
            "gross_margin_4q_avg": 0,
            "net_income": null,
            "net_income_4q": null,
            "revenue": null,
            "revenue_4q": null,
            "common_shares": null,
            "book_valuer_per_share": null,
            "book_valuer_per_share_4q_avg": 0,
            "equity": null,
            "current_ratio": null,
            "debt_ratio": null,
            "inventory_turnover_ratio": null,
            "account_receivable_turnover_ratio": null,
            "reinvestment_rate": null,
            "research_to_sale_ratio": null,
            "price_fair": 0,
            "eps_avg_yearly": 0,
            "eps_latest_yearly": 0,
            "eps_growth_yearly": 0
        },
        "20014": {
            "year_quarter": 20014,
            "year": 2001,
            "quarter": 4,
            "eps": null,
            "eps_growth_year": null,
            "eps_4q": null,
            "eps_4q_growth_year": null,
            "roe": null,
            "roe_4q": 0,
            "gross_profit": null,
            "gross_margin": null,
            "gross_margin_4q_avg": 0,
            "net_income": null,
            "net_income_4q": null,
            "revenue": null,
            "revenue_4q": null,
            "common_shares": null,
            "book_valuer_per_share": null,
            "book_valuer_per_share_4q_avg": 0,
            "equity": null,
            "current_ratio": null,
            "debt_ratio": null,
            "inventory_turnover_ratio": null,
            "account_receivable_turnover_ratio": null,
            "reinvestment_rate": null,
            "research_to_sale_ratio": null,
            "price_fair": 0,
            "eps_avg_yearly": 0,
            "eps_latest_yearly": 0,
            "eps_growth_yearly": 0
        },
        "20021": {
            "year_quarter": 20021,
            "year": 2002,
            "quarter": 1,
            "eps": null,
            "eps_growth_year": null,
            "eps_4q": null,
            "eps_4q_growth_year": null,
            "roe": null,
            "roe_4q": 0,
            "gross_profit": null,
            "gross_margin": null,
            "gross_margin_4q_avg": 0,
            "net_income": null,
            "net_income_4q": null,
            "revenue": null,
            "revenue_4q": null,
            "common_shares": null,
            "book_valuer_per_share": null,
            "book_valuer_per_share_4q_avg": 0,
            "equity": null,
            "current_ratio": null,
            "debt_ratio": null,
            "inventory_turnover_ratio": null,
            "account_receivable_turnover_ratio": null,
            "reinvestment_rate": null,
            "research_to_sale_ratio": null,
            "price_fair": 0,
            "eps_avg_yearly": 0,
            "eps_latest_yearly": 0,
            "eps_growth_yearly": 0
        },
        "20022": {
            "year_quarter": 20022,
            "year": 2002,
            "quarter": 2,
            "eps": null,
            "eps_growth_year": null,
            "eps_4q": null,
            "eps_4q_growth_year": null,
            "roe": null,
            "roe_4q": 0,
            "gross_profit": null,
            "gross_margin": null,
            "gross_margin_4q_avg": 0,
            "net_income": null,
            "net_income_4q": null,
            "revenue": null,
            "revenue_4q": null,
            "common_shares": null,
            "book_valuer_per_share": null,
            "book_valuer_per_share_4q_avg": 0,
            "equity": null,
            "current_ratio": null,
            "debt_ratio": null,
            "inventory_turnover_ratio": null,
            "account_receivable_turnover_ratio": null,
            "reinvestment_rate": null,
            "research_to_sale_ratio": null,
            "price_fair": 0,
            "eps_avg_yearly": 0,
            "eps_latest_yearly": 0,
            "eps_growth_yearly": 0
        },
        "20023": {
            "year_quarter": 20023,
            "year": 2002,
            "quarter": 3,
            "eps": null,
            "eps_growth_year": null,
            "eps_4q": null,
            "eps_4q_growth_year": null,
            "roe": null,
            "roe_4q": 0,
            "gross_profit": null,
            "gross_margin": null,
            "gross_margin_4q_avg": 0,
            "net_income": null,
            "net_income_4q": null,
            "revenue": null,
            "revenue_4q": null,
            "common_shares": null,
            "book_valuer_per_share": null,
            "book_valuer_per_share_4q_avg": 0,
            "equity": null,
            "current_ratio": null,
            "debt_ratio": null,
            "inventory_turnover_ratio": null,
            "account_receivable_turnover_ratio": null,
            "reinvestment_rate": null,
            "research_to_sale_ratio": null,
            "price_fair": 0,
            "eps_avg_yearly": 0,
            "eps_latest_yearly": 0,
            "eps_growth_yearly": 0
        },
        "20024": {
            "year_quarter": 20024,
            "year": 2002,
            "quarter": 4,
            "eps": null,
            "eps_growth_year": null,
            "eps_4q": null,
            "eps_4q_growth_year": null,
            "roe": null,
            "roe_4q": 0,
            "gross_profit": null,
            "gross_margin": null,
            "gross_margin_4q_avg": 0,
            "net_income": null,
            "net_income_4q": null,
            "revenue": null,
            "revenue_4q": null,
            "common_shares": null,
            "book_valuer_per_share": null,
            "book_valuer_per_share_4q_avg": 0,
            "equity": null,
            "current_ratio": null,
            "debt_ratio": null,
            "inventory_turnover_ratio": null,
            "account_receivable_turnover_ratio": null,
            "reinvestment_rate": null,
            "research_to_sale_ratio": null,
            "price_fair": 0,
            "eps_avg_yearly": 0,
            "eps_latest_yearly": 0,
            "eps_growth_yearly": 0
        },
        "20031": {
            "year_quarter": 20031,
            "year": 2003,
            "quarter": 1,
            "eps": null,
            "eps_growth_year": null,
            "eps_4q": null,
            "eps_4q_growth_year": null,
            "roe": null,
            "roe_4q": 0,
            "gross_profit": null,
            "gross_margin": null,
            "gross_margin_4q_avg": 0,
            "net_income": null,
            "net_income_4q": null,
            "revenue": null,
            "revenue_4q": null,
            "common_shares": null,
            "book_valuer_per_share": null,
            "book_valuer_per_share_4q_avg": 0,
            "equity": null,
            "current_ratio": null,
            "debt_ratio": null,
            "inventory_turnover_ratio": null,
            "account_receivable_turnover_ratio": null,
            "reinvestment_rate": null,
            "research_to_sale_ratio": null,
            "price_fair": 0,
            "eps_avg_yearly": 0,
            "eps_latest_yearly": 0,
            "eps_growth_yearly": 0
        },
        "20032": {
            "year_quarter": 20032,
            "year": 2003,
            "quarter": 2,
            "eps": null,
            "eps_growth_year": null,
            "eps_4q": null,
            "eps_4q_growth_year": null,
            "roe": null,
            "roe_4q": 0,
            "gross_profit": null,
            "gross_margin": null,
            "gross_margin_4q_avg": 0,
            "net_income": null,
            "net_income_4q": null,
            "revenue": null,
            "revenue_4q": null,
            "common_shares": null,
            "book_valuer_per_share": null,
            "book_valuer_per_share_4q_avg": 0,
            "equity": null,
            "current_ratio": null,
            "debt_ratio": null,
            "inventory_turnover_ratio": null,
            "account_receivable_turnover_ratio": null,
            "reinvestment_rate": null,
            "research_to_sale_ratio": null,
            "price_fair": 0,
            "eps_avg_yearly": 0,
            "eps_latest_yearly": 0,
            "eps_growth_yearly": 0
        },
        "20033": {
            "year_quarter": 20033,
            "year": 2003,
            "quarter": 3,
            "eps": null,
            "eps_growth_year": null,
            "eps_4q": null,
            "eps_4q_growth_year": null,
            "roe": null,
            "roe_4q": 0,
            "gross_profit": null,
            "gross_margin": null,
            "gross_margin_4q_avg": 0,
            "net_income": null,
            "net_income_4q": null,
            "revenue": null,
            "revenue_4q": null,
            "common_shares": null,
            "book_valuer_per_share": null,
            "book_valuer_per_share_4q_avg": 0,
            "equity": null,
            "current_ratio": null,
            "debt_ratio": null,
            "inventory_turnover_ratio": null,
            "account_receivable_turnover_ratio": null,
            "reinvestment_rate": null,
            "research_to_sale_ratio": null,
            "price_fair": 0,
            "eps_avg_yearly": 0,
            "eps_latest_yearly": 0,
            "eps_growth_yearly": 0
        },
        "20034": {
            "year_quarter": 20034,
            "year": 2003,
            "quarter": 4,
            "eps": null,
            "eps_growth_year": null,
            "eps_4q": null,
            "eps_4q_growth_year": null,
            "roe": null,
            "roe_4q": 0,
            "gross_profit": null,
            "gross_margin": null,
            "gross_margin_4q_avg": 0,
            "net_income": null,
            "net_income_4q": null,
            "revenue": null,
            "revenue_4q": null,
            "common_shares": null,
            "book_valuer_per_share": null,
            "book_valuer_per_share_4q_avg": 0,
            "equity": null,
            "current_ratio": null,
            "debt_ratio": null,
            "inventory_turnover_ratio": null,
            "account_receivable_turnover_ratio": null,
            "reinvestment_rate": null,
            "research_to_sale_ratio": null,
            "price_fair": 0,
            "eps_avg_yearly": 0,
            "eps_latest_yearly": 0,
            "eps_growth_yearly": 0
        },
        "20041": {
            "year_quarter": 20041,
            "year": 2004,
            "quarter": 1,
            "eps": null,
            "eps_growth_year": null,
            "eps_4q": null,
            "eps_4q_growth_year": null,
            "roe": null,
            "roe_4q": 0,
            "gross_profit": null,
            "gross_margin": null,
            "gross_margin_4q_avg": 0,
            "net_income": null,
            "net_income_4q": null,
            "revenue": null,
            "revenue_4q": null,
            "common_shares": null,
            "book_valuer_per_share": null,
            "book_valuer_per_share_4q_avg": 0,
            "equity": null,
            "current_ratio": null,
            "debt_ratio": null,
            "inventory_turnover_ratio": null,
            "account_receivable_turnover_ratio": null,
            "reinvestment_rate": null,
            "research_to_sale_ratio": null,
            "price_fair": 0,
            "eps_avg_yearly": 0,
            "eps_latest_yearly": 0,
            "eps_growth_yearly": 0
        },
        "20042": {
            "year_quarter": 20042,
            "year": 2004,
            "quarter": 2,
            "eps": null,
            "eps_growth_year": null,
            "eps_4q": null,
            "eps_4q_growth_year": null,
            "roe": null,
            "roe_4q": 0,
            "gross_profit": null,
            "gross_margin": null,
            "gross_margin_4q_avg": 0,
            "net_income": null,
            "net_income_4q": null,
            "revenue": null,
            "revenue_4q": null,
            "common_shares": null,
            "book_valuer_per_share": null,
            "book_valuer_per_share_4q_avg": 0,
            "equity": null,
            "current_ratio": null,
            "debt_ratio": null,
            "inventory_turnover_ratio": null,
            "account_receivable_turnover_ratio": null,
            "reinvestment_rate": null,
            "research_to_sale_ratio": null,
            "price_fair": 0,
            "eps_avg_yearly": 0,
            "eps_latest_yearly": 0,
            "eps_growth_yearly": 0
        },
        "20043": {
            "year_quarter": 20043,
            "year": 2004,
            "quarter": 3,
            "eps": null,
            "eps_growth_year": null,
            "eps_4q": null,
            "eps_4q_growth_year": null,
            "roe": null,
            "roe_4q": 0,
            "gross_profit": null,
            "gross_margin": null,
            "gross_margin_4q_avg": 0,
            "net_income": null,
            "net_income_4q": null,
            "revenue": null,
            "revenue_4q": null,
            "common_shares": null,
            "book_valuer_per_share": null,
            "book_valuer_per_share_4q_avg": 0,
            "equity": null,
            "current_ratio": null,
            "debt_ratio": null,
            "inventory_turnover_ratio": null,
            "account_receivable_turnover_ratio": null,
            "reinvestment_rate": null,
            "research_to_sale_ratio": null,
            "price_fair": 0,
            "eps_avg_yearly": 0,
            "eps_latest_yearly": 0,
            "eps_growth_yearly": 0
        },
        "20044": {
            "year_quarter": 20044,
            "year": 2004,
            "quarter": 4,
            "eps": null,
            "eps_growth_year": null,
            "eps_4q": null,
            "eps_4q_growth_year": null,
            "roe": null,
            "roe_4q": 0,
            "gross_profit": null,
            "gross_margin": null,
            "gross_margin_4q_avg": 0,
            "net_income": null,
            "net_income_4q": null,
            "revenue": null,
            "revenue_4q": null,
            "common_shares": null,
            "book_valuer_per_share": null,
            "book_valuer_per_share_4q_avg": 0,
            "equity": null,
            "current_ratio": null,
            "debt_ratio": null,
            "inventory_turnover_ratio": null,
            "account_receivable_turnover_ratio": null,
            "reinvestment_rate": null,
            "research_to_sale_ratio": null,
            "price_fair": 0,
            "eps_avg_yearly": 0,
            "eps_latest_yearly": 0,
            "eps_growth_yearly": 0
        },
        "20051": {
            "year_quarter": 20051,
            "year": 2005,
            "quarter": 1,
            "eps": null,
            "eps_growth_year": null,
            "eps_4q": null,
            "eps_4q_growth_year": null,
            "roe": null,
            "roe_4q": 0,
            "gross_profit": null,
            "gross_margin": null,
            "gross_margin_4q_avg": 0,
            "net_income": null,
            "net_income_4q": null,
            "revenue": null,
            "revenue_4q": null,
            "common_shares": null,
            "book_valuer_per_share": null,
            "book_valuer_per_share_4q_avg": 0,
            "equity": null,
            "current_ratio": null,
            "debt_ratio": null,
            "inventory_turnover_ratio": null,
            "account_receivable_turnover_ratio": null,
            "reinvestment_rate": null,
            "research_to_sale_ratio": null,
            "price_fair": 0,
            "eps_avg_yearly": 0,
            "eps_latest_yearly": 0,
            "eps_growth_yearly": 0
        },
        "20052": {
            "year_quarter": 20052,
            "year": 2005,
            "quarter": 2,
            "eps": null,
            "eps_growth_year": null,
            "eps_4q": null,
            "eps_4q_growth_year": null,
            "roe": null,
            "roe_4q": 0,
            "gross_profit": null,
            "gross_margin": null,
            "gross_margin_4q_avg": 0,
            "net_income": null,
            "net_income_4q": null,
            "revenue": null,
            "revenue_4q": null,
            "common_shares": null,
            "book_valuer_per_share": null,
            "book_valuer_per_share_4q_avg": 0,
            "equity": null,
            "current_ratio": null,
            "debt_ratio": null,
            "inventory_turnover_ratio": null,
            "account_receivable_turnover_ratio": null,
            "reinvestment_rate": null,
            "research_to_sale_ratio": null,
            "price_fair": 0,
            "eps_avg_yearly": 0,
            "eps_latest_yearly": 0,
            "eps_growth_yearly": 0
        },
        "20053": {
            "year_quarter": 20053,
            "year": 2005,
            "quarter": 3,
            "eps": null,
            "eps_growth_year": null,
            "eps_4q": null,
            "eps_4q_growth_year": null,
            "roe": null,
            "roe_4q": 0,
            "gross_profit": null,
            "gross_margin": null,
            "gross_margin_4q_avg": 0,
            "net_income": null,
            "net_income_4q": null,
            "revenue": null,
            "revenue_4q": null,
            "common_shares": null,
            "book_valuer_per_share": null,
            "book_valuer_per_share_4q_avg": 0,
            "equity": null,
            "current_ratio": null,
            "debt_ratio": null,
            "inventory_turnover_ratio": null,
            "account_receivable_turnover_ratio": null,
            "reinvestment_rate": null,
            "research_to_sale_ratio": null,
            "price_fair": 0,
            "eps_avg_yearly": 0,
            "eps_latest_yearly": 0,
            "eps_growth_yearly": 0
        },
        "20054": {
            "year_quarter": 20054,
            "year": 2005,
            "quarter": 4,
            "eps": null,
            "eps_growth_year": null,
            "eps_4q": null,
            "eps_4q_growth_year": null,
            "roe": null,
            "roe_4q": 0,
            "gross_profit": null,
            "gross_margin": null,
            "gross_margin_4q_avg": 0,
            "net_income": null,
            "net_income_4q": null,
            "revenue": null,
            "revenue_4q": null,
            "common_shares": null,
            "book_valuer_per_share": null,
            "book_valuer_per_share_4q_avg": 0,
            "equity": null,
            "current_ratio": null,
            "debt_ratio": null,
            "inventory_turnover_ratio": null,
            "account_receivable_turnover_ratio": null,
            "reinvestment_rate": null,
            "research_to_sale_ratio": null,
            "price_fair": 0,
            "eps_avg_yearly": 0,
            "eps_latest_yearly": 0,
            "eps_growth_yearly": 0
        },
        "20061": {
            "year_quarter": 20061,
            "year": 2006,
            "quarter": 1,
            "eps": null,
            "eps_growth_year": null,
            "eps_4q": null,
            "eps_4q_growth_year": null,
            "roe": null,
            "roe_4q": 0,
            "gross_profit": null,
            "gross_margin": null,
            "gross_margin_4q_avg": 0,
            "net_income": null,
            "net_income_4q": null,
            "revenue": null,
            "revenue_4q": null,
            "common_shares": null,
            "book_valuer_per_share": null,
            "book_valuer_per_share_4q_avg": 0,
            "equity": null,
            "current_ratio": null,
            "debt_ratio": null,
            "inventory_turnover_ratio": null,
            "account_receivable_turnover_ratio": null,
            "reinvestment_rate": null,
            "research_to_sale_ratio": null,
            "price_fair": 0,
            "eps_avg_yearly": 0,
            "eps_latest_yearly": 0,
            "eps_growth_yearly": 0
        },
        "20062": {
            "year_quarter": 20062,
            "year": 2006,
            "quarter": 2,
            "eps": null,
            "eps_growth_year": null,
            "eps_4q": null,
            "eps_4q_growth_year": null,
            "roe": null,
            "roe_4q": 0,
            "gross_profit": null,
            "gross_margin": null,
            "gross_margin_4q_avg": 0,
            "net_income": null,
            "net_income_4q": null,
            "revenue": null,
            "revenue_4q": null,
            "common_shares": null,
            "book_valuer_per_share": null,
            "book_valuer_per_share_4q_avg": 0,
            "equity": null,
            "current_ratio": null,
            "debt_ratio": null,
            "inventory_turnover_ratio": null,
            "account_receivable_turnover_ratio": null,
            "reinvestment_rate": null,
            "research_to_sale_ratio": null,
            "price_fair": 0,
            "eps_avg_yearly": 0,
            "eps_latest_yearly": 0,
            "eps_growth_yearly": 0
        },
        "20063": {
            "year_quarter": 20063,
            "year": 2006,
            "quarter": 3,
            "eps": null,
            "eps_growth_year": null,
            "eps_4q": null,
            "eps_4q_growth_year": null,
            "roe": null,
            "roe_4q": 0,
            "gross_profit": null,
            "gross_margin": null,
            "gross_margin_4q_avg": 0,
            "net_income": null,
            "net_income_4q": null,
            "revenue": null,
            "revenue_4q": null,
            "common_shares": null,
            "book_valuer_per_share": null,
            "book_valuer_per_share_4q_avg": 0,
            "equity": null,
            "current_ratio": null,
            "debt_ratio": null,
            "inventory_turnover_ratio": null,
            "account_receivable_turnover_ratio": null,
            "reinvestment_rate": null,
            "research_to_sale_ratio": null,
            "price_fair": 0,
            "eps_avg_yearly": 0,
            "eps_latest_yearly": 0,
            "eps_growth_yearly": 0
        },
        "20064": {
            "year_quarter": 20064,
            "year": 2006,
            "quarter": 4,
            "eps": null,
            "eps_growth_year": null,
            "eps_4q": null,
            "eps_4q_growth_year": null,
            "roe": null,
            "roe_4q": 0,
            "gross_profit": null,
            "gross_margin": null,
            "gross_margin_4q_avg": 0,
            "net_income": null,
            "net_income_4q": null,
            "revenue": null,
            "revenue_4q": null,
            "common_shares": null,
            "book_valuer_per_share": null,
            "book_valuer_per_share_4q_avg": 0,
            "equity": null,
            "current_ratio": null,
            "debt_ratio": null,
            "inventory_turnover_ratio": null,
            "account_receivable_turnover_ratio": null,
            "reinvestment_rate": null,
            "research_to_sale_ratio": null,
            "price_fair": 0,
            "eps_avg_yearly": 0,
            "eps_latest_yearly": 0,
            "eps_growth_yearly": 0
        },
        "20071": {
            "year_quarter": 20071,
            "year": 2007,
            "quarter": 1,
            "eps": null,
            "eps_growth_year": null,
            "eps_4q": null,
            "eps_4q_growth_year": null,
            "roe": null,
            "roe_4q": 0,
            "gross_profit": null,
            "gross_margin": null,
            "gross_margin_4q_avg": 0,
            "net_income": null,
            "net_income_4q": null,
            "revenue": null,
            "revenue_4q": null,
            "common_shares": null,
            "book_valuer_per_share": null,
            "book_valuer_per_share_4q_avg": 0,
            "equity": null,
            "current_ratio": null,
            "debt_ratio": null,
            "inventory_turnover_ratio": null,
            "account_receivable_turnover_ratio": null,
            "reinvestment_rate": null,
            "research_to_sale_ratio": null,
            "price_fair": 0,
            "eps_avg_yearly": 0,
            "eps_latest_yearly": 0,
            "eps_growth_yearly": 0
        },
        "20072": {
            "year_quarter": 20072,
            "year": 2007,
            "quarter": 2,
            "eps": null,
            "eps_growth_year": null,
            "eps_4q": null,
            "eps_4q_growth_year": null,
            "roe": null,
            "roe_4q": 0,
            "gross_profit": null,
            "gross_margin": null,
            "gross_margin_4q_avg": 0,
            "net_income": null,
            "net_income_4q": null,
            "revenue": null,
            "revenue_4q": null,
            "common_shares": null,
            "book_valuer_per_share": null,
            "book_valuer_per_share_4q_avg": 0,
            "equity": null,
            "current_ratio": null,
            "debt_ratio": null,
            "inventory_turnover_ratio": null,
            "account_receivable_turnover_ratio": null,
            "reinvestment_rate": null,
            "research_to_sale_ratio": null,
            "price_fair": 0,
            "eps_avg_yearly": 0,
            "eps_latest_yearly": 0,
            "eps_growth_yearly": 0
        },
        "20073": {
            "year_quarter": 20073,
            "year": 2007,
            "quarter": 3,
            "eps": null,
            "eps_growth_year": null,
            "eps_4q": null,
            "eps_4q_growth_year": null,
            "roe": null,
            "roe_4q": 0,
            "gross_profit": null,
            "gross_margin": null,
            "gross_margin_4q_avg": 0,
            "net_income": null,
            "net_income_4q": null,
            "revenue": null,
            "revenue_4q": null,
            "common_shares": null,
            "book_valuer_per_share": null,
            "book_valuer_per_share_4q_avg": 0,
            "equity": null,
            "current_ratio": null,
            "debt_ratio": null,
            "inventory_turnover_ratio": null,
            "account_receivable_turnover_ratio": null,
            "reinvestment_rate": null,
            "research_to_sale_ratio": null,
            "price_fair": 0,
            "eps_avg_yearly": 0,
            "eps_latest_yearly": 0,
            "eps_growth_yearly": 0
        },
        "20074": {
            "year_quarter": 20074,
            "year": 2007,
            "quarter": 4,
            "eps": null,
            "eps_growth_year": null,
            "eps_4q": null,
            "eps_4q_growth_year": null,
            "roe": null,
            "roe_4q": 0,
            "gross_profit": null,
            "gross_margin": null,
            "gross_margin_4q_avg": 0,
            "net_income": null,
            "net_income_4q": null,
            "revenue": null,
            "revenue_4q": null,
            "common_shares": null,
            "book_valuer_per_share": null,
            "book_valuer_per_share_4q_avg": 0,
            "equity": null,
            "current_ratio": null,
            "debt_ratio": null,
            "inventory_turnover_ratio": null,
            "account_receivable_turnover_ratio": null,
            "reinvestment_rate": null,
            "research_to_sale_ratio": null,
            "price_fair": 0,
            "eps_avg_yearly": 0,
            "eps_latest_yearly": 0,
            "eps_growth_yearly": 0
        },
        "20081": {
            "year_quarter": 20081,
            "year": 2008,
            "quarter": 1,
            "eps": null,
            "eps_growth_year": null,
            "eps_4q": null,
            "eps_4q_growth_year": null,
            "roe": null,
            "roe_4q": 0,
            "gross_profit": null,
            "gross_margin": null,
            "gross_margin_4q_avg": 0,
            "net_income": null,
            "net_income_4q": null,
            "revenue": null,
            "revenue_4q": null,
            "common_shares": null,
            "book_valuer_per_share": null,
            "book_valuer_per_share_4q_avg": 0,
            "equity": null,
            "current_ratio": null,
            "debt_ratio": null,
            "inventory_turnover_ratio": null,
            "account_receivable_turnover_ratio": null,
            "reinvestment_rate": null,
            "research_to_sale_ratio": null,
            "price_fair": 0,
            "eps_avg_yearly": 0,
            "eps_latest_yearly": 0,
            "eps_growth_yearly": 0
        },
        "20082": {
            "year_quarter": 20082,
            "year": 2008,
            "quarter": 2,
            "eps": null,
            "eps_growth_year": null,
            "eps_4q": null,
            "eps_4q_growth_year": null,
            "roe": null,
            "roe_4q": 0,
            "gross_profit": null,
            "gross_margin": null,
            "gross_margin_4q_avg": 0,
            "net_income": null,
            "net_income_4q": null,
            "revenue": null,
            "revenue_4q": null,
            "common_shares": null,
            "book_valuer_per_share": null,
            "book_valuer_per_share_4q_avg": 0,
            "equity": null,
            "current_ratio": null,
            "debt_ratio": null,
            "inventory_turnover_ratio": null,
            "account_receivable_turnover_ratio": null,
            "reinvestment_rate": null,
            "research_to_sale_ratio": null,
            "price_fair": 0,
            "eps_avg_yearly": 0,
            "eps_latest_yearly": 0,
            "eps_growth_yearly": 0
        },
        "20083": {
            "year_quarter": 20083,
            "year": 2008,
            "quarter": 3,
            "eps": -1.72,
            "eps_growth_year": null,
            "eps_4q": null,
            "eps_4q_growth_year": null,
            "roe": null,
            "roe_4q": 0,
            "gross_profit": 561,
            "gross_margin": 96.72,
            "gross_margin_4q_avg": 24.18,
            "net_income": -57284,
            "net_income_4q": null,
            "revenue": 580,
            "revenue_4q": null,
            "common_shares": null,
            "book_valuer_per_share": null,
            "book_valuer_per_share_4q_avg": 0,
            "equity": null,
            "current_ratio": null,
            "debt_ratio": null,
            "inventory_turnover_ratio": null,
            "account_receivable_turnover_ratio": null,
            "reinvestment_rate": null,
            "research_to_sale_ratio": 7222.07,
            "price_fair": 0,
            "eps_avg_yearly": 0,
            "eps_latest_yearly": 0,
            "eps_growth_yearly": 0
        },
        "20084": {
            "year_quarter": 20084,
            "year": 2008,
            "quarter": 4,
            "eps": -0.23,
            "eps_growth_year": null,
            "eps_4q": null,
            "eps_4q_growth_year": null,
            "roe": null,
            "roe_4q": 0,
            "gross_profit": -1102,
            "gross_margin": -7.78,
            "gross_margin_4q_avg": 22.24,
            "net_income": -25498,
            "net_income_4q": null,
            "revenue": 14162,
            "revenue_4q": null,
            "common_shares": null,
            "book_valuer_per_share": null,
            "book_valuer_per_share_4q_avg": 0,
            "equity": null,
            "current_ratio": null,
            "debt_ratio": null,
            "inventory_turnover_ratio": null,
            "account_receivable_turnover_ratio": null,
            "reinvestment_rate": null,
            "research_to_sale_ratio": 57.38,
            "price_fair": 0,
            "eps_avg_yearly": 0,
            "eps_latest_yearly": 0,
            "eps_growth_yearly": 0
        },
        "20091": {
            "year_quarter": 20091,
            "year": 2009,
            "quarter": 1,
            "eps": -0.15,
            "eps_growth_year": null,
            "eps_4q": null,
            "eps_4q_growth_year": null,
            "roe": null,
            "roe_4q": 0,
            "gross_profit": -2046,
            "gross_margin": -9.8,
            "gross_margin_4q_avg": 19.79,
            "net_income": -16016,
            "net_income_4q": null,
            "revenue": 20886,
            "revenue_4q": null,
            "common_shares": null,
            "book_valuer_per_share": null,
            "book_valuer_per_share_4q_avg": 0,
            "equity": null,
            "current_ratio": null,
            "debt_ratio": null,
            "inventory_turnover_ratio": null,
            "account_receivable_turnover_ratio": null,
            "reinvestment_rate": null,
            "research_to_sale_ratio": 38.02,
            "price_fair": 0,
            "eps_avg_yearly": 0,
            "eps_latest_yearly": 0,
            "eps_growth_yearly": 0
        },
        "20092": {
            "year_quarter": 20092,
            "year": 2009,
            "quarter": 2,
            "eps": -0.1,
            "eps_growth_year": null,
            "eps_4q": null,
            "eps_4q_growth_year": null,
            "roe": null,
            "roe_4q": 0,
            "gross_profit": 2101,
            "gross_margin": 7.8,
            "gross_margin_4q_avg": 21.74,
            "net_income": -10867,
            "net_income_4q": null,
            "revenue": 26945,
            "revenue_4q": null,
            "common_shares": null,
            "book_valuer_per_share": null,
            "book_valuer_per_share_4q_avg": 0,
            "equity": null,
            "current_ratio": null,
            "debt_ratio": null,
            "inventory_turnover_ratio": null,
            "account_receivable_turnover_ratio": null,
            "reinvestment_rate": null,
            "research_to_sale_ratio": 7.2,
            "price_fair": 0,
            "eps_avg_yearly": 0,
            "eps_latest_yearly": 0,
            "eps_growth_yearly": 0
        },
        "20093": {
            "year_quarter": 20093,
            "year": 2009,
            "quarter": 3,
            "eps": -0.04,
            "eps_growth_year": null,
            "eps_4q": -0.53,
            "eps_4q_growth_year": null,
            "roe": null,
            "roe_4q": 0,
            "gross_profit": 7699,
            "gross_margin": 16.91,
            "gross_margin_4q_avg": 1.78,
            "net_income": -4615,
            "net_income_4q": null,
            "revenue": 45527,
            "revenue_4q": null,
            "common_shares": 21,
            "book_valuer_per_share": -2.16,
            "book_valuer_per_share_4q_avg": -0.54,
            "equity": 88580,
            "current_ratio": 216.32,
            "debt_ratio": 43.19,
            "inventory_turnover_ratio": null,
            "account_receivable_turnover_ratio": null,
            "reinvestment_rate": null,
            "research_to_sale_ratio": 2.76,
            "price_fair": 0,
            "eps_avg_yearly": 0,
            "eps_latest_yearly": 0,
            "eps_growth_yearly": 0
        },
        "20094": {
            "year_quarter": 20094,
            "year": 2009,
            "quarter": 4,
            "eps": -0.23,
            "eps_growth_year": null,
            "eps_4q": -0.53,
            "eps_4q_growth_year": null,
            "roe": -31.43,
            "roe_4q": -31.43,
            "gross_profit": 1781,
            "gross_margin": 9.58,
            "gross_margin_4q_avg": 6.12,
            "net_income": -24242,
            "net_income_4q": null,
            "revenue": 18585,
            "revenue_4q": null,
            "common_shares": 7,
            "book_valuer_per_share": -2.32,
            "book_valuer_per_share_4q_avg": -1.12,
            "equity": 65702,
            "current_ratio": 174.92,
            "debt_ratio": 49.62,
            "inventory_turnover_ratio": 0.78,
            "account_receivable_turnover_ratio": 7.63,
            "reinvestment_rate": null,
            "research_to_sale_ratio": 43.81,
            "price_fair": 0,
            "eps_avg_yearly": 0,
            "eps_latest_yearly": 0,
            "eps_growth_yearly": 0
        },
        "20101": {
            "year_quarter": 20101,
            "year": 2010,
            "quarter": 1,
            "eps": -0.27,
            "eps_growth_year": null,
            "eps_4q": -0.65,
            "eps_4q_growth_year": null,
            "roe": -55.89,
            "roe_4q": -87.32,
            "gross_profit": 3852,
            "gross_margin": 18.51,
            "gross_margin_4q_avg": 13.2,
            "net_income": -29519,
            "net_income_4q": null,
            "revenue": 20812,
            "revenue_4q": null,
            "common_shares": 8,
            "book_valuer_per_share": -2.44,
            "book_valuer_per_share_4q_avg": -1.73,
            "equity": 39928,
            "current_ratio": 170.21,
            "debt_ratio": 72.52,
            "inventory_turnover_ratio": 0.65,
            "account_receivable_turnover_ratio": 4.42,
            "reinvestment_rate": null,
            "research_to_sale_ratio": 63.74,
            "price_fair": 0,
            "eps_avg_yearly": 0,
            "eps_latest_yearly": 0,
            "eps_growth_yearly": 0
        },
        "20102": {
            "year_quarter": 20102,
            "year": 2010,
            "quarter": 2,
            "eps": -0.34,
            "eps_growth_year": null,
            "eps_4q": -0.88,
            "eps_4q_growth_year": null,
            "roe": -156.01,
            "roe_4q": -243.32999999999998,
            "gross_profit": 6261,
            "gross_margin": 22.04,
            "gross_margin_4q_avg": 16.76,
            "net_income": -38517,
            "net_income_4q": null,
            "revenue": 28405,
            "revenue_4q": null,
            "common_shares": 8,
            "book_valuer_per_share": -2.68,
            "book_valuer_per_share_4q_avg": -2.4,
            "equity": 9450,
            "current_ratio": 131.18,
            "debt_ratio": 93.61,
            "inventory_turnover_ratio": 0.76,
            "account_receivable_turnover_ratio": 4.58,
            "reinvestment_rate": null,
            "research_to_sale_ratio": 54.27,
            "price_fair": 0,
            "eps_avg_yearly": 0,
            "eps_latest_yearly": 0,
            "eps_growth_yearly": 0
        },
        "20103": {
            "year_quarter": 20103,
            "year": 2010,
            "quarter": 3,
            "eps": -0.03,
            "eps_growth_year": null,
            "eps_4q": -0.86,
            "eps_4q_growth_year": null,
            "roe": -30.46,
            "roe_4q": -273.79,
            "gross_profit": 9296,
            "gross_margin": 29.76,
            "gross_margin_4q_avg": 19.97,
            "net_income": -34935,
            "net_income_4q": null,
            "revenue": 31241,
            "revenue_4q": null,
            "common_shares": 93,
            "book_valuer_per_share": 0.16,
            "book_valuer_per_share_4q_avg": -1.82,
            "equity": 219923,
            "current_ratio": 347.81,
            "debt_ratio": 39.18,
            "inventory_turnover_ratio": 0.64,
            "account_receivable_turnover_ratio": 4.3,
            "reinvestment_rate": null,
            "research_to_sale_ratio": 85.46,
            "price_fair": 0,
            "eps_avg_yearly": 0,
            "eps_latest_yearly": 0,
            "eps_growth_yearly": 0
        },
        "20104": {
            "year_quarter": 20104,
            "year": 2010,
            "quarter": 4,
            "eps": -0.04,
            "eps_growth_year": null,
            "eps_4q": -0.67,
            "eps_4q_growth_year": null,
            "roe": -24.06,
            "roe_4q": -266.41999999999996,
            "gross_profit": 11321,
            "gross_margin": 31.2,
            "gross_margin_4q_avg": 25.38,
            "net_income": -51358,
            "net_income_4q": null,
            "revenue": 36286,
            "revenue_4q": null,
            "common_shares": 95,
            "book_valuer_per_share": 0.15,
            "book_valuer_per_share_4q_avg": -1.2,
            "equity": 207048,
            "current_ratio": 275.68,
            "debt_ratio": 46.37,
            "inventory_turnover_ratio": 0.59,
            "account_receivable_turnover_ratio": 4.91,
            "reinvestment_rate": null,
            "research_to_sale_ratio": 103.67,
            "price_fair": 0,
            "eps_avg_yearly": 0,
            "eps_latest_yearly": 0,
            "eps_growth_yearly": 0
        },
        "20111": {
            "year_quarter": 20111,
            "year": 2011,
            "quarter": 1,
            "eps": -0.03,
            "eps_growth_year": null,
            "eps_4q": -0.43,
            "eps_4q_growth_year": null,
            "roe": -26.12,
            "roe_4q": -236.64999999999998,
            "gross_profit": 18028,
            "gross_margin": 36.77,
            "gross_margin_4q_avg": 29.94,
            "net_income": -48941,
            "net_income_4q": null,
            "revenue": 49030,
            "revenue_4q": null,
            "common_shares": 96,
            "book_valuer_per_share": 0.12,
            "book_valuer_per_share_4q_avg": -0.56,
            "equity": 167738,
            "current_ratio": 200.84,
            "debt_ratio": 58.82,
            "inventory_turnover_ratio": 0.65,
            "account_receivable_turnover_ratio": 3.64,
            "reinvestment_rate": null,
            "research_to_sale_ratio": 83.95,
            "price_fair": 0,
            "eps_avg_yearly": 0,
            "eps_latest_yearly": 0,
            "eps_growth_yearly": 0
        },
        "20112": {
            "year_quarter": 20112,
            "year": 2011,
            "quarter": 2,
            "eps": -0.04,
            "eps_growth_year": null,
            "eps_4q": -0.13,
            "eps_4q_growth_year": null,
            "roe": -22.82,
            "roe_4q": -103.46000000000001,
            "gross_profit": 18508,
            "gross_margin": 31.82,
            "gross_margin_4q_avg": 32.39,
            "net_income": -58903,
            "net_income_4q": null,
            "revenue": 58171,
            "revenue_4q": null,
            "common_shares": 104,
            "book_valuer_per_share": 0.22,
            "book_valuer_per_share_4q_avg": 0.16,
            "equity": 348452,
            "current_ratio": 301.12,
            "debt_ratio": 46.07,
            "inventory_turnover_ratio": 0.75,
            "account_receivable_turnover_ratio": 2.67,
            "reinvestment_rate": null,
            "research_to_sale_ratio": 90.3,
            "price_fair": 0,
            "eps_avg_yearly": 0,
            "eps_latest_yearly": 0,
            "eps_growth_yearly": 0
        },
        "20113": {
            "year_quarter": 20113,
            "year": 2011,
            "quarter": 3,
            "eps": -0.04,
            "eps_growth_year": null,
            "eps_4q": -0.15,
            "eps_4q_growth_year": null,
            "roe": -20.26,
            "roe_4q": -93.26,
            "gross_profit": 17224,
            "gross_margin": 29.87,
            "gross_margin_4q_avg": 32.42,
            "net_income": -65078,
            "net_income_4q": null,
            "revenue": 57666,
            "revenue_4q": null,
            "common_shares": 104,
            "book_valuer_per_share": 0.19,
            "book_valuer_per_share_4q_avg": 0.17,
            "equity": 294118,
            "current_ratio": 267.3,
            "debt_ratio": 58,
            "inventory_turnover_ratio": 0.78,
            "account_receivable_turnover_ratio": 2.78,
            "reinvestment_rate": null,
            "research_to_sale_ratio": 93.79,
            "price_fair": 0,
            "eps_avg_yearly": 0,
            "eps_latest_yearly": 0,
            "eps_growth_yearly": 0
        },
        "20114": {
            "year_quarter": 20114,
            "year": 2011,
            "quarter": 4,
            "eps": -0.05,
            "eps_growth_year": null,
            "eps_4q": -0.17,
            "eps_4q_growth_year": null,
            "roe": -31.45,
            "roe_4q": -100.65,
            "gross_profit": 7835,
            "gross_margin": 19.9,
            "gross_margin_4q_avg": 29.59,
            "net_income": -81488,
            "net_income_4q": null,
            "revenue": 39375,
            "revenue_4q": null,
            "common_shares": 104,
            "book_valuer_per_share": 0.14,
            "book_valuer_per_share_4q_avg": 0.17,
            "equity": 224045,
            "current_ratio": 194.86,
            "debt_ratio": 68.6,
            "inventory_turnover_ratio": 0.64,
            "account_receivable_turnover_ratio": 2.83,
            "reinvestment_rate": null,
            "research_to_sale_ratio": 155.44,
            "price_fair": 0,
            "eps_avg_yearly": 0,
            "eps_latest_yearly": 0,
            "eps_growth_yearly": 0
        },
        "20121": {
            "year_quarter": 20121,
            "year": 2012,
            "quarter": 1,
            "eps": -0.06,
            "eps_growth_year": null,
            "eps_4q": -0.19,
            "eps_4q_growth_year": null,
            "roe": -47.56,
            "roe_4q": -122.09,
            "gross_profit": 10210,
            "gross_margin": 33.84,
            "gross_margin_4q_avg": 28.86,
            "net_income": -89873,
            "net_income_4q": null,
            "revenue": 30167,
            "revenue_4q": null,
            "common_shares": 105,
            "book_valuer_per_share": 0.1,
            "book_valuer_per_share_4q_avg": 0.16,
            "equity": 153874,
            "current_ratio": 152.25,
            "debt_ratio": 79.78,
            "inventory_turnover_ratio": 0.38,
            "account_receivable_turnover_ratio": 2.61,
            "reinvestment_rate": null,
            "research_to_sale_ratio": 226.71,
            "price_fair": 0,
            "eps_avg_yearly": 0,
            "eps_latest_yearly": 0,
            "eps_growth_yearly": 0
        },
        "20122": {
            "year_quarter": 20122,
            "year": 2012,
            "quarter": 2,
            "eps": -0.07,
            "eps_growth_year": null,
            "eps_4q": -0.22,
            "eps_4q_growth_year": null,
            "roe": -97.74,
            "roe_4q": -197.01,
            "gross_profit": 4762,
            "gross_margin": 17.87,
            "gross_margin_4q_avg": 25.37,
            "net_income": -105603,
            "net_income_4q": null,
            "revenue": 26653,
            "revenue_4q": null,
            "common_shares": 105,
            "book_valuer_per_share": 0.04,
            "book_valuer_per_share_4q_avg": 0.12,
            "equity": 62215,
            "current_ratio": 110.68,
            "debt_ratio": 91.99,
            "inventory_turnover_ratio": 0.36,
            "account_receivable_turnover_ratio": 2.17,
            "reinvestment_rate": null,
            "research_to_sale_ratio": 280.85,
            "price_fair": 0,
            "eps_avg_yearly": 0,
            "eps_latest_yearly": 0,
            "eps_growth_yearly": 0
        },
        "20123": {
            "year_quarter": 20123,
            "year": 2012,
            "quarter": 3,
            "eps": -0.07,
            "eps_growth_year": null,
            "eps_4q": -0.25,
            "eps_4q_growth_year": null,
            "roe": -645.33,
            "roe_4q": -822.0800000000002,
            "gross_profit": -8761,
            "gross_margin": -17.49,
            "gross_margin_4q_avg": 13.53,
            "net_income": -110804,
            "net_income_4q": null,
            "revenue": 50104,
            "revenue_4q": null,
            "common_shares": 106,
            "book_valuer_per_share": -0.02,
            "book_valuer_per_share_4q_avg": 0.07,
            "equity": -27875,
            "current_ratio": 73.75,
            "debt_ratio": 103.44,
            "inventory_turnover_ratio": 0.52,
            "account_receivable_turnover_ratio": 4.96,
            "reinvestment_rate": null,
            "research_to_sale_ratio": 123.55,
            "price_fair": 0,
            "eps_avg_yearly": 0,
            "eps_latest_yearly": 0,
            "eps_growth_yearly": 0
        },
        "20124": {
            "year_quarter": 20124,
            "year": 2012,
            "quarter": 4,
            "eps": -0.05,
            "eps_growth_year": null,
            "eps_4q": -0.25,
            "eps_4q_growth_year": null,
            "roe": -185.76,
            "roe_4q": -976.3900000000001,
            "gross_profit": 23856,
            "gross_margin": 7.79,
            "gross_margin_4q_avg": 10.5,
            "net_income": -89932,
            "net_income_4q": null,
            "revenue": 306332,
            "revenue_4q": null,
            "common_shares": 115,
            "book_valuer_per_share": 0.07,
            "book_valuer_per_share_4q_avg": 0.05,
            "equity": 124700,
            "current_ratio": 97.34,
            "debt_ratio": 88.81,
            "inventory_turnover_ratio": 1.32,
            "account_receivable_turnover_ratio": 17.02,
            "reinvestment_rate": null,
            "research_to_sale_ratio": 22.47,
            "price_fair": 0,
            "eps_avg_yearly": 0,
            "eps_latest_yearly": 0,
            "eps_growth_yearly": 0
        },
        "20131": {
            "year_quarter": 20131,
            "year": 2013,
            "quarter": 1,
            "eps": 0.01,
            "eps_growth_year": null,
            "eps_4q": -0.18,
            "eps_4q_growth_year": null,
            "roe": 7.67,
            "roe_4q": -921.1600000000001,
            "gross_profit": 96320,
            "gross_margin": 17.15,
            "gross_margin_4q_avg": 6.33,
            "net_income": 11248,
            "net_income_4q": null,
            "revenue": 561792,
            "revenue_4q": null,
            "common_shares": 115,
            "book_valuer_per_share": 0.1,
            "book_valuer_per_share_4q_avg": 0.05,
            "equity": 168583,
            "current_ratio": 98.2,
            "debt_ratio": 85.26,
            "inventory_turnover_ratio": 1.84,
            "account_receivable_turnover_ratio": 15.4,
            "reinvestment_rate": null,
            "research_to_sale_ratio": 9.77,
            "price_fair": 0,
            "eps_avg_yearly": 0,
            "eps_latest_yearly": 0,
            "eps_growth_yearly": 0
        },
        "20132": {
            "year_quarter": 20132,
            "year": 2013,
            "quarter": 2,
            "eps": -0.02,
            "eps_growth_year": null,
            "eps_4q": -0.13,
            "eps_4q_growth_year": null,
            "roe": -7.64,
            "roe_4q": -831.0600000000001,
            "gross_profit": 100483,
            "gross_margin": 24.8,
            "gross_margin_4q_avg": 8.06,
            "net_income": -30502,
            "net_income_4q": null,
            "revenue": 405139,
            "revenue_4q": null,
            "common_shares": 121,
            "book_valuer_per_share": 0.35,
            "book_valuer_per_share_4q_avg": 0.13,
            "equity": 629426,
            "current_ratio": 232.16,
            "debt_ratio": 66.66,
            "inventory_turnover_ratio": 1.24,
            "account_receivable_turnover_ratio": 5.07,
            "reinvestment_rate": -82.95,
            "research_to_sale_ratio": 12.91,
            "price_fair": 0,
            "eps_avg_yearly": 0,
            "eps_latest_yearly": 0,
            "eps_growth_yearly": 0
        },
        "20133": {
            "year_quarter": 20133,
            "year": 2013,
            "quarter": 3,
            "eps": -0.02,
            "eps_growth_year": null,
            "eps_4q": -0.08,
            "eps_4q_growth_year": null,
            "roe": -6.45,
            "roe_4q": -192.17999999999998,
            "gross_profit": 102868,
            "gross_margin": 23.85,
            "gross_margin_4q_avg": 18.4,
            "net_income": -38496,
            "net_income_4q": null,
            "revenue": 431346,
            "revenue_4q": null,
            "common_shares": 123,
            "book_valuer_per_share": 0.31,
            "book_valuer_per_share_4q_avg": 0.21,
            "equity": 564165,
            "current_ratio": 104.22,
            "debt_ratio": 73.96,
            "inventory_turnover_ratio": 1.09,
            "account_receivable_turnover_ratio": 5.35,
            "reinvestment_rate": -101.45,
            "research_to_sale_ratio": 13.06,
            "price_fair": 0,
            "eps_avg_yearly": 0,
            "eps_latest_yearly": 0,
            "eps_growth_yearly": 0
        },
        "20134": {
            "year_quarter": 20134,
            "year": 2013,
            "quarter": 4,
            "eps": -0.01,
            "eps_growth_year": null,
            "eps_4q": -0.04,
            "eps_4q_growth_year": null,
            "roe": -2.64,
            "roe_4q": -9.06,
            "gross_profit": 156589,
            "gross_margin": 25.45,
            "gross_margin_4q_avg": 22.81,
            "net_income": -16264,
            "net_income_4q": null,
            "revenue": 615219,
            "revenue_4q": null,
            "common_shares": 123,
            "book_valuer_per_share": 0.36,
            "book_valuer_per_share_4q_avg": 0.28,
            "equity": 667120,
            "current_ratio": 187.5,
            "debt_ratio": 72.4,
            "inventory_turnover_ratio": 1.33,
            "account_receivable_turnover_ratio": 12.73,
            "reinvestment_rate": -124.47,
            "research_to_sale_ratio": 11.13,
            "price_fair": 0,
            "eps_avg_yearly": 0,
            "eps_latest_yearly": 0,
            "eps_growth_yearly": 0
        },
        "20141": {
            "year_quarter": 20141,
            "year": 2014,
            "quarter": 1,
            "eps": -0.03,
            "eps_growth_year": -545.94,
            "eps_4q": -0.07,
            "eps_4q_growth_year": null,
            "roe": -6.31,
            "roe_4q": -23.04,
            "gross_profit": 155128,
            "gross_margin": 25,
            "gross_margin_4q_avg": 24.78,
            "net_income": -49800,
            "net_income_4q": null,
            "revenue": 620542,
            "revenue_4q": null,
            "common_shares": 124,
            "book_valuer_per_share": 0.49,
            "book_valuer_per_share_4q_avg": 0.38,
            "equity": 912056,
            "current_ratio": 223.28,
            "debt_ratio": 79.73,
            "inventory_turnover_ratio": 1.18,
            "account_receivable_turnover_ratio": 10.22,
            "reinvestment_rate": -141,
            "research_to_sale_ratio": 13.14,
            "price_fair": 0,
            "eps_avg_yearly": 0,
            "eps_latest_yearly": 0,
            "eps_growth_yearly": 0
        },
        "20142": {
            "year_quarter": 20142,
            "year": 2014,
            "quarter": 2,
            "eps": -0.03,
            "eps_growth_year": null,
            "eps_4q": -0.09,
            "eps_4q_growth_year": null,
            "roe": -6.64,
            "roe_4q": -22.04,
            "gross_profit": 212995,
            "gross_margin": 27.69,
            "gross_margin_4q_avg": 25.5,
            "net_income": -61900,
            "net_income_4q": null,
            "revenue": 769349,
            "revenue_4q": null,
            "common_shares": 125,
            "book_valuer_per_share": 0.51,
            "book_valuer_per_share_4q_avg": 0.42,
            "equity": 952333,
            "current_ratio": 218.4,
            "debt_ratio": 81.16,
            "inventory_turnover_ratio": 1.06,
            "account_receivable_turnover_ratio": 9.11,
            "reinvestment_rate": -165.2,
            "research_to_sale_ratio": 14,
            "price_fair": 0,
            "eps_avg_yearly": 0,
            "eps_latest_yearly": 0,
            "eps_growth_yearly": 0
        },
        "20143": {
            "year_quarter": 20143,
            "year": 2014,
            "quarter": 3,
            "eps": -0.04,
            "eps_growth_year": null,
            "eps_4q": -0.11,
            "eps_4q_growth_year": null,
            "roe": -7.82,
            "roe_4q": -23.41,
            "gross_profit": 251851,
            "gross_margin": 29.57,
            "gross_margin_4q_avg": 26.93,
            "net_income": -74708,
            "net_income_4q": null,
            "revenue": 851804,
            "revenue_4q": null,
            "common_shares": 125,
            "book_valuer_per_share": 0.51,
            "book_valuer_per_share_4q_avg": 0.47,
            "equity": 958094,
            "current_ratio": 182.79,
            "debt_ratio": 82.38,
            "inventory_turnover_ratio": 0.89,
            "account_receivable_turnover_ratio": 6.72,
            "reinvestment_rate": -197.37,
            "research_to_sale_ratio": 15.95,
            "price_fair": 0,
            "eps_avg_yearly": 0,
            "eps_latest_yearly": 0,
            "eps_growth_yearly": 0
        },
        "20144": {
            "year_quarter": 20144,
            "year": 2014,
            "quarter": 4,
            "eps": -0.06,
            "eps_growth_year": null,
            "eps_4q": -0.16,
            "eps_4q_growth_year": null,
            "roe": -11.51,
            "roe_4q": -32.28,
            "gross_profit": 261697,
            "gross_margin": 27.36,
            "gross_margin_4q_avg": 27.41,
            "net_income": -107629,
            "net_income_4q": null,
            "revenue": 956661,
            "revenue_4q": null,
            "common_shares": 126,
            "book_valuer_per_share": 0.48,
            "book_valuer_per_share_4q_avg": 0.5,
            "equity": 911710,
            "current_ratio": 150.92,
            "debt_ratio": 84.36,
            "inventory_turnover_ratio": 0.81,
            "account_receivable_turnover_ratio": 4.99,
            "reinvestment_rate": -239.87,
            "research_to_sale_ratio": 14.59,
            "price_fair": 0,
            "eps_avg_yearly": 0,
            "eps_latest_yearly": 0,
            "eps_growth_yearly": 0
        },
        "20151": {
            "year_quarter": 20151,
            "year": 2015,
            "quarter": 1,
            "eps": -0.08,
            "eps_growth_year": null,
            "eps_4q": -0.21,
            "eps_4q_growth_year": null,
            "roe": -17.75,
            "roe_4q": -43.72,
            "gross_profit": 260073,
            "gross_margin": 27.67,
            "gross_margin_4q_avg": 28.07,
            "net_income": -154181,
            "net_income_4q": null,
            "revenue": 939880,
            "revenue_4q": null,
            "common_shares": 126,
            "book_valuer_per_share": 0.44,
            "book_valuer_per_share_4q_avg": 0.49,
            "equity": 825997,
            "current_ratio": 133.25,
            "debt_ratio": 86.5,
            "inventory_turnover_ratio": 0.68,
            "account_receivable_turnover_ratio": 4.41,
            "reinvestment_rate": -261.24,
            "research_to_sale_ratio": 17.78,
            "price_fair": 0,
            "eps_avg_yearly": 0,
            "eps_latest_yearly": 0,
            "eps_growth_yearly": 0
        },
        "20152": {
            "year_quarter": 20152,
            "year": 2015,
            "quarter": 2,
            "eps": -0.1,
            "eps_growth_year": null,
            "eps_4q": -0.28,
            "eps_4q_growth_year": null,
            "roe": -23.9,
            "roe_4q": -60.98,
            "gross_profit": 213370,
            "gross_margin": 22.34,
            "gross_margin_4q_avg": 26.74,
            "net_income": -184227,
            "net_income_4q": null,
            "revenue": 954976,
            "revenue_4q": null,
            "common_shares": 127,
            "book_valuer_per_share": 0.38,
            "book_valuer_per_share_4q_avg": 0.45,
            "equity": 715934,
            "current_ratio": 110.24,
            "debt_ratio": 88.93,
            "inventory_turnover_ratio": 0.65,
            "account_receivable_turnover_ratio": 5.64,
            "reinvestment_rate": -280.69,
            "research_to_sale_ratio": 19.03,
            "price_fair": 0,
            "eps_avg_yearly": 0,
            "eps_latest_yearly": 0,
            "eps_growth_yearly": 0
        },
        "20153": {
            "year_quarter": 20153,
            "year": 2015,
            "quarter": 3,
            "eps": -0.12,
            "eps_growth_year": null,
            "eps_4q": -0.35,
            "eps_4q_growth_year": null,
            "roe": -22.64,
            "roe_4q": -75.8,
            "gross_profit": 231496,
            "gross_margin": 24.71,
            "gross_margin_4q_avg": 25.52,
            "net_income": -229858,
            "net_income_4q": null,
            "revenue": 936789,
            "revenue_4q": null,
            "common_shares": 131,
            "book_valuer_per_share": 0.67,
            "book_valuer_per_share_4q_avg": 0.49,
            "equity": 1314656,
            "current_ratio": 117.43,
            "debt_ratio": 82.58,
            "inventory_turnover_ratio": 0.56,
            "account_receivable_turnover_ratio": 7.24,
            "reinvestment_rate": -293.8,
            "research_to_sale_ratio": 19.09,
            "price_fair": 0,
            "eps_avg_yearly": 0,
            "eps_latest_yearly": 0,
            "eps_growth_yearly": 0
        },
        "20154": {
            "year_quarter": 20154,
            "year": 2015,
            "quarter": 4,
            "eps": -0.16,
            "eps_growth_year": null,
            "eps_4q": -0.46,
            "eps_4q_growth_year": null,
            "roe": -26.72,
            "roe_4q": -91.00999999999999,
            "gross_profit": 218564,
            "gross_margin": 18,
            "gross_margin_4q_avg": 23.18,
            "net_income": -320397,
            "net_income_4q": null,
            "revenue": 1214380,
            "revenue_4q": null,
            "common_shares": 131,
            "book_valuer_per_share": 0.55,
            "book_valuer_per_share_4q_avg": 0.51,
            "equity": 1083704,
            "current_ratio": 98.97,
            "debt_ratio": 86.57,
            "inventory_turnover_ratio": 0.77,
            "account_receivable_turnover_ratio": 8.41,
            "reinvestment_rate": -291.52,
            "research_to_sale_ratio": 15.67,
            "price_fair": 0,
            "eps_avg_yearly": 0,
            "eps_latest_yearly": 0,
            "eps_growth_yearly": 0
        },
        "20161": {
            "year_quarter": 20161,
            "year": 2016,
            "quarter": 1,
            "eps": -0.14,
            "eps_growth_year": null,
            "eps_4q": -0.52,
            "eps_4q_growth_year": null,
            "roe": -27.48,
            "roe_4q": -100.74000000000001,
            "gross_profit": 252468,
            "gross_margin": 22.01,
            "gross_margin_4q_avg": 21.77,
            "net_income": -282267,
            "net_income_4q": null,
            "revenue": 1147048,
            "revenue_4q": null,
            "common_shares": 134,
            "book_valuer_per_share": 0.48,
            "book_valuer_per_share_4q_avg": 0.52,
            "equity": 970365,
            "current_ratio": 101.63,
            "debt_ratio": 89.44,
            "inventory_turnover_ratio": 0.69,
            "account_receivable_turnover_ratio": 4.71,
            "reinvestment_rate": -292.83,
            "research_to_sale_ratio": 15.91,
            "price_fair": 0,
            "eps_avg_yearly": 0,
            "eps_latest_yearly": 0,
            "eps_growth_yearly": 0
        },
        "20162": {
            "year_quarter": 20162,
            "year": 2016,
            "quarter": 2,
            "eps": -0.14,
            "eps_growth_year": null,
            "eps_4q": -0.56,
            "eps_4q_growth_year": null,
            "roe": -16.8,
            "roe_4q": -93.64,
            "gross_profit": 274776,
            "gross_margin": 21.64,
            "gross_margin_4q_avg": 21.59,
            "net_income": -293188,
            "net_income_4q": null,
            "revenue": 1270017,
            "revenue_4q": null,
            "common_shares": 148,
            "book_valuer_per_share": 1.14,
            "book_valuer_per_share_4q_avg": 0.71,
            "equity": 2520294,
            "current_ratio": 138.16,
            "debt_ratio": 78.77,
            "inventory_turnover_ratio": 0.68,
            "account_receivable_turnover_ratio": 5.11,
            "reinvestment_rate": -296.57,
            "research_to_sale_ratio": 15.09,
            "price_fair": 0,
            "eps_avg_yearly": 0,
            "eps_latest_yearly": 0,
            "eps_growth_yearly": 0
        },
        "20163": {
            "year_quarter": 20163,
            "year": 2016,
            "quarter": 3,
            "eps": 0.01,
            "eps_growth_year": null,
            "eps_4q": -0.44,
            "eps_4q_growth_year": null,
            "roe": 0.84,
            "roe_4q": -70.16,
            "gross_profit": 636735,
            "gross_margin": 27.7,
            "gross_margin_4q_avg": 22.34,
            "net_income": 21878,
            "net_income_4q": null,
            "revenue": 2298436,
            "revenue_4q": null,
            "common_shares": 150,
            "book_valuer_per_share": 1.19,
            "book_valuer_per_share_4q_avg": 0.84,
            "equity": 2680488,
            "current_ratio": 126.7,
            "debt_ratio": 78.71,
            "inventory_turnover_ratio": 1.03,
            "account_receivable_turnover_ratio": 9.09,
            "reinvestment_rate": -352.38,
            "research_to_sale_ratio": 9.32,
            "price_fair": 0,
            "eps_avg_yearly": 0,
            "eps_latest_yearly": 0,
            "eps_growth_yearly": 0
        },
        "20164": {
            "year_quarter": 20164,
            "year": 2016,
            "quarter": 4,
            "eps": -0.05,
            "eps_growth_year": null,
            "eps_4q": -0.32,
            "eps_4q_growth_year": null,
            "roe": -5.9,
            "roe_4q": -49.34,
            "gross_profit": 435278,
            "gross_margin": 19.05,
            "gross_margin_4q_avg": 22.6,
            "net_income": -219469,
            "net_income_4q": null,
            "revenue": 2284631,
            "revenue_4q": null,
            "common_shares": 161,
            "book_valuer_per_share": 1.81,
            "book_valuer_per_share_4q_avg": 1.16,
            "equity": 4752911,
            "current_ratio": 107.43,
            "debt_ratio": 79.03,
            "inventory_turnover_ratio": 1.01,
            "account_receivable_turnover_ratio": 5.53,
            "reinvestment_rate": -678.88,
            "research_to_sale_ratio": 10.77,
            "price_fair": 0,
            "eps_avg_yearly": 0,
            "eps_latest_yearly": 0,
            "eps_growth_yearly": 0
        },
        "20171": {
            "year_quarter": 20171,
            "year": 2017,
            "quarter": 1,
            "eps": -0.14,
            "eps_growth_year": null,
            "eps_4q": -0.32,
            "eps_4q_growth_year": null,
            "roe": -8.16,
            "roe_4q": -30.020000000000003,
            "gross_profit": 667946,
            "gross_margin": 24.77,
            "gross_margin_4q_avg": 23.29,
            "net_income": -397181,
            "net_income_4q": null,
            "revenue": 2696270,
            "revenue_4q": null,
            "common_shares": 161,
            "book_valuer_per_share": 1.85,
            "book_valuer_per_share_4q_avg": 1.5,
            "equity": 4987719,
            "current_ratio": 112.53,
            "debt_ratio": 80.09,
            "inventory_turnover_ratio": 0.95,
            "account_receivable_turnover_ratio": 5.74,
            "reinvestment_rate": -608.02,
            "research_to_sale_ratio": 11.94,
            "price_fair": 0,
            "eps_avg_yearly": 0,
            "eps_latest_yearly": 0,
            "eps_growth_yearly": 0
        },
        "20172": {
            "year_quarter": 20172,
            "year": 2017,
            "quarter": 2,
            "eps": -0.14,
            "eps_growth_year": null,
            "eps_4q": -0.31,
            "eps_4q_growth_year": null,
            "roe": -7.95,
            "roe_4q": -21.169999999999998,
            "gross_profit": 666615,
            "gross_margin": 23.9,
            "gross_margin_4q_avg": 23.86,
            "net_income": -401427,
            "net_income_4q": null,
            "revenue": 2789557,
            "revenue_4q": null,
            "common_shares": 163,
            "book_valuer_per_share": 1.87,
            "book_valuer_per_share_4q_avg": 1.68,
            "equity": 5105752,
            "current_ratio": 97.14,
            "debt_ratio": 80.4,
            "inventory_turnover_ratio": 0.91,
            "account_receivable_turnover_ratio": 6.24,
            "reinvestment_rate": -569.08,
            "research_to_sale_ratio": 13.26,
            "price_fair": 0,
            "eps_avg_yearly": 0,
            "eps_latest_yearly": 0,
            "eps_growth_yearly": 0
        },
        "20173": {
            "year_quarter": 20173,
            "year": 2017,
            "quarter": 3,
            "eps": -0.25,
            "eps_growth_year": -2756.84,
            "eps_4q": -0.57,
            "eps_4q_growth_year": null,
            "roe": -13.67,
            "roe_4q": -35.68,
            "gross_profit": 449140,
            "gross_margin": 15.05,
            "gross_margin_4q_avg": 20.69,
            "net_income": -671163,
            "net_income_4q": null,
            "revenue": 2984675,
            "revenue_4q": null,
            "common_shares": 168,
            "book_valuer_per_share": 1.7,
            "book_valuer_per_share_4q_avg": 1.81,
            "equity": 4711480,
            "current_ratio": 109.27,
            "debt_ratio": 83.24,
            "inventory_turnover_ratio": 1.03,
            "account_receivable_turnover_ratio": 5.62,
            "reinvestment_rate": -494.02,
            "research_to_sale_ratio": 11.11,
            "price_fair": 0,
            "eps_avg_yearly": 0,
            "eps_latest_yearly": 0,
            "eps_growth_yearly": 0
        },
        "20174": {
            "year_quarter": 20174,
            "year": 2017,
            "quarter": 4,
            "eps": -0.55,
            "eps_growth_year": null,
            "eps_4q": -1.07,
            "eps_4q_growth_year": null,
            "roe": -33.38,
            "roe_4q": -63.16000000000001,
            "gross_profit": 438786,
            "gross_margin": 13.34,
            "gross_margin_4q_avg": 19.27,
            "net_income": -1493453,
            "net_income_4q": null,
            "revenue": 3288249,
            "revenue_4q": null,
            "common_shares": 169,
            "book_valuer_per_share": 1.51,
            "book_valuer_per_share_4q_avg": 1.73,
            "equity": 4237242,
            "current_ratio": 85.61,
            "debt_ratio": 85.21,
            "inventory_turnover_ratio": 1.2,
            "account_receivable_turnover_ratio": 5.86,
            "reinvestment_rate": -362.34,
            "research_to_sale_ratio": 10.78,
            "price_fair": 0,
            "eps_avg_yearly": 0,
            "eps_latest_yearly": 0,
            "eps_growth_yearly": 0
        },
        "20181": {
            "year_quarter": 20181,
            "year": 2018,
            "quarter": 1,
            "eps": -0.28,
            "eps_growth_year": null,
            "eps_4q": -1.22,
            "eps_4q_growth_year": null,
            "roe": -18.06,
            "roe_4q": -73.06,
            "gross_profit": 456526,
            "gross_margin": 13.39,
            "gross_margin_4q_avg": 16.42,
            "net_income": -784627,
            "net_income_4q": null,
            "revenue": 3408751,
            "revenue_4q": null,
            "common_shares": 170,
            "book_valuer_per_share": 1.59,
            "book_valuer_per_share_4q_avg": 1.67,
            "equity": 4450695,
            "current_ratio": 73.8,
            "debt_ratio": 83.68,
            "inventory_turnover_ratio": 1.22,
            "account_receivable_turnover_ratio": 5.84,
            "reinvestment_rate": -288.46,
            "research_to_sale_ratio": 10.77,
            "price_fair": 0,
            "eps_avg_yearly": 0,
            "eps_latest_yearly": 0,
            "eps_growth_yearly": 0
        },
        "20182": {
            "year_quarter": 20182,
            "year": 2018,
            "quarter": 2,
            "eps": -0.26,
            "eps_growth_year": null,
            "eps_4q": -1.34,
            "eps_4q_growth_year": null,
            "roe": -17.77,
            "roe_4q": -82.88000000000001,
            "gross_profit": 618930,
            "gross_margin": 15.46,
            "gross_margin_4q_avg": 14.31,
            "net_income": -742706,
            "net_income_4q": null,
            "revenue": 4002231,
            "revenue_4q": null,
            "common_shares": 170,
            "book_valuer_per_share": 1.38,
            "book_valuer_per_share_4q_avg": 1.55,
            "equity": 3906421,
            "current_ratio": 73.29,
            "debt_ratio": 86,
            "inventory_turnover_ratio": 1.15,
            "account_receivable_turnover_ratio": 6.55,
            "reinvestment_rate": -257.91,
            "research_to_sale_ratio": 9.65,
            "price_fair": 0,
            "eps_avg_yearly": 0,
            "eps_latest_yearly": 0,
            "eps_growth_yearly": 0
        },
        "20183": {
            "year_quarter": 20183,
            "year": 2018,
            "quarter": 3,
            "eps": 0.13,
            "eps_growth_year": null,
            "eps_4q": -0.96,
            "eps_4q_growth_year": null,
            "roe": 6.05,
            "roe_4q": -63.16,
            "gross_profit": 1523665,
            "gross_margin": 22.33,
            "gross_margin_4q_avg": 16.13,
            "net_income": 254673,
            "net_income_4q": null,
            "revenue": 6824413,
            "revenue_4q": null,
            "common_shares": 171,
            "book_valuer_per_share": 1.61,
            "book_valuer_per_share_4q_avg": 1.52,
            "equity": 4508838,
            "current_ratio": 81.03,
            "debt_ratio": 84.59,
            "inventory_turnover_ratio": 1.6,
            "account_receivable_turnover_ratio": 7.91,
            "reinvestment_rate": -262.06,
            "research_to_sale_ratio": 5.14,
            "price_fair": 0,
            "eps_avg_yearly": 0,
            "eps_latest_yearly": 0,
            "eps_growth_yearly": 0
        },
        "20184": {
            "year_quarter": 20184,
            "year": 2018,
            "quarter": 4,
            "eps": 0.06,
            "eps_growth_year": null,
            "eps_4q": -0.35,
            "eps_4q_growth_year": null,
            "roe": 4.45,
            "roe_4q": -25.33,
            "gross_profit": 1442900,
            "gross_margin": 19.97,
            "gross_margin_4q_avg": 17.79,
            "net_income": 210078,
            "net_income_4q": null,
            "revenue": 7225873,
            "revenue_4q": null,
            "common_shares": 173,
            "book_valuer_per_share": 1.77,
            "book_valuer_per_share_4q_avg": 1.59,
            "equity": 4923243,
            "current_ratio": 83.13,
            "debt_ratio": 83.45,
            "inventory_turnover_ratio": 1.8,
            "account_receivable_turnover_ratio": 6.87,
            "reinvestment_rate": -269.13,
            "research_to_sale_ratio": 4.93,
            "price_fair": 0.72,
            "eps_avg_yearly": 0.24,
            "eps_latest_yearly": 0.24,
            "eps_growth_yearly": -215.38
        },
        "20191": {
            "year_quarter": 20191,
            "year": 2019,
            "quarter": 1,
            "eps": -0.26,
            "eps_growth_year": null,
            "eps_4q": -0.33,
            "eps_4q_growth_year": null,
            "roe": -14.01,
            "roe_4q": -21.279999999999998,
            "gross_profit": 565743,
            "gross_margin": 12.46,
            "gross_margin_4q_avg": 17.56,
            "net_income": -667645,
            "net_income_4q": null,
            "revenue": 4541464,
            "revenue_4q": null,
            "common_shares": 174,
            "book_valuer_per_share": 1.63,
            "book_valuer_per_share_4q_avg": 1.6,
            "equity": 4605596,
            "current_ratio": 83.07,
            "debt_ratio": 84.07,
            "inventory_turnover_ratio": 1.14,
            "account_receivable_turnover_ratio": 4.55,
            "reinvestment_rate": -234.56,
            "research_to_sale_ratio": 7.49,
            "price_fair": 0.72,
            "eps_avg_yearly": 0.24,
            "eps_latest_yearly": 0.24,
            "eps_growth_yearly": -215.38
        },
        "20192": {
            "year_quarter": 20192,
            "year": 2019,
            "quarter": 2,
            "eps": -0.11,
            "eps_growth_year": null,
            "eps_4q": -0.19,
            "eps_4q_growth_year": null,
            "roe": -7.54,
            "roe_4q": -11.05,
            "gross_profit": 921046,
            "gross_margin": 14.51,
            "gross_margin_4q_avg": 17.32,
            "net_income": -389262,
            "net_income_4q": null,
            "revenue": 6349676,
            "revenue_4q": null,
            "common_shares": 179,
            "book_valuer_per_share": 1.95,
            "book_valuer_per_share_4q_avg": 1.74,
            "equity": 5715393,
            "current_ratio": 106.19,
            "debt_ratio": 82.07,
            "inventory_turnover_ratio": 1.5,
            "account_receivable_turnover_ratio": 5.79,
            "reinvestment_rate": -222.06,
            "research_to_sale_ratio": 5.1,
            "price_fair": 0.72,
            "eps_avg_yearly": 0.24,
            "eps_latest_yearly": 0.24,
            "eps_growth_yearly": -215.38
        },
        "20193": {
            "year_quarter": 20193,
            "year": 2019,
            "quarter": 3,
            "eps": 0.05,
            "eps_growth_year": -58.8,
            "eps_4q": -0.27,
            "eps_4q_growth_year": null,
            "roe": 2.55,
            "roe_4q": -14.55,
            "gross_profit": 1191000,
            "gross_margin": 18.9,
            "gross_margin_4q_avg": 16.46,
            "net_income": 150000,
            "net_income_4q": null,
            "revenue": 6303000,
            "revenue_4q": null,
            "common_shares": 180,
            "book_valuer_per_share": 2.04,
            "book_valuer_per_share_4q_avg": 1.85,
            "equity": 6040000,
            "current_ratio": 107.83,
            "debt_ratio": 81.58,
            "inventory_turnover_ratio": 1.47,
            "account_receivable_turnover_ratio": 5.54,
            "reinvestment_rate": -227.86,
            "research_to_sale_ratio": 5.3,
            "price_fair": 0.72,
            "eps_avg_yearly": 0.24,
            "eps_latest_yearly": 0.24,
            "eps_growth_yearly": -215.38
        },
        "20194": {
            "year_quarter": 20194,
            "year": 2019,
            "quarter": 4,
            "eps": 0.04,
            "eps_growth_year": -36.59,
            "eps_4q": -0.29,
            "eps_4q_growth_year": null,
            "roe": 2.09,
            "roe_4q": -16.91,
            "gross_profit": 1391000,
            "gross_margin": 18.84,
            "gross_margin_4q_avg": 16.18,
            "net_income": 132000,
            "net_income_4q": null,
            "revenue": 7384000,
            "revenue_4q": null,
            "common_shares": 181,
            "book_valuer_per_share": 2.24,
            "book_valuer_per_share_4q_avg": 1.97,
            "equity": 6618000,
            "current_ratio": 113.46,
            "debt_ratio": 80.71,
            "inventory_turnover_ratio": 1.68,
            "account_receivable_turnover_ratio": 6.02,
            "reinvestment_rate": -241.37,
            "research_to_sale_ratio": 4.67,
            "price_fair": 0.6,
            "eps_avg_yearly": 0.2,
            "eps_latest_yearly": 0.16,
            "eps_growth_yearly": -147.69
        },
        "20201": {
            "year_quarter": 20201,
            "year": 2020,
            "quarter": 1,
            "eps": 0.01,
            "eps_growth_year": null,
            "eps_4q": -0.02,
            "eps_4q_growth_year": null,
            "roe": 0.86,
            "roe_4q": -2.04,
            "gross_profit": 1234000,
            "gross_margin": 20.62,
            "gross_margin_4q_avg": 18.22,
            "net_income": 68000,
            "net_income_4q": null,
            "revenue": 5985000,
            "revenue_4q": null,
            "common_shares": 185,
            "book_valuer_per_share": 3.12,
            "book_valuer_per_share_4q_avg": 2.34,
            "equity": 9173000,
            "current_ratio": 124.25,
            "debt_ratio": 75.37,
            "inventory_turnover_ratio": 1.18,
            "account_receivable_turnover_ratio": 4.61,
            "reinvestment_rate": -251.29,
            "research_to_sale_ratio": 5.41,
            "price_fair": 0.44,
            "eps_avg_yearly": 0.15,
            "eps_latest_yearly": 0.04,
            "eps_growth_yearly": -198.46
        },
        "20202": {
            "year_quarter": 20202,
            "year": 2020,
            "quarter": 2,
            "eps": 0.03,
            "eps_growth_year": null,
            "eps_4q": 0.13,
            "eps_4q_growth_year": null,
            "roe": 1.36,
            "roe_4q": 6.86,
            "gross_profit": 1267000,
            "gross_margin": 20.99,
            "gross_margin_4q_avg": 19.84,
            "net_income": 129000,
            "net_income_4q": null,
            "revenue": 6036000,
            "revenue_4q": null,
            "common_shares": 186,
            "book_valuer_per_share": 3.35,
            "book_valuer_per_share_4q_avg": 2.69,
            "equity": 9855000,
            "current_ratio": 124.99,
            "debt_ratio": 74.16,
            "inventory_turnover_ratio": 1.12,
            "account_receivable_turnover_ratio": 4.38,
            "reinvestment_rate": -266.98,
            "research_to_sale_ratio": 4.62,
            "price_fair": 4.9,
            "eps_avg_yearly": 0.14,
            "eps_latest_yearly": 0.12,
            "eps_growth_yearly": 51.15
        },
        "20203": {
            "year_quarter": 20203,
            "year": 2020,
            "quarter": 3,
            "eps": 0.09,
            "eps_growth_year": 74.68,
            "eps_4q": 0.16,
            "eps_4q_growth_year": null,
            "roe": 2.85,
            "roe_4q": 7.16,
            "gross_profit": 2063000,
            "gross_margin": 23.52,
            "gross_margin_4q_avg": 20.99,
            "net_income": 369000,
            "net_income_4q": null,
            "revenue": 8771000,
            "revenue_4q": null,
            "common_shares": 1000,
            "book_valuer_per_share": 5.45,
            "book_valuer_per_share_4q_avg": 3.54,
            "equity": 16031000,
            "current_ratio": 163.46,
            "debt_ratio": 64.91,
            "inventory_turnover_ratio": 1.63,
            "account_receivable_turnover_ratio": 5.41,
            "reinvestment_rate": -148.43,
            "research_to_sale_ratio": 4.17,
            "price_fair": 6.44,
            "eps_avg_yearly": 0.18,
            "eps_latest_yearly": 0.36,
            "eps_growth_yearly": 200.92
        },
        "20204": {
            "year_quarter": 20204,
            "year": 2020,
            "quarter": 4,
            "eps": 0.08,
            "eps_growth_year": 119.37,
            "eps_4q": 0.21,
            "eps_4q_growth_year": null,
            "roe": 1.55,
            "roe_4q": 6.620000000000001,
            "gross_profit": 2066000,
            "gross_margin": 19.23,
            "gross_margin_4q_avg": 21.09,
            "net_income": 296000,
            "net_income_4q": null,
            "revenue": 10744000,
            "revenue_4q": null,
            "common_shares": 1000,
            "book_valuer_per_share": 7.54,
            "book_valuer_per_share_4q_avg": 4.87,
            "equity": 22225000,
            "current_ratio": 187.51,
            "debt_ratio": 57.38,
            "inventory_turnover_ratio": 2.09,
            "account_receivable_turnover_ratio": 5.9,
            "reinvestment_rate": -168.61,
            "research_to_sale_ratio": 4.86,
            "price_fair": 7.23,
            "eps_avg_yearly": 0.21,
            "eps_latest_yearly": 0.32,
            "eps_growth_yearly": 160.03
        },
        "20211": {
            "year_quarter": 20211,
            "year": 2021,
            "quarter": 1,
            "eps": 0.14,
            "eps_growth_year": 2433.21,
            "eps_4q": 0.34,
            "eps_4q_growth_year": null,
            "roe": 2.05,
            "roe_4q": 7.81,
            "gross_profit": 2215000,
            "gross_margin": 21.32,
            "gross_margin_4q_avg": 21.27,
            "net_income": 464000,
            "net_income_4q": null,
            "revenue": 10389000,
            "revenue_4q": null,
            "common_shares": 1000,
            "book_valuer_per_share": 7.79,
            "book_valuer_per_share_4q_avg": 6.03,
            "equity": 23017000,
            "current_ratio": 166.06,
            "debt_ratio": 56.55,
            "inventory_turnover_ratio": 1.99,
            "account_receivable_turnover_ratio": 5.5,
            "reinvestment_rate": -257.43,
            "research_to_sale_ratio": 6.41,
            "price_fair": 9,
            "eps_avg_yearly": 0.26,
            "eps_latest_yearly": 0.56,
            "eps_growth_yearly": 180.02
        },
        "20212": {
            "year_quarter": 20212,
            "year": 2021,
            "quarter": 2,
            "eps": 0.35,
            "eps_growth_year": 934.4,
            "eps_4q": 0.65,
            "eps_4q_growth_year": 415.63,
            "roe": 4.93,
            "roe_4q": 11.379999999999999,
            "gross_profit": 2884000,
            "gross_margin": 24.12,
            "gross_margin_4q_avg": 22.05,
            "net_income": 1178000,
            "net_income_4q": null,
            "revenue": 11958000,
            "revenue_4q": null,
            "common_shares": 1000,
            "book_valuer_per_share": 8.24,
            "book_valuer_per_share_4q_avg": 7.26,
            "equity": 24804000,
            "current_ratio": 150.83,
            "debt_ratio": 55.02,
            "inventory_turnover_ratio": 2.05,
            "account_receivable_turnover_ratio": 5.95,
            "reinvestment_rate": -625.72,
            "research_to_sale_ratio": 4.82,
            "price_fair": 14,
            "eps_avg_yearly": 0.4,
            "eps_latest_yearly": 1.4,
            "eps_growth_yearly": 232.52
        },
        "20213": {
            "year_quarter": 20213,
            "year": 2021,
            "quarter": 3,
            "eps": 0.49,
            "eps_growth_year": 445.41,
            "eps_4q": 1.05,
            "eps_4q_growth_year": 539.12,
            "roe": 6.4,
            "roe_4q": 14.93,
            "gross_profit": 3660000,
            "gross_margin": 26.6,
            "gross_margin_4q_avg": 22.82,
            "net_income": 1659000,
            "net_income_4q": null,
            "revenue": 13757000,
            "revenue_4q": null,
            "common_shares": 1000,
            "book_valuer_per_share": 8.83,
            "book_valuer_per_share_4q_avg": 8.1,
            "equity": 27053000,
            "current_ratio": 138.51,
            "debt_ratio": 53.22,
            "inventory_turnover_ratio": 2.03,
            "account_receivable_turnover_ratio": 6.73,
            "reinvestment_rate": 989.1,
            "research_to_sale_ratio": 4.44,
            "price_fair": 20.07,
            "eps_avg_yearly": 0.57,
            "eps_latest_yearly": 1.96,
            "eps_growth_yearly": 224.46
        },
        "20214": {
            "year_quarter": 20214,
            "year": 2021,
            "quarter": 4,
            "eps": 0.69,
            "eps_growth_year": 787.1,
            "eps_4q": 1.67,
            "eps_4q_growth_year": 704.28,
            "roe": 8.19,
            "roe_4q": 21.57,
            "gross_profit": 4847000,
            "gross_margin": 27.35,
            "gross_margin_4q_avg": 24.85,
            "net_income": 2343000,
            "net_income_4q": null,
            "revenue": 17719000,
            "revenue_4q": null,
            "common_shares": 1000,
            "book_valuer_per_share": 9.59,
            "book_valuer_per_share_4q_avg": 8.61,
            "equity": 30189000,
            "current_ratio": 137.53,
            "debt_ratio": 51.41,
            "inventory_turnover_ratio": 2.35,
            "account_receivable_turnover_ratio": 9.15,
            "reinvestment_rate": 267.16,
            "research_to_sale_ratio": 4.18,
            "price_fair": 27.72,
            "eps_avg_yearly": 0.79,
            "eps_latest_yearly": 2.76,
            "eps_growth_yearly": 218.34
        },
        "20221": {
            "year_quarter": 20221,
            "year": 2022,
            "quarter": 1,
            "eps": 0.95,
            "eps_growth_year": 602.95,
            "eps_4q": 2.49,
            "eps_4q_growth_year": 636.1,
            "roe": 10.21,
            "roe_4q": 29.729999999999997,
            "gross_profit": 5460000,
            "gross_margin": 29.11,
            "gross_margin_4q_avg": 26.8,
            "net_income": 3280000,
            "net_income_4q": null,
            "revenue": 18756000,
            "revenue_4q": null,
            "common_shares": 1000,
            "book_valuer_per_share": 10.82,
            "book_valuer_per_share_4q_avg": 9.37,
            "equity": 34085000,
            "current_ratio": 135.4,
            "debt_ratio": 48.39,
            "inventory_turnover_ratio": 2.14,
            "account_receivable_turnover_ratio": 8.88,
            "reinvestment_rate": 157.79,
            "research_to_sale_ratio": 4.61,
            "price_fair": 37.29,
            "eps_avg_yearly": 1.07,
            "eps_latest_yearly": 3.8,
            "eps_growth_yearly": 212.2
        },
        "20222": {
            "year_quarter": 20222,
            "year": 2022,
            "quarter": 2,
            "eps": 0.71,
            "eps_growth_year": 103.68,
            "eps_4q": 2.84,
            "eps_4q_growth_year": 337.26,
            "roe": 6.44,
            "roe_4q": 31.240000000000002,
            "gross_profit": 4234000,
            "gross_margin": 25,
            "gross_margin_4q_avg": 27.02,
            "net_income": 2269000,
            "net_income_4q": null,
            "revenue": 16934000,
            "revenue_4q": null,
            "common_shares": 1000,
            "book_valuer_per_share": 11.44,
            "book_valuer_per_share_4q_avg": 10.17,
            "equity": 36376000,
            "current_ratio": 143.08,
            "debt_ratio": 46.91,
            "inventory_turnover_ratio": 1.72,
            "account_receivable_turnover_ratio": 7.71,
            "reinvestment_rate": 116.92,
            "research_to_sale_ratio": 3.94,
            "price_fair": 42.47,
            "eps_avg_yearly": 1.21,
            "eps_latest_yearly": 2.84,
            "eps_growth_yearly": 186.09
        },
        "20223": {
            "year_quarter": 20223,
            "year": 2022,
            "quarter": 3,
            "eps": 0.95,
            "eps_growth_year": 93.01,
            "eps_4q": 3.3,
            "eps_4q_growth_year": 213.55,
            "roe": 8.74,
            "roe_4q": 33.58,
            "gross_profit": 5382000,
            "gross_margin": 25.09,
            "gross_margin_4q_avg": 26.64,
            "net_income": 3331000,
            "net_income_4q": null,
            "revenue": 21454000,
            "revenue_4q": null,
            "common_shares": 3000,
            "book_valuer_per_share": 12.42,
            "book_valuer_per_share_4q_avg": 11.07,
            "equity": 39851000,
            "current_ratio": 146.24,
            "debt_ratio": 46.46,
            "inventory_turnover_ratio": 1.74,
            "account_receivable_turnover_ratio": 10.04,
            "reinvestment_rate": 98.69,
            "research_to_sale_ratio": 3.42,
            "price_fair": 49.43,
            "eps_avg_yearly": 1.41,
            "eps_latest_yearly": 3.8,
            "eps_growth_yearly": 182.18
        },
        "20224": {
            "year_quarter": 20224,
            "year": 2022,
            "quarter": 4,
            "eps": 1.08,
            "eps_growth_year": 56.13,
            "eps_4q": 3.69,
            "eps_4q_growth_year": 121.47,
            "roe": 8.77,
            "roe_4q": 34.16,
            "gross_profit": 5777000,
            "gross_margin": 23.76,
            "gross_margin_4q_avg": 25.74,
            "net_income": 3707000,
            "net_income_4q": null,
            "revenue": 24318000,
            "revenue_4q": null,
            "common_shares": 3000,
            "book_valuer_per_share": 13.94,
            "book_valuer_per_share_4q_avg": 12.16,
            "equity": 44704000,
            "current_ratio": 153.2,
            "debt_ratio": 45.71,
            "inventory_turnover_ratio": 1.6,
            "account_receivable_turnover_ratio": 9.45,
            "reinvestment_rate": 93.58,
            "research_to_sale_ratio": 3.33,
            "price_fair": 60.42,
            "eps_avg_yearly": 1.73,
            "eps_latest_yearly": 4.32,
            "eps_growth_yearly": 202.96
        },
        "20231": {
            "year_quarter": 20231,
            "year": 2023,
            "quarter": 1,
            "eps": 0.73,
            "eps_growth_year": -23.93,
            "eps_4q": 3.46,
            "eps_4q_growth_year": 39.34,
            "roe": 5.47,
            "roe_4q": 29.419999999999998,
            "gross_profit": 4511000,
            "gross_margin": 19.34,
            "gross_margin_4q_avg": 23.3,
            "net_income": 2539000,
            "net_income_4q": null,
            "revenue": 23329000,
            "revenue_4q": null,
            "common_shares": 3000,
            "book_valuer_per_share": 14.98,
            "book_valuer_per_share_4q_avg": 13.2,
            "equity": 48054000,
            "current_ratio": 156.72,
            "debt_ratio": 44.66,
            "inventory_turnover_ratio": 1.38,
            "account_receivable_turnover_ratio": 7.62,
            "reinvestment_rate": 87.93,
            "research_to_sale_ratio": 3.3,
            "price_fair": 63.4,
            "eps_avg_yearly": 1.81,
            "eps_latest_yearly": 2.92,
            "eps_growth_yearly": 179.2
        },
        "20232": {
            "year_quarter": 20232,
            "year": 2023,
            "quarter": 2,
            "eps": 0.78,
            "eps_growth_year": 10.14,
            "eps_4q": 3.54,
            "eps_4q_growth_year": 24.26,
            "roe": 5.27,
            "roe_4q": 28.25,
            "gross_profit": 4533000,
            "gross_margin": 18.19,
            "gross_margin_4q_avg": 21.6,
            "net_income": 2614000,
            "net_income_4q": null,
            "revenue": 24927000,
            "revenue_4q": null,
            "common_shares": 3000,
            "book_valuer_per_share": 15.9,
            "book_valuer_per_share_4q_avg": 14.31,
            "equity": 51130000,
            "current_ratio": 159.01,
            "debt_ratio": 43.56,
            "inventory_turnover_ratio": 1.42,
            "account_receivable_turnover_ratio": 7.33,
            "reinvestment_rate": 86.24,
            "research_to_sale_ratio": 3.78,
            "price_fair": 66.45,
            "eps_avg_yearly": 1.9,
            "eps_latest_yearly": 3.12,
            "eps_growth_yearly": 169.08
        },
        "20233": {
            "year_quarter": 20233,
            "year": 2023,
            "quarter": 3,
            "eps": 0.53,
            "eps_growth_year": -44.38,
            "eps_4q": 3.11,
            "eps_4q_growth_year": -5.8,
            "roe": 3.59,
            "roe_4q": 23.099999999999998,
            "gross_profit": 4178000,
            "gross_margin": 17.89,
            "gross_margin_4q_avg": 19.8,
            "net_income": 1878000,
            "net_income_4q": null,
            "revenue": 23350000,
            "revenue_4q": null,
            "common_shares": 3000,
            "book_valuer_per_share": 16.62,
            "book_valuer_per_share_4q_avg": 15.36,
            "equity": 53466000,
            "current_ratio": 169.02,
            "debt_ratio": 43.09,
            "inventory_turnover_ratio": 1.37,
            "account_receivable_turnover_ratio": 7.38,
            "reinvestment_rate": 85.14,
            "research_to_sale_ratio": 4.97,
            "price_fair": 66.94,
            "eps_avg_yearly": 1.91,
            "eps_latest_yearly": 2.12,
            "eps_growth_yearly": 150.5
        }
    },
    "months": {
        "2010-06": {
            "month": "2010-06",
            "price": "1.59",
            "revenue": 0
        },
        "2010-07": {
            "month": "2010-07",
            "price": "1.30",
            "revenue": 0
        },
        "2010-08": {
            "month": "2010-08",
            "price": "1.30",
            "revenue": 0
        },
        "2010-09": {
            "month": "2010-09",
            "price": "1.38",
            "revenue": 0
        },
        "2010-10": {
            "month": "2010-10",
            "price": "1.38",
            "revenue": 0
        },
        "2010-11": {
            "month": "2010-11",
            "price": "1.94",
            "revenue": 0
        },
        "2010-12": {
            "month": "2010-12",
            "price": "2.02",
            "revenue": 0
        },
        "2011-01": {
            "month": "2011-01",
            "price": "1.71",
            "revenue": 0
        },
        "2011-02": {
            "month": "2011-02",
            "price": "1.56",
            "revenue": 0
        },
        "2011-03": {
            "month": "2011-03",
            "price": "1.58",
            "revenue": 0
        },
        "2011-04": {
            "month": "2011-04",
            "price": "1.74",
            "revenue": 0
        },
        "2011-05": {
            "month": "2011-05",
            "price": "1.84",
            "revenue": 0
        },
        "2011-06": {
            "month": "2011-06",
            "price": "1.86",
            "revenue": 0
        },
        "2011-07": {
            "month": "2011-07",
            "price": "1.89",
            "revenue": 0
        },
        "2011-08": {
            "month": "2011-08",
            "price": "1.65",
            "revenue": 0
        },
        "2011-09": {
            "month": "2011-09",
            "price": "1.64",
            "revenue": 0
        },
        "2011-10": {
            "month": "2011-10",
            "price": "1.83",
            "revenue": 0
        },
        "2011-11": {
            "month": "2011-11",
            "price": "2.14",
            "revenue": 0
        },
        "2011-12": {
            "month": "2011-12",
            "price": "2.00",
            "revenue": 0
        },
        "2012-01": {
            "month": "2012-01",
            "price": "1.83",
            "revenue": 0
        },
        "2012-02": {
            "month": "2012-02",
            "price": "2.18",
            "revenue": 0
        },
        "2012-03": {
            "month": "2012-03",
            "price": "2.35",
            "revenue": 0
        },
        "2012-04": {
            "month": "2012-04",
            "price": "2.23",
            "revenue": 0
        },
        "2012-05": {
            "month": "2012-05",
            "price": "2.05",
            "revenue": 0
        },
        "2012-06": {
            "month": "2012-06",
            "price": "2.04",
            "revenue": 0
        },
        "2012-07": {
            "month": "2012-07",
            "price": "2.07",
            "revenue": 0
        },
        "2012-08": {
            "month": "2012-08",
            "price": "1.94",
            "revenue": 0
        },
        "2012-09": {
            "month": "2012-09",
            "price": "1.95",
            "revenue": 0
        },
        "2012-10": {
            "month": "2012-10",
            "price": "1.89",
            "revenue": 0
        },
        "2012-11": {
            "month": "2012-11",
            "price": "2.12",
            "revenue": 0
        },
        "2012-12": {
            "month": "2012-12",
            "price": "2.28",
            "revenue": 0
        },
        "2013-01": {
            "month": "2013-01",
            "price": "2.35",
            "revenue": 0
        },
        "2013-02": {
            "month": "2013-02",
            "price": "2.49",
            "revenue": 0
        },
        "2013-03": {
            "month": "2013-03",
            "price": "2.47",
            "revenue": 0
        },
        "2013-04": {
            "month": "2013-04",
            "price": "3.08",
            "revenue": 0
        },
        "2013-05": {
            "month": "2013-05",
            "price": "5.43",
            "revenue": 0
        },
        "2013-06": {
            "month": "2013-06",
            "price": "6.70",
            "revenue": 0
        },
        "2013-07": {
            "month": "2013-07",
            "price": "8.21",
            "revenue": 0
        },
        "2013-08": {
            "month": "2013-08",
            "price": "10.03",
            "revenue": 0
        },
        "2013-09": {
            "month": "2013-09",
            "price": "11.60",
            "revenue": 0
        },
        "2013-10": {
            "month": "2013-10",
            "price": "11.65",
            "revenue": 0
        },
        "2013-11": {
            "month": "2013-11",
            "price": "9.15",
            "revenue": 0
        },
        "2013-12": {
            "month": "2013-12",
            "price": "9.65",
            "revenue": 0
        },
        "2014-01": {
            "month": "2014-01",
            "price": "10.94",
            "revenue": 0
        },
        "2014-02": {
            "month": "2014-02",
            "price": "13.73",
            "revenue": 0
        },
        "2014-03": {
            "month": "2014-03",
            "price": "15.54",
            "revenue": 0
        },
        "2014-04": {
            "month": "2014-04",
            "price": "13.89",
            "revenue": 0
        },
        "2014-05": {
            "month": "2014-05",
            "price": "13.31",
            "revenue": 0
        },
        "2014-06": {
            "month": "2014-06",
            "price": "14.64",
            "revenue": 0
        },
        "2014-07": {
            "month": "2014-07",
            "price": "14.88",
            "revenue": 0
        },
        "2014-08": {
            "month": "2014-08",
            "price": "17.04",
            "revenue": 0
        },
        "2014-09": {
            "month": "2014-09",
            "price": "17.66",
            "revenue": 0
        },
        "2014-10": {
            "month": "2014-10",
            "price": "15.96",
            "revenue": 0
        },
        "2014-11": {
            "month": "2014-11",
            "price": "16.44",
            "revenue": 0
        },
        "2014-12": {
            "month": "2014-12",
            "price": "14.58",
            "revenue": 0
        },
        "2015-01": {
            "month": "2015-01",
            "price": "13.55",
            "revenue": 0
        },
        "2015-02": {
            "month": "2015-02",
            "price": "14.04",
            "revenue": 0
        },
        "2015-03": {
            "month": "2015-03",
            "price": "12.98",
            "revenue": 0
        },
        "2015-04": {
            "month": "2015-04",
            "price": "14.11",
            "revenue": 0
        },
        "2015-05": {
            "month": "2015-05",
            "price": "16.15",
            "revenue": 0
        },
        "2015-06": {
            "month": "2015-06",
            "price": "17.13",
            "revenue": 0
        },
        "2015-07": {
            "month": "2015-07",
            "price": "17.77",
            "revenue": 0
        },
        "2015-08": {
            "month": "2015-08",
            "price": "16.30",
            "revenue": 0
        },
        "2015-09": {
            "month": "2015-09",
            "price": "16.86",
            "revenue": 0
        },
        "2015-10": {
            "month": "2015-10",
            "price": "14.80",
            "revenue": 0
        },
        "2015-11": {
            "month": "2015-11",
            "price": "14.73",
            "revenue": 0
        },
        "2015-12": {
            "month": "2015-12",
            "price": "15.34",
            "revenue": 0
        },
        "2016-01": {
            "month": "2016-01",
            "price": "13.64",
            "revenue": 0
        },
        "2016-02": {
            "month": "2016-02",
            "price": "11.31",
            "revenue": 0
        },
        "2016-03": {
            "month": "2016-03",
            "price": "14.41",
            "revenue": 0
        },
        "2016-04": {
            "month": "2016-04",
            "price": "16.73",
            "revenue": 0
        },
        "2016-05": {
            "month": "2016-05",
            "price": "14.44",
            "revenue": 0
        },
        "2016-06": {
            "month": "2016-06",
            "price": "14.32",
            "revenue": 0
        },
        "2016-07": {
            "month": "2016-07",
            "price": "14.89",
            "revenue": 0
        },
        "2016-08": {
            "month": "2016-08",
            "price": "14.92",
            "revenue": 0
        },
        "2016-09": {
            "month": "2016-09",
            "price": "13.48",
            "revenue": 0
        },
        "2016-10": {
            "month": "2016-10",
            "price": "13.45",
            "revenue": 0
        },
        "2016-11": {
            "month": "2016-11",
            "price": "12.61",
            "revenue": 0
        },
        "2016-12": {
            "month": "2016-12",
            "price": "13.37",
            "revenue": 0
        },
        "2017-01": {
            "month": "2017-01",
            "price": "15.95",
            "revenue": 0
        },
        "2017-02": {
            "month": "2017-02",
            "price": "17.58",
            "revenue": 0
        },
        "2017-03": {
            "month": "2017-03",
            "price": "17.21",
            "revenue": 0
        },
        "2017-04": {
            "month": "2017-04",
            "price": "20.32",
            "revenue": 0
        },
        "2017-05": {
            "month": "2017-05",
            "price": "21.10",
            "revenue": 0
        },
        "2017-06": {
            "month": "2017-06",
            "price": "24.39",
            "revenue": 0
        },
        "2017-07": {
            "month": "2017-07",
            "price": "21.92",
            "revenue": 0
        },
        "2017-08": {
            "month": "2017-08",
            "price": "23.39",
            "revenue": 0
        },
        "2017-09": {
            "month": "2017-09",
            "price": "23.86",
            "revenue": 0
        },
        "2017-10": {
            "month": "2017-10",
            "price": "22.98",
            "revenue": 0
        },
        "2017-11": {
            "month": "2017-11",
            "price": "20.68",
            "revenue": 0
        },
        "2017-12": {
            "month": "2017-12",
            "price": "21.52",
            "revenue": 0
        },
        "2018-01": {
            "month": "2018-01",
            "price": "22.57",
            "revenue": 0
        },
        "2018-02": {
            "month": "2018-02",
            "price": "22.39",
            "revenue": 0
        },
        "2018-03": {
            "month": "2018-03",
            "price": "21.07",
            "revenue": 0
        },
        "2018-04": {
            "month": "2018-04",
            "price": "19.32",
            "revenue": 0
        },
        "2018-05": {
            "month": "2018-05",
            "price": "19.32",
            "revenue": 0
        },
        "2018-06": {
            "month": "2018-06",
            "price": "22.37",
            "revenue": 0
        },
        "2018-07": {
            "month": "2018-07",
            "price": "20.80",
            "revenue": 0
        },
        "2018-08": {
            "month": "2018-08",
            "price": "22.08",
            "revenue": 0
        },
        "2018-09": {
            "month": "2018-09",
            "price": "19.34",
            "revenue": 0
        },
        "2018-10": {
            "month": "2018-10",
            "price": "19.00",
            "revenue": 0
        },
        "2018-11": {
            "month": "2018-11",
            "price": "22.97",
            "revenue": 0
        },
        "2018-12": {
            "month": "2018-12",
            "price": "22.94",
            "revenue": 0
        },
        "2019-01": {
            "month": "2019-01",
            "price": "21.23",
            "revenue": 0
        },
        "2019-02": {
            "month": "2019-02",
            "price": "20.52",
            "revenue": 0
        },
        "2019-03": {
            "month": "2019-03",
            "price": "18.52",
            "revenue": 0
        },
        "2019-04": {
            "month": "2019-04",
            "price": "17.78",
            "revenue": 0
        },
        "2019-05": {
            "month": "2019-05",
            "price": "14.65",
            "revenue": 0
        },
        "2019-06": {
            "month": "2019-06",
            "price": "14.25",
            "revenue": 0
        },
        "2019-07": {
            "month": "2019-07",
            "price": "16.16",
            "revenue": 0
        },
        "2019-08": {
            "month": "2019-08",
            "price": "15.01",
            "revenue": 0
        },
        "2019-09": {
            "month": "2019-09",
            "price": "15.82",
            "revenue": 0
        },
        "2019-10": {
            "month": "2019-10",
            "price": "17.76",
            "revenue": 0
        },
        "2019-11": {
            "month": "2019-11",
            "price": "22.55",
            "revenue": 0
        },
        "2019-12": {
            "month": "2019-12",
            "price": "25.18",
            "revenue": 0
        },
        "2020-01": {
            "month": "2020-01",
            "price": "35.24",
            "revenue": 0
        },
        "2020-02": {
            "month": "2020-02",
            "price": "53.16",
            "revenue": 0
        },
        "2020-03": {
            "month": "2020-03",
            "price": "37.27",
            "revenue": 0
        },
        "2020-04": {
            "month": "2020-04",
            "price": "44.24",
            "revenue": 0
        },
        "2020-05": {
            "month": "2020-05",
            "price": "53.30",
            "revenue": 0
        },
        "2020-06": {
            "month": "2020-06",
            "price": "64.24",
            "revenue": 0
        },
        "2020-07": {
            "month": "2020-07",
            "price": "97.34",
            "revenue": 0
        },
        "2020-08": {
            "month": "2020-08",
            "price": "120.02",
            "revenue": 0
        },
        "2020-09": {
            "month": "2020-09",
            "price": "137.83",
            "revenue": 0
        },
        "2020-10": {
            "month": "2020-10",
            "price": "142.40",
            "revenue": 0
        },
        "2020-11": {
            "month": "2020-11",
            "price": "155.20",
            "revenue": 0
        },
        "2020-12": {
            "month": "2020-12",
            "price": "212.94",
            "revenue": 0
        },
        "2021-01": {
            "month": "2021-01",
            "price": "276.26",
            "revenue": 0
        },
        "2021-02": {
            "month": "2021-02",
            "price": "264.76",
            "revenue": 0
        },
        "2021-03": {
            "month": "2021-03",
            "price": "218.93",
            "revenue": 0
        },
        "2021-04": {
            "month": "2021-04",
            "price": "236.54",
            "revenue": 0
        },
        "2021-05": {
            "month": "2021-05",
            "price": "205.58",
            "revenue": 0
        },
        "2021-06": {
            "month": "2021-06",
            "price": "208.97",
            "revenue": 0
        },
        "2021-07": {
            "month": "2021-07",
            "price": "219.71",
            "revenue": 0
        },
        "2021-08": {
            "month": "2021-08",
            "price": "235.08",
            "revenue": 0
        },
        "2021-09": {
            "month": "2021-09",
            "price": "251.32",
            "revenue": 0
        },
        "2021-10": {
            "month": "2021-10",
            "price": "292.78",
            "revenue": 0
        },
        "2021-11": {
            "month": "2021-11",
            "price": "373.55",
            "revenue": 0
        },
        "2021-12": {
            "month": "2021-12",
            "price": "339.63",
            "revenue": 0
        },
        "2022-01": {
            "month": "2022-01",
            "price": "336.72",
            "revenue": 0
        },
        "2022-02": {
            "month": "2022-02",
            "price": "292.96",
            "revenue": 0
        },
        "2022-03": {
            "month": "2022-03",
            "price": "304.79",
            "revenue": 0
        },
        "2022-04": {
            "month": "2022-04",
            "price": "332.46",
            "revenue": 0
        },
        "2022-05": {
            "month": "2022-05",
            "price": "255.22",
            "revenue": 0
        },
        "2022-06": {
            "month": "2022-06",
            "price": "234.03",
            "revenue": 0
        },
        "2022-07": {
            "month": "2022-07",
            "price": "251.39",
            "revenue": 0
        },
        "2022-08": {
            "month": "2022-08",
            "price": "294.87",
            "revenue": 0
        },
        "2022-09": {
            "month": "2022-09",
            "price": "288.73",
            "revenue": 0
        },
        "2022-10": {
            "month": "2022-10",
            "price": "223.81",
            "revenue": 0
        },
        "2022-11": {
            "month": "2022-11",
            "price": "191.25",
            "revenue": 0
        },
        "2022-12": {
            "month": "2022-12",
            "price": "152.97",
            "revenue": 0
        },
        "2023-01": {
            "month": "2023-01",
            "price": "134.20",
            "revenue": 0
        },
        "2023-02": {
            "month": "2023-02",
            "price": "199.78",
            "revenue": 0
        },
        "2023-03": {
            "month": "2023-03",
            "price": "188.52",
            "revenue": 0
        },
        "2023-04": {
            "month": "2023-04",
            "price": "176.96",
            "revenue": 0
        },
        "2023-05": {
            "month": "2023-05",
            "price": "175.80",
            "revenue": 0
        },
        "2023-06": {
            "month": "2023-06",
            "price": "246.09",
            "revenue": 0
        },
        "2023-07": {
            "month": "2023-07",
            "price": "273.51",
            "revenue": 0
        },
        "2023-08": {
            "month": "2023-08",
            "price": "242.33",
            "revenue": 0
        },
        "2023-09": {
            "month": "2023-09",
            "price": "256.97",
            "revenue": 0
        },
        "2023-10": {
            "month": "2023-10",
            "price": "236.91",
            "revenue": 0
        },
        "2023-11": {
            "month": "2023-11",
            "price": "229.41",
            "revenue": 0
        },
        "2023-12": {
            "month": "2023-12",
            "price": "247.14",
            "revenue": 0
        }
    }
}
