{
    "summary": {
        "stock_name": "Texas Instruments Inc",
        "stock_id": "TXN",
        "category": "Computer and Technology",
        "main_business": "德州儀器公司設計和製造半導體，並將其銷售給世界各地的電子設計師和製造商。公司於1930年開始營業。公司註冊於特拉華州，總部位於德克薩斯州達拉斯，在35個國家設有設計、製造或銷售業務。公司的兩個主要業務是模擬和嵌入式處理。",
        "website_url": "https://www.ti.com/",
        "ceo": "Haviv Ilan",
        "pe_ratio": 19,
        "report_year_from": 1993,
        "report_year_to": 2023,
        "age": 30,
        "eps_negative_percentage": 9,
        "eps_growth_avg": {
            "last_all": 18.15,
            "last_2y": 23.35,
            "last_4y": 23.08,
            "last_8y": 21.89,
            "last_12y": 20.23,
            "last_16y": 15.77,
            "last_20y": 18.15,
            "at_2006_last_3y": 35.89,
            "at_2007_last_3y": 28.83,
            "at_2008_last_3y": 11.14,
            "at_2009_last_3y": 1.28,
            "at_2010_last_3y": 18.58,
            "at_2011_last_3y": 12.33,
            "at_2012_last_3y": 10.06,
            "at_2013_last_3y": 16.48,
            "at_2014_last_3y": 1.95,
            "at_2015_last_3y": 8.65,
            "at_2016_last_3y": 20.68,
            "at_2017_last_3y": 20.41,
            "at_2018_last_3y": 22.85,
            "at_2019_last_3y": 18.91,
            "at_2020_last_3y": 16.5,
            "at_2021_last_3y": 24.81,
            "at_2022_last_3y": 15.94,
            "at_2023_last_3y": 15.94,
            "at_2006_last_all": 35.89,
            "at_2007_last_all": 28.83,
            "at_2008_last_all": 20.22,
            "at_2009_last_all": 13.67,
            "at_2010_last_all": 26,
            "at_2011_last_all": 20.58,
            "at_2012_last_all": 15.71,
            "at_2013_last_all": 14.79,
            "at_2014_last_all": 17.25,
            "at_2015_last_all": 16.6,
            "at_2016_last_all": 17.24,
            "at_2017_last_all": 16.4,
            "at_2018_last_all": 18.75,
            "at_2019_last_all": 17.18,
            "at_2020_last_all": 17.06,
            "at_2021_last_all": 18.27,
            "at_2022_last_all": 18.15,
            "at_2023_last_all": 18.15
        },
        "latest_eps": 9.09,
        "latest_price": 169.62,
        "latest_roe": 56.53,
        "latest_gross_margin": 65.38,
        "latest_equity": 15243000,
        "latest_revenue": 4379000,
        "latest_gross_profit": 2863000,
        "latest_net_income": 1708000,
        "latest_debt_ratio": 47.83,
        "latest_current_ratio": 517.32,
        "latest_account_receivable_turnover_ratio": 2.32,
        "latest_inventory_turnover_ratio": 0.5,
        "latest_reinvestment_rate": 13.12,
        "latest_research_to_sale_ratio": 10.39
    },
    "eps_dividends": {
        "1995": {
            "cash": 0,
            "stock": 0,
            "eps": 0
        },
        "1996": {
            "cash": 0,
            "stock": 0,
            "eps": 0
        },
        "1997": {
            "cash": 0,
            "stock": 0,
            "eps": 0
        },
        "1998": {
            "cash": 0,
            "stock": 0,
            "eps": 0
        },
        "1999": {
            "cash": 0,
            "stock": 0,
            "eps": 0
        },
        "2000": {
            "cash": 0,
            "stock": 0,
            "eps": 0
        },
        "2001": {
            "cash": 0,
            "stock": 0,
            "eps": -0.12
        },
        "2002": {
            "cash": 0,
            "stock": 0,
            "eps": -0.2
        },
        "2003": {
            "cash": 0,
            "stock": 0,
            "eps": 0.69
        },
        "2004": {
            "cash": 0,
            "stock": 0,
            "eps": 1.08
        },
        "2005": {
            "cash": 0,
            "stock": 0,
            "eps": 1.3
        },
        "2006": {
            "cash": 0,
            "stock": 0,
            "eps": 1.7
        },
        "2007": {
            "cash": 0,
            "stock": 0,
            "eps": 1.83
        },
        "2008": {
            "cash": 0,
            "stock": 0,
            "eps": 1.57
        },
        "2009": {
            "cash": 0,
            "stock": 0,
            "eps": 1.27
        },
        "2010": {
            "cash": 0,
            "stock": 0,
            "eps": 2.65
        },
        "2011": {
            "cash": 0,
            "stock": 0,
            "eps": 2.19
        },
        "2012": {
            "cash": 0,
            "stock": 0,
            "eps": 1.68
        },
        "2013": {
            "cash": 0,
            "stock": 0,
            "eps": 1.79
        },
        "2014": {
            "cash": 0,
            "stock": 0,
            "eps": 2.54
        },
        "2015": {
            "cash": 0,
            "stock": 0,
            "eps": 2.78
        },
        "2016": {
            "cash": 1,
            "stock": 0,
            "eps": 3.47
        },
        "2017": {
            "cash": 4,
            "stock": 0,
            "eps": 3.66
        },
        "2018": {
            "cash": 3,
            "stock": 0,
            "eps": 5.55
        },
        "2019": {
            "cash": 3,
            "stock": 0,
            "eps": 5.2
        },
        "2020": {
            "cash": 3,
            "stock": 0,
            "eps": 5.99
        },
        "2021": {
            "cash": 4,
            "stock": 0,
            "eps": 8.31
        },
        "2022": {
            "cash": 3,
            "stock": 0,
            "eps": 9.65
        },
        "2023": {
            "cash": 3,
            "stock": 0,
            "eps": 1.85
        }
    },
    "dividends": {
        "1995-07-24": {
            "cash": 0.02,
            "stock": 0
        },
        "1995-10-23": {
            "cash": 0.02,
            "stock": 0
        },
        "1996-01-29": {
            "cash": 0.02,
            "stock": 0
        },
        "1996-04-22": {
            "cash": 0.02,
            "stock": 0
        },
        "1996-07-22": {
            "cash": 0.02,
            "stock": 0
        },
        "1996-10-21": {
            "cash": 0.02,
            "stock": 0
        },
        "1997-01-27": {
            "cash": 0.02,
            "stock": 0
        },
        "1997-04-21": {
            "cash": 0.02,
            "stock": 0
        },
        "1997-07-21": {
            "cash": 0.02,
            "stock": 0
        },
        "1998-01-26": {
            "cash": 0.02,
            "stock": 0
        },
        "1998-05-18": {
            "cash": 0.02,
            "stock": 0
        },
        "1999-02-16": {
            "cash": 0.02,
            "stock": 0
        },
        "1999-08-16": {
            "cash": 0.02,
            "stock": 0
        },
        "2000-02-14": {
            "cash": 0.02,
            "stock": 0
        },
        "2000-05-22": {
            "cash": 0.02,
            "stock": 0
        },
        "2000-08-21": {
            "cash": 0.02,
            "stock": 0
        },
        "2001-02-12": {
            "cash": 0.02,
            "stock": 0
        },
        "2001-05-21": {
            "cash": 0.02,
            "stock": 0
        },
        "2001-08-20": {
            "cash": 0.02,
            "stock": 0
        },
        "2001-11-19": {
            "cash": 0.02,
            "stock": 0
        },
        "2002-05-20": {
            "cash": 0.02,
            "stock": 0
        },
        "2002-08-19": {
            "cash": 0.02,
            "stock": 0
        },
        "2002-11-18": {
            "cash": 0.02,
            "stock": 0
        },
        "2003-05-19": {
            "cash": 0.02,
            "stock": 0
        },
        "2003-08-18": {
            "cash": 0.02,
            "stock": 0
        },
        "2003-11-17": {
            "cash": 0.02,
            "stock": 0
        },
        "2004-05-17": {
            "cash": 0.02,
            "stock": 0
        },
        "2004-08-16": {
            "cash": 0.02,
            "stock": 0
        },
        "2004-11-22": {
            "cash": 0.03,
            "stock": 0
        },
        "2005-05-23": {
            "cash": 0.03,
            "stock": 0
        },
        "2005-08-22": {
            "cash": 0.03,
            "stock": 0
        },
        "2005-11-21": {
            "cash": 0.03,
            "stock": 0
        },
        "2006-02-13": {
            "cash": 0.03,
            "stock": 0
        },
        "2006-05-22": {
            "cash": 0.03,
            "stock": 0
        },
        "2006-08-21": {
            "cash": 0.03,
            "stock": 0
        },
        "2006-11-20": {
            "cash": 0.04,
            "stock": 0
        },
        "2007-05-21": {
            "cash": 0.08,
            "stock": 0
        },
        "2007-08-20": {
            "cash": 0.08,
            "stock": 0
        },
        "2008-02-11": {
            "cash": 0.1,
            "stock": 0
        },
        "2008-05-19": {
            "cash": 0.1,
            "stock": 0
        },
        "2008-08-18": {
            "cash": 0.1,
            "stock": 0
        },
        "2008-11-17": {
            "cash": 0.11,
            "stock": 0
        },
        "2009-02-09": {
            "cash": 0.11,
            "stock": 0
        },
        "2009-05-18": {
            "cash": 0.11,
            "stock": 0
        },
        "2009-08-17": {
            "cash": 0.11,
            "stock": 0
        },
        "2009-11-16": {
            "cash": 0.12,
            "stock": 0
        },
        "2010-05-17": {
            "cash": 0.12,
            "stock": 0
        },
        "2010-08-16": {
            "cash": 0.12,
            "stock": 0
        },
        "2010-11-22": {
            "cash": 0.13,
            "stock": 0
        },
        "2011-05-23": {
            "cash": 0.13,
            "stock": 0
        },
        "2011-08-22": {
            "cash": 0.13,
            "stock": 0
        },
        "2011-11-21": {
            "cash": 0.17,
            "stock": 0
        },
        "2012-05-21": {
            "cash": 0.17,
            "stock": 0
        },
        "2012-08-20": {
            "cash": 0.17,
            "stock": 0
        },
        "2012-11-19": {
            "cash": 0.21,
            "stock": 0
        },
        "2013-05-20": {
            "cash": 0.28,
            "stock": 0
        },
        "2013-08-19": {
            "cash": 0.28,
            "stock": 0
        },
        "2013-11-18": {
            "cash": 0.3,
            "stock": 0
        },
        "2014-05-19": {
            "cash": 0.3,
            "stock": 0
        },
        "2014-08-18": {
            "cash": 0.3,
            "stock": 0
        },
        "2014-11-17": {
            "cash": 0.34,
            "stock": 0
        },
        "2015-05-18": {
            "cash": 0.34,
            "stock": 0
        },
        "2015-08-17": {
            "cash": 0.34,
            "stock": 0
        },
        "2015-11-16": {
            "cash": 0.38,
            "stock": 0
        },
        "2016-05-16": {
            "cash": 0.38,
            "stock": 0
        },
        "2016-08-15": {
            "cash": 0.38,
            "stock": 0
        },
        "2016-11-21": {
            "cash": 0.5,
            "stock": 0
        },
        "2017-02-13": {
            "cash": 0.5,
            "stock": 0
        },
        "2017-05-15": {
            "cash": 0.5,
            "stock": 0
        },
        "2017-08-14": {
            "cash": 0.5,
            "stock": 0
        },
        "2017-11-13": {
            "cash": 0.62,
            "stock": 0
        },
        "2018-05-21": {
            "cash": 0.62,
            "stock": 0
        },
        "2018-08-13": {
            "cash": 0.62,
            "stock": 0
        },
        "2018-11-19": {
            "cash": 0.77,
            "stock": 0
        },
        "2019-05-20": {
            "cash": 0.77,
            "stock": 0
        },
        "2019-08-12": {
            "cash": 0.77,
            "stock": 0
        },
        "2019-11-18": {
            "cash": 0.9,
            "stock": 0
        },
        "2020-05-18": {
            "cash": 0.9,
            "stock": 0
        },
        "2020-08-17": {
            "cash": 0.9,
            "stock": 0
        },
        "2020-11-16": {
            "cash": 1.02,
            "stock": 0
        },
        "2021-02-08": {
            "cash": 1.02,
            "stock": 0
        },
        "2021-05-17": {
            "cash": 1.02,
            "stock": 0
        },
        "2021-08-09": {
            "cash": 1.02,
            "stock": 0
        },
        "2021-11-15": {
            "cash": 1.15,
            "stock": 0
        },
        "2022-02-07": {
            "cash": 1.15,
            "stock": 0
        },
        "2022-05-17": {
            "cash": 1.15,
            "stock": 0
        },
        "2022-11-16": {
            "cash": 1.15,
            "stock": 0
        },
        "2023-02-08": {
            "cash": 1.24,
            "stock": 0
        },
        "2023-05-17": {
            "cash": 1.24,
            "stock": 0
        },
        "2023-08-16": {
            "cash": 1.24,
            "stock": 0
        }
    },
    "prices": {
        "200101": "46.88",
        "200102": "36.60",
        "200103": "33.72",
        "200104": "33.22",
        "200105": "38.19",
        "200106": "33.07",
        "200107": "31.88",
        "200108": "34.73",
        "200109": "26.06",
        "200110": "28.46",
        "200111": "31.81",
        "200112": "30.00",
        "200201": "28.24",
        "200202": "30.52",
        "200203": "33.58",
        "200204": "32.50",
        "200205": "30.04",
        "200206": "25.54",
        "200207": "23.70",
        "200208": "20.69",
        "200209": "17.78",
        "200210": "15.49",
        "200211": "17.15",
        "200212": "16.85",
        "200301": "15.73",
        "200302": "15.70",
        "200303": "17.26",
        "200304": "17.95",
        "200305": "19.40",
        "200306": "19.01",
        "200307": "18.77",
        "200308": "20.55",
        "200309": "23.94",
        "200310": "26.22",
        "200311": "29.49",
        "200312": "28.79",
        "200401": "31.55",
        "200402": "30.83",
        "200403": "29.46",
        "200404": "28.20",
        "200405": "25.33",
        "200406": "24.49",
        "200407": "21.75",
        "200408": "19.70",
        "200409": "21.24",
        "200410": "22.56",
        "200411": "24.56",
        "200412": "24.21",
        "200501": "22.45",
        "200502": "25.24",
        "200503": "26.03",
        "200504": "24.37",
        "200505": "26.79",
        "200506": "27.75",
        "200507": "30.61",
        "200508": "32.09",
        "200509": "33.19",
        "200510": "30.02",
        "200511": "31.42",
        "200512": "32.97",
        "200601": "32.18",
        "200602": "30.47",
        "200603": "31.24",
        "200604": "33.84",
        "200605": "32.91",
        "200606": "30.12",
        "200607": "28.93",
        "200608": "31.39",
        "200609": "32.14",
        "200610": "31.56",
        "200611": "29.63",
        "200612": "29.30",
        "200701": "29.45",
        "200702": "31.16",
        "200703": "31.29",
        "200704": "32.14",
        "200705": "35.61",
        "200706": "36.45",
        "200707": "37.69",
        "200708": "33.77",
        "200709": "35.63",
        "200710": "34.42",
        "200711": "31.54",
        "200712": "33.08",
        "200801": "30.32",
        "200802": "30.33",
        "200803": "28.93",
        "200804": "29.47",
        "200805": "31.01",
        "200806": "30.10",
        "200807": "26.45",
        "200808": "24.98",
        "200809": "22.48",
        "200810": "18.75",
        "200811": "16.33",
        "200812": "15.05",
        "200901": "15.06",
        "200902": "15.88",
        "200903": "15.89",
        "200904": "17.19",
        "200905": "18.06",
        "200906": "20.81",
        "200907": "22.46",
        "200908": "24.21",
        "200909": "24.21",
        "200910": "23.31",
        "200911": "24.90",
        "200912": "25.85",
        "201001": "24.60",
        "201002": "23.94",
        "201003": "24.59",
        "201004": "26.09",
        "201005": "25.06",
        "201006": "24.54",
        "201007": "24.73",
        "201008": "24.60",
        "201009": "25.19",
        "201010": "28.48",
        "201011": "31.23",
        "201012": "32.72",
        "201101": "33.77",
        "201102": "35.55",
        "201103": "34.62",
        "201104": "34.98",
        "201105": "34.88",
        "201106": "32.33",
        "201107": "31.58",
        "201108": "26.79",
        "201109": "26.73",
        "201110": "29.96",
        "201111": "30.17",
        "201112": "29.35",
        "201201": "31.65",
        "201202": "33.42",
        "201203": "32.98",
        "201204": "32.25",
        "201205": "30.04",
        "201206": "27.78",
        "201207": "27.32",
        "201208": "29.21",
        "201209": "28.64",
        "201210": "27.92",
        "201211": "29.30",
        "201212": "30.58",
        "201301": "32.58",
        "201302": "33.70",
        "201303": "34.99",
        "201304": "35.19",
        "201305": "36.57",
        "201306": "35.45",
        "201307": "37.43",
        "201308": "39.12",
        "201309": "40.11",
        "201310": "40.45",
        "201311": "42.26",
        "201312": "43.02",
        "201401": "43.14",
        "201402": "43.29",
        "201403": "45.89",
        "201404": "46.34",
        "201405": "45.91",
        "201406": "47.78",
        "201407": "48.35",
        "201408": "47.14",
        "201409": "48.28",
        "201410": "45.98",
        "201411": "51.82",
        "201412": "54.36",
        "201501": "53.61",
        "201502": "56.89",
        "201503": "57.86",
        "201504": "56.76",
        "201505": "55.10",
        "201506": "53.74",
        "201507": "49.95",
        "201508": "48.88",
        "201509": "47.54",
        "201510": "53.38",
        "201511": "57.34",
        "201512": "56.86",
        "201601": "50.90",
        "201602": "51.91",
        "201603": "56.04",
        "201604": "58.49",
        "201605": "58.22",
        "201606": "61.52",
        "201607": "65.32",
        "201608": "69.83",
        "201609": "69.08",
        "201610": "69.95",
        "201611": "71.32",
        "201612": "72.83",
        "201701": "75.39",
        "201702": "76.29",
        "201703": "80.20",
        "201704": "80.02",
        "201705": "80.28",
        "201706": "80.17",
        "201707": "80.39",
        "201708": "81.36",
        "201709": "85.11",
        "201710": "93.68",
        "201711": "97.83",
        "201712": "100.94",
        "201801": "112.14",
        "201802": "104.68",
        "201803": "107.67",
        "201804": "101.97",
        "201805": "108.77",
        "201806": "113.87",
        "201807": "113.21",
        "201808": "112.34",
        "201809": "107.67",
        "201810": "99.54",
        "201811": "96.50",
        "201812": "93.77",
        "201901": "97.68",
        "201902": "105.79",
        "201903": "107.53",
        "201904": "115.02",
        "201905": "109.42",
        "201906": "111.14",
        "201907": "120.23",
        "201908": "122.18",
        "201909": "127.57",
        "201910": "125.97",
        "201911": "118.77",
        "201912": "125.03",
        "202001": "129.07",
        "202002": "126.92",
        "202003": "105.41",
        "202004": "109.70",
        "202005": "113.33",
        "202006": "126.19",
        "202007": "129.99",
        "202008": "137.78",
        "202009": "139.71",
        "202010": "148.19",
        "202011": "155.44",
        "202012": "162.79",
        "202101": "169.61",
        "202102": "174.84",
        "202103": "176.18",
        "202104": "190.09",
        "202105": "183.60",
        "202106": "188.39",
        "202107": "189.10",
        "202108": "189.06",
        "202109": "193.62",
        "202110": "193.88",
        "202111": "190.91",
        "202112": "191.19",
        "202201": "181.56",
        "202202": "170.60",
        "202203": "176.47",
        "202204": "175.40",
        "202205": "170.57",
        "202206": "159.06",
        "202207": "160.48",
        "202208": "177.52",
        "202209": "163.83",
        "202210": "157.72",
        "202211": "171.65",
        "202212": "170.87",
        "202301": "174.43",
        "202302": "176.19",
        "202303": "176.73",
        "202304": "176.22",
        "202305": "166.14"
    },
    "quarters": {
        "20011": {
            "year_quarter": 20011,
            "year": 2001,
            "quarter": 1,
            "eps": 0.13,
            "eps_growth_year": -48.99,
            "eps_4q": 1.6,
            "eps_4q_growth_year": 71.52,
            "roe": 1.8,
            "roe_4q": 1.8,
            "gross_profit": 1023000,
            "gross_margin": 40.47,
            "gross_margin_4q_avg": 40.47,
            "net_income": 230000,
            "revenue": 2528000,
            "common_shares": 1737000,
            "book_valuer_per_share": 6.99,
            "book_valuer_per_share_4q_avg": 6.99,
            "equity": 13002000,
            "current_ratio": 366.65,
            "debt_ratio": 24.59,
            "inventory_turnover_ratio": 1.25,
            "account_receivable_turnover_ratio": 1.22,
            "reinvestment_rate": 84.2,
            "research_to_sale_ratio": 17.64,
            "price_fair": 0,
            "eps_avg_yearly": 0,
            "eps_latest_yearly": 0,
            "eps_growth_yearly": 0
        },
        "20012": {
            "year_quarter": 20012,
            "year": 2001,
            "quarter": 2,
            "eps": -0.11,
            "eps_growth_year": -115.71,
            "eps_4q": 0.77,
            "eps_4q_growth_year": -47.39,
            "roe": -1.53,
            "roe_4q": 0.27,
            "gross_profit": 514000,
            "gross_margin": 25.23,
            "gross_margin_4q_avg": 32.85,
            "net_income": -197000,
            "revenue": 2037000,
            "common_shares": 1740000,
            "book_valuer_per_share": 6.82,
            "book_valuer_per_share_4q_avg": 6.91,
            "equity": 12667000,
            "current_ratio": 378.65,
            "debt_ratio": 24.16,
            "inventory_turnover_ratio": 1.35,
            "account_receivable_turnover_ratio": 1.13,
            "reinvestment_rate": 91.36,
            "research_to_sale_ratio": 20.23,
            "price_fair": 0,
            "eps_avg_yearly": 0,
            "eps_latest_yearly": 0,
            "eps_growth_yearly": 0
        },
        "20013": {
            "year_quarter": 20013,
            "year": 2001,
            "quarter": 3,
            "eps": -0.07,
            "eps_growth_year": -117.89,
            "eps_4q": 0.32,
            "eps_4q_growth_year": -79.94,
            "roe": -0.97,
            "roe_4q": -0.7,
            "gross_profit": 425000,
            "gross_margin": 22.99,
            "gross_margin_4q_avg": 29.56,
            "net_income": -117000,
            "revenue": 1849000,
            "common_shares": 1740000,
            "book_valuer_per_share": 6.21,
            "book_valuer_per_share_4q_avg": 6.67,
            "equity": 11548000,
            "current_ratio": 376.56,
            "debt_ratio": 24.25,
            "inventory_turnover_ratio": 1.44,
            "account_receivable_turnover_ratio": 1.19,
            "reinvestment_rate": 64.52,
            "research_to_sale_ratio": 19.36,
            "price_fair": 0,
            "eps_avg_yearly": 0,
            "eps_latest_yearly": 0,
            "eps_growth_yearly": 0
        },
        "20014": {
            "year_quarter": 20014,
            "year": 2001,
            "quarter": 4,
            "eps": -0.07,
            "eps_growth_year": -118.1,
            "eps_4q": -0.12,
            "eps_4q_growth_year": -106.94,
            "roe": -1,
            "roe_4q": -1.7,
            "gross_profit": 415000,
            "gross_margin": 23.22,
            "gross_margin_4q_avg": 27.98,
            "net_income": -117000,
            "revenue": 1787000,
            "common_shares": 1740000,
            "book_valuer_per_share": 6.42,
            "book_valuer_per_share_4q_avg": 6.61,
            "equity": 11879000,
            "current_ratio": 365.51,
            "debt_ratio": 24.72,
            "inventory_turnover_ratio": 1.66,
            "account_receivable_turnover_ratio": 1.41,
            "reinvestment_rate": 82.6,
            "research_to_sale_ratio": 21.38,
            "price_fair": 0,
            "eps_avg_yearly": 0,
            "eps_latest_yearly": 0,
            "eps_growth_yearly": 0
        },
        "20021": {
            "year_quarter": 20021,
            "year": 2002,
            "quarter": 1,
            "eps": -0.02,
            "eps_growth_year": -117.01,
            "eps_4q": -0.27,
            "eps_4q_growth_year": -116.89,
            "roe": -0.32,
            "roe_4q": -3.8200000000000003,
            "gross_profit": 611000,
            "gross_margin": 33.44,
            "gross_margin_4q_avg": 26.22,
            "net_income": -38000,
            "revenue": 1827000,
            "common_shares": 1740000,
            "book_valuer_per_share": 6.4,
            "book_valuer_per_share_4q_avg": 6.46,
            "equity": 11848000,
            "current_ratio": 382.19,
            "debt_ratio": 23.75,
            "inventory_turnover_ratio": 1.6,
            "account_receivable_turnover_ratio": 1.57,
            "reinvestment_rate": 87.78,
            "research_to_sale_ratio": 21.24,
            "price_fair": 0,
            "eps_avg_yearly": 0,
            "eps_latest_yearly": 0,
            "eps_growth_yearly": 0
        },
        "20022": {
            "year_quarter": 20022,
            "year": 2002,
            "quarter": 2,
            "eps": 0.05,
            "eps_growth_year": null,
            "eps_4q": -0.1,
            "eps_4q_growth_year": -113.51,
            "roe": 0.82,
            "roe_4q": -1.47,
            "gross_profit": 856000,
            "gross_margin": 39.59,
            "gross_margin_4q_avg": 29.81,
            "net_income": 95000,
            "revenue": 2162000,
            "common_shares": 1740000,
            "book_valuer_per_share": 6.07,
            "book_valuer_per_share_4q_avg": 6.28,
            "equity": 11376000,
            "current_ratio": 330.64,
            "debt_ratio": 24.1,
            "inventory_turnover_ratio": 1.64,
            "account_receivable_turnover_ratio": 1.55,
            "reinvestment_rate": 47.43,
            "research_to_sale_ratio": 18.69,
            "price_fair": 0,
            "eps_avg_yearly": 0,
            "eps_latest_yearly": 0,
            "eps_growth_yearly": 0
        },
        "20023": {
            "year_quarter": 20023,
            "year": 2002,
            "quarter": 3,
            "eps": 0.11,
            "eps_growth_year": null,
            "eps_4q": 0.07,
            "eps_4q_growth_year": -78.03,
            "roe": 1.67,
            "roe_4q": 1.17,
            "gross_profit": 835000,
            "gross_margin": 37.14,
            "gross_margin_4q_avg": 33.35,
            "net_income": 188000,
            "revenue": 2248000,
            "common_shares": 1740000,
            "book_valuer_per_share": 5.93,
            "book_valuer_per_share_4q_avg": 6.21,
            "equity": 11092000,
            "current_ratio": 331.15,
            "debt_ratio": 25.55,
            "inventory_turnover_ratio": 1.72,
            "account_receivable_turnover_ratio": 1.48,
            "reinvestment_rate": 20.92,
            "research_to_sale_ratio": 18.46,
            "price_fair": 15.4,
            "eps_avg_yearly": 0.44,
            "eps_latest_yearly": 0.44,
            "eps_growth_yearly": 480
        },
        "20024": {
            "year_quarter": 20024,
            "year": 2002,
            "quarter": 4,
            "eps": -0.34,
            "eps_growth_year": null,
            "eps_4q": -0.2,
            "eps_4q_growth_year": null,
            "roe": -5.4,
            "roe_4q": -3.2300000000000004,
            "gross_profit": 768000,
            "gross_margin": 35.79,
            "gross_margin_4q_avg": 36.49,
            "net_income": -589000,
            "revenue": 2146000,
            "common_shares": 1740000,
            "book_valuer_per_share": 5.73,
            "book_valuer_per_share_4q_avg": 6.03,
            "equity": 10734000,
            "current_ratio": 316.75,
            "debt_ratio": 26.88,
            "inventory_turnover_ratio": 1.71,
            "account_receivable_turnover_ratio": 1.58,
            "reinvestment_rate": 27.67,
            "research_to_sale_ratio": 19.2,
            "price_fair": 15.4,
            "eps_avg_yearly": 0.44,
            "eps_latest_yearly": 0.44,
            "eps_growth_yearly": 480
        },
        "20031": {
            "year_quarter": 20031,
            "year": 2003,
            "quarter": 1,
            "eps": 0.07,
            "eps_growth_year": null,
            "eps_4q": -0.1,
            "eps_4q_growth_year": null,
            "roe": 1.09,
            "roe_4q": -1.8200000000000007,
            "gross_profit": 862000,
            "gross_margin": 39.32,
            "gross_margin_4q_avg": 37.96,
            "net_income": 117000,
            "revenue": 2192000,
            "common_shares": 1740000,
            "book_valuer_per_share": 5.74,
            "book_valuer_per_share_4q_avg": 5.87,
            "equity": 10729000,
            "current_ratio": 364.84,
            "debt_ratio": 25.47,
            "inventory_turnover_ratio": 1.59,
            "account_receivable_turnover_ratio": 1.7,
            "reinvestment_rate": 28.73,
            "research_to_sale_ratio": 18.61,
            "price_fair": 15.4,
            "eps_avg_yearly": 0.44,
            "eps_latest_yearly": 0.44,
            "eps_growth_yearly": 480
        },
        "20032": {
            "year_quarter": 20032,
            "year": 2003,
            "quarter": 2,
            "eps": 0.1,
            "eps_growth_year": 79.16,
            "eps_4q": -0.06,
            "eps_4q_growth_year": null,
            "roe": 1.12,
            "roe_4q": -1.5200000000000005,
            "gross_profit": 920000,
            "gross_margin": 39.33,
            "gross_margin_4q_avg": 37.9,
            "net_income": 121000,
            "revenue": 2339000,
            "common_shares": 1740000,
            "book_valuer_per_share": 5.86,
            "book_valuer_per_share_4q_avg": 5.82,
            "equity": 10942000,
            "current_ratio": 392.87,
            "debt_ratio": 25.23,
            "inventory_turnover_ratio": 1.51,
            "account_receivable_turnover_ratio": 1.67,
            "reinvestment_rate": -11.44,
            "research_to_sale_ratio": 18.13,
            "price_fair": 14.7,
            "eps_avg_yearly": 0.42,
            "eps_latest_yearly": 0.4,
            "eps_growth_yearly": 325.71
        },
        "20033": {
            "year_quarter": 20033,
            "year": 2003,
            "quarter": 3,
            "eps": 0.27,
            "eps_growth_year": 156.06,
            "eps_4q": 0.1,
            "eps_4q_growth_year": 48.3,
            "roe": 4,
            "roe_4q": 0.8099999999999996,
            "gross_profit": 1078000,
            "gross_margin": 42.56,
            "gross_margin_4q_avg": 39.25,
            "net_income": 447000,
            "revenue": 2533000,
            "common_shares": 1740000,
            "book_valuer_per_share": 6.09,
            "book_valuer_per_share_4q_avg": 5.86,
            "equity": 11428000,
            "current_ratio": 313.23,
            "debt_ratio": 24.25,
            "inventory_turnover_ratio": 1.46,
            "account_receivable_turnover_ratio": 1.71,
            "reinvestment_rate": -53.85,
            "research_to_sale_ratio": 18.48,
            "price_fair": 22.4,
            "eps_avg_yearly": 0.64,
            "eps_latest_yearly": 1.08,
            "eps_growth_yearly": 443.81
        },
        "20034": {
            "year_quarter": 20034,
            "year": 2003,
            "quarter": 4,
            "eps": 0.25,
            "eps_growth_year": null,
            "eps_4q": 0.7,
            "eps_4q_growth_year": null,
            "roe": 4.4,
            "roe_4q": 10.61,
            "gross_profit": 1214000,
            "gross_margin": 43.83,
            "gross_margin_4q_avg": 41.26,
            "net_income": 512000,
            "revenue": 2770000,
            "common_shares": 1738000,
            "book_valuer_per_share": 6.35,
            "book_valuer_per_share_4q_avg": 6.01,
            "equity": 11864000,
            "current_ratio": 350.41,
            "debt_ratio": 23.51,
            "inventory_turnover_ratio": 1.57,
            "account_receivable_turnover_ratio": 1.86,
            "reinvestment_rate": -129.66,
            "research_to_sale_ratio": 15.96,
            "price_fair": 25.55,
            "eps_avg_yearly": 0.73,
            "eps_latest_yearly": 1,
            "eps_growth_yearly": 325.45
        },
        "20041": {
            "year_quarter": 20041,
            "year": 2004,
            "quarter": 1,
            "eps": 0.21,
            "eps_growth_year": 192.36,
            "eps_4q": 0.83,
            "eps_4q_growth_year": null,
            "roe": 3.06,
            "roe_4q": 12.580000000000002,
            "gross_profit": 1326000,
            "gross_margin": 45.16,
            "gross_margin_4q_avg": 42.72,
            "net_income": 367000,
            "revenue": 2936000,
            "common_shares": 1738000,
            "book_valuer_per_share": 6.3,
            "book_valuer_per_share_4q_avg": 6.15,
            "equity": 12085000,
            "current_ratio": 350.79,
            "debt_ratio": 23.44,
            "inventory_turnover_ratio": 1.51,
            "account_receivable_turnover_ratio": 1.88,
            "reinvestment_rate": -135.8,
            "research_to_sale_ratio": 16.79,
            "price_fair": 26.32,
            "eps_avg_yearly": 0.75,
            "eps_latest_yearly": 0.84,
            "eps_growth_yearly": 247.56
        },
        "20042": {
            "year_quarter": 20042,
            "year": 2004,
            "quarter": 2,
            "eps": 0.25,
            "eps_growth_year": 161.18,
            "eps_4q": 0.99,
            "eps_4q_growth_year": null,
            "roe": 3.6,
            "roe_4q": 15.06,
            "gross_profit": 1485000,
            "gross_margin": 45.82,
            "gross_margin_4q_avg": 44.34,
            "net_income": 441000,
            "revenue": 3241000,
            "common_shares": 1738000,
            "book_valuer_per_share": 6.7,
            "book_valuer_per_share_4q_avg": 6.36,
            "equity": 12438000,
            "current_ratio": 362.89,
            "debt_ratio": 22.5,
            "inventory_turnover_ratio": 1.44,
            "account_receivable_turnover_ratio": 1.8,
            "reinvestment_rate": -75.72,
            "research_to_sale_ratio": 15.86,
            "price_fair": 27.77,
            "eps_avg_yearly": 0.79,
            "eps_latest_yearly": 1,
            "eps_growth_yearly": 219
        },
        "20043": {
            "year_quarter": 20043,
            "year": 2004,
            "quarter": 3,
            "eps": 0.33,
            "eps_growth_year": 20.56,
            "eps_4q": 1.04,
            "eps_4q_growth_year": 894.82,
            "roe": 4.44,
            "roe_4q": 15.500000000000002,
            "gross_profit": 1503000,
            "gross_margin": 46.25,
            "gross_margin_4q_avg": 45.27,
            "net_income": 563000,
            "revenue": 3250000,
            "common_shares": 1738000,
            "book_valuer_per_share": 6.81,
            "book_valuer_per_share_4q_avg": 6.54,
            "equity": 12896000,
            "current_ratio": 438.64,
            "debt_ratio": 20.08,
            "inventory_turnover_ratio": 1.32,
            "account_receivable_turnover_ratio": 1.67,
            "reinvestment_rate": -68.79,
            "research_to_sale_ratio": 14.74,
            "price_fair": 30.4,
            "eps_avg_yearly": 0.87,
            "eps_latest_yearly": 1.32,
            "eps_growth_yearly": 206
        },
        "20044": {
            "year_quarter": 20044,
            "year": 2004,
            "quarter": 4,
            "eps": 0.29,
            "eps_growth_year": 12.97,
            "eps_4q": 1.08,
            "eps_4q_growth_year": 54.75,
            "roe": 3.78,
            "roe_4q": 14.88,
            "gross_profit": 1346000,
            "gross_margin": 42.69,
            "gross_margin_4q_avg": 44.98,
            "net_income": 490000,
            "revenue": 3153000,
            "common_shares": 1738000,
            "book_valuer_per_share": 6.97,
            "book_valuer_per_share_4q_avg": 6.7,
            "equity": 13063000,
            "current_ratio": 532.94,
            "debt_ratio": 19.85,
            "inventory_turnover_ratio": 1.43,
            "account_receivable_turnover_ratio": 1.8,
            "reinvestment_rate": -182.89,
            "research_to_sale_ratio": 15.32,
            "price_fair": 31.68,
            "eps_avg_yearly": 0.91,
            "eps_latest_yearly": 1.16,
            "eps_growth_yearly": 174.19
        },
        "20051": {
            "year_quarter": 20051,
            "year": 2005,
            "quarter": 1,
            "eps": 0.21,
            "eps_growth_year": 2.92,
            "eps_4q": 1.08,
            "eps_4q_growth_year": 30.05,
            "roe": 2.97,
            "roe_4q": 14.790000000000001,
            "gross_profit": 1244000,
            "gross_margin": 46.04,
            "gross_margin_4q_avg": 45.2,
            "net_income": 371000,
            "revenue": 2702000,
            "common_shares": 1738000,
            "book_valuer_per_share": 6.52,
            "book_valuer_per_share_4q_avg": 6.75,
            "equity": 11904000,
            "current_ratio": 416.08,
            "debt_ratio": 20.88,
            "inventory_turnover_ratio": 1.25,
            "account_receivable_turnover_ratio": 1.76,
            "reinvestment_rate": -177.69,
            "research_to_sale_ratio": 18.02,
            "price_fair": 31.42,
            "eps_avg_yearly": 0.9,
            "eps_latest_yearly": 0.84,
            "eps_growth_yearly": 142.57
        },
        "20052": {
            "year_quarter": 20052,
            "year": 2005,
            "quarter": 2,
            "eps": 0.35,
            "eps_growth_year": 39.67,
            "eps_4q": 1.18,
            "eps_4q_growth_year": 19.74,
            "roe": 5,
            "roe_4q": 16.19,
            "gross_profit": 1426000,
            "gross_margin": 48,
            "gross_margin_4q_avg": 45.75,
            "net_income": 584000,
            "revenue": 2971000,
            "common_shares": 1739000,
            "book_valuer_per_share": 6.42,
            "book_valuer_per_share_4q_avg": 6.68,
            "equity": 11463000,
            "current_ratio": 406.24,
            "debt_ratio": 20.87,
            "inventory_turnover_ratio": 1.36,
            "account_receivable_turnover_ratio": 1.82,
            "reinvestment_rate": -96.97,
            "research_to_sale_ratio": 16.32,
            "price_fair": 33.18,
            "eps_avg_yearly": 0.95,
            "eps_latest_yearly": 1.4,
            "eps_growth_yearly": 154.98
        },
        "20053": {
            "year_quarter": 20053,
            "year": 2005,
            "quarter": 3,
            "eps": 0.36,
            "eps_growth_year": 8.8,
            "eps_4q": 1.21,
            "eps_4q_growth_year": 16.07,
            "roe": 5.11,
            "roe_4q": 16.86,
            "gross_profit": 1690000,
            "gross_margin": 50.61,
            "gross_margin_4q_avg": 46.84,
            "net_income": 596000,
            "revenue": 3339000,
            "common_shares": 1739000,
            "book_valuer_per_share": 6.71,
            "book_valuer_per_share_4q_avg": 6.66,
            "equity": 11873000,
            "current_ratio": 411.54,
            "debt_ratio": 20.76,
            "inventory_turnover_ratio": 1.51,
            "account_receivable_turnover_ratio": 1.91,
            "reinvestment_rate": -102.31,
            "research_to_sale_ratio": 15.6,
            "price_fair": 34.75,
            "eps_avg_yearly": 0.99,
            "eps_latest_yearly": 1.44,
            "eps_growth_yearly": 141.93
        },
        "20054": {
            "year_quarter": 20054,
            "year": 2005,
            "quarter": 4,
            "eps": 0.38,
            "eps_growth_year": 33.62,
            "eps_4q": 1.31,
            "eps_4q_growth_year": 21.5,
            "roe": 5.22,
            "roe_4q": 18.3,
            "gross_profit": 1656000,
            "gross_margin": 49.83,
            "gross_margin_4q_avg": 48.62,
            "net_income": 622000,
            "revenue": 3323000,
            "common_shares": 1739000,
            "book_valuer_per_share": 6.86,
            "book_valuer_per_share_4q_avg": 6.63,
            "equity": 11937000,
            "current_ratio": 395.96,
            "debt_ratio": 20.75,
            "inventory_turnover_ratio": 1.48,
            "account_receivable_turnover_ratio": 1.95,
            "reinvestment_rate": -90.67,
            "research_to_sale_ratio": 14.84,
            "price_fair": 36.28,
            "eps_avg_yearly": 1.04,
            "eps_latest_yearly": 1.52,
            "eps_growth_yearly": 131.96
        },
        "20061": {
            "year_quarter": 20061,
            "year": 2006,
            "quarter": 1,
            "eps": 0.33,
            "eps_growth_year": 56.66,
            "eps_4q": 1.43,
            "eps_4q_growth_year": 32.02,
            "roe": 4.68,
            "roe_4q": 20.009999999999998,
            "gross_profit": 1672000,
            "gross_margin": 50.15,
            "gross_margin_4q_avg": 49.65,
            "net_income": 542000,
            "revenue": 3334000,
            "common_shares": 1739000,
            "book_valuer_per_share": 6.48,
            "book_valuer_per_share_4q_avg": 6.62,
            "equity": 11238000,
            "current_ratio": 385.54,
            "debt_ratio": 19.95,
            "inventory_turnover_ratio": 1.37,
            "account_receivable_turnover_ratio": 1.93,
            "reinvestment_rate": -62.94,
            "research_to_sale_ratio": 15.99,
            "price_fair": 37.05,
            "eps_avg_yearly": 1.06,
            "eps_latest_yearly": 1.32,
            "eps_growth_yearly": 117.76
        },
        "20062": {
            "year_quarter": 20062,
            "year": 2006,
            "quarter": 2,
            "eps": 0.47,
            "eps_growth_year": 33.16,
            "eps_4q": 1.54,
            "eps_4q_growth_year": 30.73,
            "roe": 6.15,
            "roe_4q": 21.16,
            "gross_profit": 1907000,
            "gross_margin": 51.58,
            "gross_margin_4q_avg": 50.54,
            "net_income": 739000,
            "revenue": 3697000,
            "common_shares": 1739000,
            "book_valuer_per_share": 7.62,
            "book_valuer_per_share_4q_avg": 6.92,
            "equity": 12788000,
            "current_ratio": 351.85,
            "debt_ratio": 19.71,
            "inventory_turnover_ratio": 1.39,
            "account_receivable_turnover_ratio": 1.98,
            "reinvestment_rate": -45.46,
            "research_to_sale_ratio": 14.5,
            "price_fair": 39.1,
            "eps_avg_yearly": 1.12,
            "eps_latest_yearly": 1.88,
            "eps_growth_yearly": 121.47
        },
        "20063": {
            "year_quarter": 20063,
            "year": 2006,
            "quarter": 3,
            "eps": 0.45,
            "eps_growth_year": 24.54,
            "eps_4q": 1.63,
            "eps_4q_growth_year": 34.87,
            "roe": 5.53,
            "roe_4q": 21.58,
            "gross_profit": 1932000,
            "gross_margin": 51.37,
            "gross_margin_4q_avg": 50.73,
            "net_income": 686000,
            "revenue": 3761000,
            "common_shares": 1739000,
            "book_valuer_per_share": 7.36,
            "book_valuer_per_share_4q_avg": 7.08,
            "equity": 12027000,
            "current_ratio": 354.92,
            "debt_ratio": 18.65,
            "inventory_turnover_ratio": 1.29,
            "account_receivable_turnover_ratio": 1.87,
            "reinvestment_rate": -37.42,
            "research_to_sale_ratio": 15.16,
            "price_fair": 42.5,
            "eps_avg_yearly": 1.21,
            "eps_latest_yearly": 1.8,
            "eps_growth_yearly": 85.97
        },
        "20064": {
            "year_quarter": 20064,
            "year": 2006,
            "quarter": 4,
            "eps": 0.45,
            "eps_growth_year": 16.37,
            "eps_4q": 1.69,
            "eps_4q_growth_year": 29.7,
            "roe": 5.74,
            "roe_4q": 22.1,
            "gross_profit": 1748000,
            "gross_margin": 50.48,
            "gross_margin_4q_avg": 50.9,
            "net_income": 671000,
            "revenue": 3463000,
            "common_shares": 1739000,
            "book_valuer_per_share": 7.08,
            "book_valuer_per_share_4q_avg": 7.14,
            "equity": 11360000,
            "current_ratio": 377.96,
            "debt_ratio": 18.45,
            "inventory_turnover_ratio": 1.17,
            "account_receivable_turnover_ratio": 1.79,
            "reinvestment_rate": -28.78,
            "research_to_sale_ratio": 16.06,
            "price_fair": 43.87,
            "eps_avg_yearly": 1.25,
            "eps_latest_yearly": 1.8,
            "eps_growth_yearly": 80.23
        },
        "20071": {
            "year_quarter": 20071,
            "year": 2007,
            "quarter": 1,
            "eps": 0.35,
            "eps_growth_year": 4.79,
            "eps_4q": 1.71,
            "eps_4q_growth_year": 19.82,
            "roe": 4.56,
            "roe_4q": 21.980000000000004,
            "gross_profit": 1637000,
            "gross_margin": 51.3,
            "gross_margin_4q_avg": 51.18,
            "net_income": 516000,
            "revenue": 3191000,
            "common_shares": 1739000,
            "book_valuer_per_share": 7.03,
            "book_valuer_per_share_4q_avg": 7.27,
            "equity": 11283000,
            "current_ratio": 433.48,
            "debt_ratio": 17.94,
            "inventory_turnover_ratio": 1.09,
            "account_receivable_turnover_ratio": 1.81,
            "reinvestment_rate": -27.32,
            "research_to_sale_ratio": 17.3,
            "price_fair": 44.19,
            "eps_avg_yearly": 1.26,
            "eps_latest_yearly": 1.4,
            "eps_growth_yearly": 69.66
        },
        "20072": {
            "year_quarter": 20072,
            "year": 2007,
            "quarter": 2,
            "eps": 0.42,
            "eps_growth_year": -10.3,
            "eps_4q": 1.66,
            "eps_4q_growth_year": 7.7,
            "roe": 5.39,
            "roe_4q": 21.22,
            "gross_profit": 1784000,
            "gross_margin": 52.1,
            "gross_margin_4q_avg": 51.31,
            "net_income": 614000,
            "revenue": 3424000,
            "common_shares": 1739000,
            "book_valuer_per_share": 7.23,
            "book_valuer_per_share_4q_avg": 7.18,
            "equity": 11494000,
            "current_ratio": 420.46,
            "debt_ratio": 18.02,
            "inventory_turnover_ratio": 1.16,
            "account_receivable_turnover_ratio": 1.87,
            "reinvestment_rate": -24.06,
            "research_to_sale_ratio": 16.09,
            "price_fair": 46.99,
            "eps_avg_yearly": 1.34,
            "eps_latest_yearly": 1.68,
            "eps_growth_yearly": 63.95
        },
        "20073": {
            "year_quarter": 20073,
            "year": 2007,
            "quarter": 3,
            "eps": 0.52,
            "eps_growth_year": 17.29,
            "eps_4q": 1.74,
            "eps_4q_growth_year": 6.63,
            "roe": 6.7,
            "roe_4q": 22.39,
            "gross_profit": 1984000,
            "gross_margin": 54.16,
            "gross_margin_4q_avg": 52.01,
            "net_income": 758000,
            "revenue": 3663000,
            "common_shares": 1740000,
            "book_valuer_per_share": 7.15,
            "book_valuer_per_share_4q_avg": 7.12,
            "equity": 11137000,
            "current_ratio": 396.5,
            "debt_ratio": 18.85,
            "inventory_turnover_ratio": 1.17,
            "account_receivable_turnover_ratio": 1.87,
            "reinvestment_rate": -19.69,
            "research_to_sale_ratio": 14.8,
            "price_fair": 49.18,
            "eps_avg_yearly": 1.41,
            "eps_latest_yearly": 2.08,
            "eps_growth_yearly": 27.4
        },
        "20074": {
            "year_quarter": 20074,
            "year": 2007,
            "quarter": 4,
            "eps": 0.54,
            "eps_growth_year": 20.94,
            "eps_4q": 1.83,
            "eps_4q_growth_year": 8.2,
            "roe": 7.13,
            "roe_4q": 23.779999999999998,
            "gross_profit": 1931000,
            "gross_margin": 54.3,
            "gross_margin_4q_avg": 52.97,
            "net_income": 753000,
            "revenue": 3556000,
            "common_shares": 1740000,
            "book_valuer_per_share": 6.55,
            "book_valuer_per_share_4q_avg": 6.99,
            "equity": 9975000,
            "current_ratio": 341.63,
            "debt_ratio": 21.25,
            "inventory_turnover_ratio": 1.13,
            "account_receivable_turnover_ratio": 1.89,
            "reinvestment_rate": -20.7,
            "research_to_sale_ratio": 14.26,
            "price_fair": 51.71,
            "eps_avg_yearly": 1.48,
            "eps_latest_yearly": 2.16,
            "eps_growth_yearly": 30.22
        },
        "20081": {
            "year_quarter": 20081,
            "year": 2008,
            "quarter": 1,
            "eps": 0.49,
            "eps_growth_year": 39.69,
            "eps_4q": 1.97,
            "eps_4q_growth_year": 15.33,
            "roe": 6.69,
            "roe_4q": 25.91,
            "gross_profit": 1756000,
            "gross_margin": 53.67,
            "gross_margin_4q_avg": 53.56,
            "net_income": 663000,
            "revenue": 3272000,
            "common_shares": 1740000,
            "book_valuer_per_share": 6.57,
            "book_valuer_per_share_4q_avg": 6.88,
            "equity": 9857000,
            "current_ratio": 323.32,
            "debt_ratio": 20.11,
            "inventory_turnover_ratio": 1.01,
            "account_receivable_turnover_ratio": 1.92,
            "reinvestment_rate": -17.22,
            "research_to_sale_ratio": 15.71,
            "price_fair": 54.16,
            "eps_avg_yearly": 1.55,
            "eps_latest_yearly": 1.96,
            "eps_growth_yearly": 31.9
        },
        "20082": {
            "year_quarter": 20082,
            "year": 2008,
            "quarter": 2,
            "eps": 0.44,
            "eps_growth_year": 4.43,
            "eps_4q": 1.99,
            "eps_4q_growth_year": 19.77,
            "roe": 5.93,
            "roe_4q": 26.45,
            "gross_profit": 1749000,
            "gross_margin": 52.19,
            "gross_margin_4q_avg": 53.58,
            "net_income": 588000,
            "revenue": 3351000,
            "common_shares": 1740000,
            "book_valuer_per_share": 6.72,
            "book_valuer_per_share_4q_avg": 6.75,
            "equity": 9984000,
            "current_ratio": 341.48,
            "debt_ratio": 19.37,
            "inventory_turnover_ratio": 0.99,
            "account_receivable_turnover_ratio": 1.93,
            "reinvestment_rate": -16.69,
            "research_to_sale_ratio": 14.56,
            "price_fair": 55.17,
            "eps_avg_yearly": 1.6,
            "eps_latest_yearly": 1.76,
            "eps_growth_yearly": 24.59
        },
        "20083": {
            "year_quarter": 20083,
            "year": 2008,
            "quarter": 3,
            "eps": 0.43,
            "eps_growth_year": -18.79,
            "eps_4q": 1.89,
            "eps_4q_growth_year": 8.8,
            "roe": 5.61,
            "roe_4q": 25.36,
            "gross_profit": 1643000,
            "gross_margin": 48.51,
            "gross_margin_4q_avg": 52.17,
            "net_income": 563000,
            "revenue": 3387000,
            "common_shares": 1740000,
            "book_valuer_per_share": 6.91,
            "book_valuer_per_share_4q_avg": 6.69,
            "equity": 10094000,
            "current_ratio": 357.42,
            "debt_ratio": 19.03,
            "inventory_turnover_ratio": 1.08,
            "account_receivable_turnover_ratio": 1.89,
            "reinvestment_rate": 1.8,
            "research_to_sale_ratio": 14.97,
            "price_fair": 42.15,
            "eps_avg_yearly": 1.62,
            "eps_latest_yearly": 1.72,
            "eps_growth_yearly": 16.02
        },
        "20084": {
            "year_quarter": 20084,
            "year": 2008,
            "quarter": 4,
            "eps": 0.21,
            "eps_growth_year": -61.01,
            "eps_4q": 1.56,
            "eps_4q_growth_year": -14.77,
            "roe": 1.1,
            "roe_4q": 19.330000000000002,
            "gross_profit": 1097000,
            "gross_margin": 44.04,
            "gross_margin_4q_avg": 49.6,
            "net_income": 107000,
            "revenue": 2491000,
            "common_shares": 1740000,
            "book_valuer_per_share": 6.43,
            "book_valuer_per_share_4q_avg": 6.66,
            "equity": 9326000,
            "current_ratio": 377.94,
            "debt_ratio": 21.78,
            "inventory_turnover_ratio": 0.95,
            "account_receivable_turnover_ratio": 1.85,
            "reinvestment_rate": -0.21,
            "research_to_sale_ratio": 17.3,
            "price_fair": 26.02,
            "eps_avg_yearly": 1.6,
            "eps_latest_yearly": 0.84,
            "eps_growth_yearly": 6.26
        },
        "20091": {
            "year_quarter": 20091,
            "year": 2009,
            "quarter": 1,
            "eps": 0.07,
            "eps_growth_year": -86.38,
            "eps_4q": 1.14,
            "eps_4q_growth_year": -42.25,
            "roe": 0.18,
            "roe_4q": 12.82,
            "gross_profit": 806000,
            "gross_margin": 38.64,
            "gross_margin_4q_avg": 45.85,
            "net_income": 17000,
            "revenue": 2086000,
            "common_shares": 1740000,
            "book_valuer_per_share": 6.3,
            "book_valuer_per_share_4q_avg": 6.59,
            "equity": 9210000,
            "current_ratio": 429.84,
            "debt_ratio": 20.05,
            "inventory_turnover_ratio": 1.04,
            "account_receivable_turnover_ratio": 2.05,
            "reinvestment_rate": -1.45,
            "research_to_sale_ratio": 18.5,
            "price_fair": 4.7,
            "eps_avg_yearly": 1.57,
            "eps_latest_yearly": 0.28,
            "eps_growth_yearly": -3.51
        },
        "20092": {
            "year_quarter": 20092,
            "year": 2009,
            "quarter": 2,
            "eps": 0.25,
            "eps_growth_year": -42.35,
            "eps_4q": 0.95,
            "eps_4q_growth_year": -52.07,
            "roe": 2.82,
            "roe_4q": 9.71,
            "gross_profit": 1124000,
            "gross_margin": 45.75,
            "gross_margin_4q_avg": 44.24,
            "net_income": 260000,
            "revenue": 2457000,
            "common_shares": 1740000,
            "book_valuer_per_share": 6.34,
            "book_valuer_per_share_4q_avg": 6.5,
            "equity": 9213000,
            "current_ratio": 391.01,
            "debt_ratio": 19.96,
            "inventory_turnover_ratio": 1.23,
            "account_receivable_turnover_ratio": 2.07,
            "reinvestment_rate": -4.53,
            "research_to_sale_ratio": 15.02,
            "price_fair": 53.9,
            "eps_avg_yearly": 1.54,
            "eps_latest_yearly": 1,
            "eps_growth_yearly": 44.11
        },
        "20093": {
            "year_quarter": 20093,
            "year": 2009,
            "quarter": 3,
            "eps": 0.43,
            "eps_growth_year": 0,
            "eps_4q": 0.95,
            "eps_4q_growth_year": -49.58,
            "roe": 5.77,
            "roe_4q": 9.87,
            "gross_profit": 1481000,
            "gross_margin": 51.42,
            "gross_margin_4q_avg": 44.96,
            "net_income": 538000,
            "revenue": 2880000,
            "common_shares": 1740000,
            "book_valuer_per_share": 6.58,
            "book_valuer_per_share_4q_avg": 6.41,
            "equity": 9438000,
            "current_ratio": 369.31,
            "debt_ratio": 20.71,
            "inventory_turnover_ratio": 1.28,
            "account_receivable_turnover_ratio": 2.15,
            "reinvestment_rate": -4.56,
            "research_to_sale_ratio": 12.78,
            "price_fair": 54.51,
            "eps_avg_yearly": 1.56,
            "eps_latest_yearly": 1.72,
            "eps_growth_yearly": 61.39
        },
        "20094": {
            "year_quarter": 20094,
            "year": 2009,
            "quarter": 4,
            "eps": 0.52,
            "eps_growth_year": 147.95,
            "eps_4q": 1.27,
            "eps_4q_growth_year": -18.94,
            "roe": 6.84,
            "roe_4q": 15.61,
            "gross_profit": 1589000,
            "gross_margin": 52.88,
            "gross_margin_4q_avg": 47.17,
            "net_income": 655000,
            "revenue": 3005000,
            "common_shares": 1740000,
            "book_valuer_per_share": 6.9,
            "book_valuer_per_share_4q_avg": 6.53,
            "equity": 9722000,
            "current_ratio": 385.26,
            "debt_ratio": 19.78,
            "inventory_turnover_ratio": 1.22,
            "account_receivable_turnover_ratio": 2.22,
            "reinvestment_rate": -3.61,
            "research_to_sale_ratio": 11.81,
            "price_fair": 55.74,
            "eps_avg_yearly": 1.59,
            "eps_latest_yearly": 2.08,
            "eps_growth_yearly": 65.24
        },
        "20101": {
            "year_quarter": 20101,
            "year": 2010,
            "quarter": 1,
            "eps": 0.53,
            "eps_growth_year": 689.63,
            "eps_4q": 1.73,
            "eps_4q_growth_year": 51.6,
            "roe": 6.74,
            "roe_4q": 22.17,
            "gross_profit": 1689000,
            "gross_margin": 52.7,
            "gross_margin_4q_avg": 50.69,
            "net_income": 658000,
            "revenue": 3205000,
            "common_shares": 1740000,
            "book_valuer_per_share": 6.99,
            "book_valuer_per_share_4q_avg": 6.7,
            "equity": 9805000,
            "current_ratio": 367.83,
            "debt_ratio": 20.74,
            "inventory_turnover_ratio": 1.22,
            "account_receivable_turnover_ratio": 2.29,
            "reinvestment_rate": -4.94,
            "research_to_sale_ratio": 11.54,
            "price_fair": 57.49,
            "eps_avg_yearly": 1.64,
            "eps_latest_yearly": 2.12,
            "eps_growth_yearly": 69.01
        },
        "20102": {
            "year_quarter": 20102,
            "year": 2010,
            "quarter": 2,
            "eps": 0.63,
            "eps_growth_year": 150.54,
            "eps_4q": 2.11,
            "eps_4q_growth_year": 120.63,
            "roe": 7.86,
            "roe_4q": 27.21,
            "gross_profit": 1894000,
            "gross_margin": 54.18,
            "gross_margin_4q_avg": 52.8,
            "net_income": 769000,
            "revenue": 3496000,
            "common_shares": 1740000,
            "book_valuer_per_share": 7.11,
            "book_valuer_per_share_4q_avg": 6.9,
            "equity": 9755000,
            "current_ratio": 398.57,
            "debt_ratio": 19.8,
            "inventory_turnover_ratio": 1.22,
            "account_receivable_turnover_ratio": 2.16,
            "reinvestment_rate": -5.24,
            "research_to_sale_ratio": 11.21,
            "price_fair": 58.89,
            "eps_avg_yearly": 1.68,
            "eps_latest_yearly": 2.52,
            "eps_growth_yearly": 63.12
        },
        "20103": {
            "year_quarter": 20103,
            "year": 2010,
            "quarter": 3,
            "eps": 0.71,
            "eps_growth_year": 66.94,
            "eps_4q": 2.39,
            "eps_4q_growth_year": 150.44,
            "roe": 8.71,
            "roe_4q": 30.150000000000002,
            "gross_profit": 2039000,
            "gross_margin": 54.52,
            "gross_margin_4q_avg": 53.57,
            "net_income": 859000,
            "revenue": 3740000,
            "common_shares": 1740000,
            "book_valuer_per_share": 7.44,
            "book_valuer_per_share_4q_avg": 7.11,
            "equity": 9962000,
            "current_ratio": 351.9,
            "debt_ratio": 21.24,
            "inventory_turnover_ratio": 1.23,
            "account_receivable_turnover_ratio": 2.16,
            "reinvestment_rate": -2.87,
            "research_to_sale_ratio": 11.15,
            "price_fair": 61.16,
            "eps_avg_yearly": 1.75,
            "eps_latest_yearly": 2.84,
            "eps_growth_yearly": 67.36
        },
        "20104": {
            "year_quarter": 20104,
            "year": 2010,
            "quarter": 4,
            "eps": 0.78,
            "eps_growth_year": 49.24,
            "eps_4q": 2.65,
            "eps_4q_growth_year": 109.05,
            "roe": 9.24,
            "roe_4q": 32.550000000000004,
            "gross_profit": 1869000,
            "gross_margin": 53.02,
            "gross_margin_4q_avg": 53.61,
            "net_income": 942000,
            "revenue": 3525000,
            "common_shares": 1740000,
            "book_valuer_per_share": 7.91,
            "book_valuer_per_share_4q_avg": 7.36,
            "equity": 10437000,
            "current_ratio": 356.39,
            "debt_ratio": 22.12,
            "inventory_turnover_ratio": 1.12,
            "account_receivable_turnover_ratio": 2.15,
            "reinvestment_rate": 0.03,
            "research_to_sale_ratio": 11.15,
            "price_fair": 64.05,
            "eps_avg_yearly": 1.83,
            "eps_latest_yearly": 3.12,
            "eps_growth_yearly": 69.82
        },
        "20111": {
            "year_quarter": 20111,
            "year": 2011,
            "quarter": 1,
            "eps": 0.63,
            "eps_growth_year": 19.39,
            "eps_4q": 2.75,
            "eps_4q_growth_year": 59.24,
            "roe": 6.34,
            "roe_4q": 32.15,
            "gross_profit": 1831000,
            "gross_margin": 53.98,
            "gross_margin_4q_avg": 53.93,
            "net_income": 666000,
            "revenue": 3392000,
            "common_shares": 1740000,
            "book_valuer_per_share": 8.08,
            "book_valuer_per_share_4q_avg": 7.64,
            "equity": 10574000,
            "current_ratio": 392.86,
            "debt_ratio": 20.56,
            "inventory_turnover_ratio": 0.98,
            "account_receivable_turnover_ratio": 2.2,
            "reinvestment_rate": 0.57,
            "research_to_sale_ratio": 12.44,
            "price_fair": 66.5,
            "eps_avg_yearly": 1.9,
            "eps_latest_yearly": 2.52,
            "eps_growth_yearly": 70.57
        },
        "20112": {
            "year_quarter": 20112,
            "year": 2011,
            "quarter": 2,
            "eps": 0.59,
            "eps_growth_year": -6.04,
            "eps_4q": 2.71,
            "eps_4q_growth_year": 28.79,
            "roe": 6.26,
            "roe_4q": 30.55,
            "gross_profit": 1753000,
            "gross_margin": 50.69,
            "gross_margin_4q_avg": 53.05,
            "net_income": 672000,
            "revenue": 3458000,
            "common_shares": 1741000,
            "book_valuer_per_share": 8.42,
            "book_valuer_per_share_4q_avg": 7.96,
            "equity": 10903000,
            "current_ratio": 619.51,
            "debt_ratio": 36.23,
            "inventory_turnover_ratio": 0.99,
            "account_receivable_turnover_ratio": 2.13,
            "reinvestment_rate": 1.08,
            "research_to_sale_ratio": 12.26,
            "price_fair": 67.99,
            "eps_avg_yearly": 1.94,
            "eps_latest_yearly": 2.36,
            "eps_growth_yearly": 63.98
        },
        "20113": {
            "year_quarter": 20113,
            "year": 2011,
            "quarter": 3,
            "eps": 0.52,
            "eps_growth_year": -27.37,
            "eps_4q": 2.52,
            "eps_4q_growth_year": 5.34,
            "roe": 5.48,
            "roe_4q": 27.32,
            "gross_profit": 1744000,
            "gross_margin": 50.32,
            "gross_margin_4q_avg": 52,
            "net_income": 601000,
            "revenue": 3466000,
            "common_shares": 1741000,
            "book_valuer_per_share": 2.97,
            "book_valuer_per_share_4q_avg": 6.85,
            "equity": 11026000,
            "current_ratio": 210.54,
            "debt_ratio": 46.83,
            "inventory_turnover_ratio": 0.92,
            "account_receivable_turnover_ratio": 2.01,
            "reinvestment_rate": 10.88,
            "research_to_sale_ratio": 11.4,
            "price_fair": 67.99,
            "eps_avg_yearly": 1.94,
            "eps_latest_yearly": 2.08,
            "eps_growth_yearly": 55.06
        },
        "20114": {
            "year_quarter": 20114,
            "year": 2011,
            "quarter": 4,
            "eps": 0.45,
            "eps_growth_year": -42.16,
            "eps_4q": 2.19,
            "eps_4q_growth_year": -17.35,
            "roe": 2.71,
            "roe_4q": 20.79,
            "gross_profit": 1548000,
            "gross_margin": 45.26,
            "gross_margin_4q_avg": 50.06,
            "net_income": 298000,
            "revenue": 3420000,
            "common_shares": 1741000,
            "book_valuer_per_share": 2.98,
            "book_valuer_per_share_4q_avg": 5.61,
            "equity": 10952000,
            "current_ratio": 223.72,
            "debt_ratio": 46.57,
            "inventory_turnover_ratio": 1,
            "account_receivable_turnover_ratio": 2.05,
            "reinvestment_rate": 3.58,
            "research_to_sale_ratio": 13.86,
            "price_fair": 67.2,
            "eps_avg_yearly": 1.92,
            "eps_latest_yearly": 1.8,
            "eps_growth_yearly": 50.74
        },
        "20121": {
            "year_quarter": 20121,
            "year": 2012,
            "quarter": 1,
            "eps": 0.23,
            "eps_growth_year": -63.41,
            "eps_4q": 1.79,
            "eps_4q_growth_year": -34.93,
            "roe": 2.41,
            "roe_4q": 16.86,
            "gross_profit": 1531000,
            "gross_margin": 49.05,
            "gross_margin_4q_avg": 48.83,
            "net_income": 265000,
            "revenue": 3121000,
            "common_shares": 1741000,
            "book_valuer_per_share": 3.15,
            "book_valuer_per_share_4q_avg": 4.38,
            "equity": 11071000,
            "current_ratio": 260.95,
            "debt_ratio": 44.67,
            "inventory_turnover_ratio": 0.87,
            "account_receivable_turnover_ratio": 2.06,
            "reinvestment_rate": 1.74,
            "research_to_sale_ratio": 16.31,
            "price_fair": 64.93,
            "eps_avg_yearly": 1.86,
            "eps_latest_yearly": 0.92,
            "eps_growth_yearly": 40.83
        },
        "20122": {
            "year_quarter": 20122,
            "year": 2012,
            "quarter": 2,
            "eps": 0.39,
            "eps_growth_year": -34.45,
            "eps_4q": 1.59,
            "eps_4q_growth_year": -41.54,
            "roe": 4.01,
            "roe_4q": 14.61,
            "gross_profit": 1651000,
            "gross_margin": 49.51,
            "gross_margin_4q_avg": 48.54,
            "net_income": 446000,
            "revenue": 3335000,
            "common_shares": 1741000,
            "book_valuer_per_share": 3.34,
            "book_valuer_per_share_4q_avg": 3.11,
            "equity": 11158000,
            "current_ratio": 192.44,
            "debt_ratio": 42.84,
            "inventory_turnover_ratio": 0.9,
            "account_receivable_turnover_ratio": 2.15,
            "reinvestment_rate": 1.9,
            "research_to_sale_ratio": 14.39,
            "price_fair": 64.49,
            "eps_avg_yearly": 1.84,
            "eps_latest_yearly": 1.56,
            "eps_growth_yearly": 60.77
        },
        "20123": {
            "year_quarter": 20123,
            "year": 2012,
            "quarter": 3,
            "eps": 0.57,
            "eps_growth_year": 11.46,
            "eps_4q": 1.64,
            "eps_4q_growth_year": -34.68,
            "roe": 6.95,
            "roe_4q": 16.080000000000002,
            "gross_profit": 1740000,
            "gross_margin": 51.33,
            "gross_margin_4q_avg": 48.79,
            "net_income": 784000,
            "revenue": 3390000,
            "common_shares": 1741000,
            "book_valuer_per_share": 3.7,
            "book_valuer_per_share_4q_avg": 3.29,
            "equity": 11403000,
            "current_ratio": 250.63,
            "debt_ratio": 44.41,
            "inventory_turnover_ratio": 0.88,
            "account_receivable_turnover_ratio": 2.08,
            "reinvestment_rate": 3.78,
            "research_to_sale_ratio": 13.66,
            "price_fair": 65.71,
            "eps_avg_yearly": 1.88,
            "eps_latest_yearly": 2.28,
            "eps_growth_yearly": 72.88
        },
        "20124": {
            "year_quarter": 20124,
            "year": 2012,
            "quarter": 4,
            "eps": 0.49,
            "eps_growth_year": 8.8,
            "eps_4q": 1.68,
            "eps_4q_growth_year": -23.04,
            "roe": 2.36,
            "roe_4q": 15.73,
            "gross_profit": 1446000,
            "gross_margin": 48.54,
            "gross_margin_4q_avg": 49.61,
            "net_income": 264000,
            "revenue": 2979000,
            "common_shares": 1741000,
            "book_valuer_per_share": 3.52,
            "book_valuer_per_share_4q_avg": 3.43,
            "equity": 10961000,
            "current_ratio": 239.94,
            "debt_ratio": 45.25,
            "inventory_turnover_ratio": 0.85,
            "account_receivable_turnover_ratio": 2.09,
            "reinvestment_rate": 4.22,
            "research_to_sale_ratio": 14.27,
            "price_fair": 68.16,
            "eps_avg_yearly": 1.95,
            "eps_latest_yearly": 1.96,
            "eps_growth_yearly": 82.16
        },
        "20131": {
            "year_quarter": 20131,
            "year": 2013,
            "quarter": 1,
            "eps": 0.33,
            "eps_growth_year": 43.61,
            "eps_4q": 1.79,
            "eps_4q_growth_year": -0.27,
            "roe": 3.3,
            "roe_4q": 16.619999999999997,
            "gross_profit": 1371000,
            "gross_margin": 47.52,
            "gross_margin_4q_avg": 49.23,
            "net_income": 362000,
            "revenue": 2885000,
            "common_shares": 1741000,
            "book_valuer_per_share": 3.56,
            "book_valuer_per_share_4q_avg": 3.53,
            "equity": 10952000,
            "current_ratio": 263.83,
            "debt_ratio": 44.41,
            "inventory_turnover_ratio": 0.88,
            "account_receivable_turnover_ratio": 2.25,
            "reinvestment_rate": 4.1,
            "research_to_sale_ratio": 14.52,
            "price_fair": 70.44,
            "eps_avg_yearly": 2.01,
            "eps_latest_yearly": 1.32,
            "eps_growth_yearly": 90.66
        },
        "20132": {
            "year_quarter": 20132,
            "year": 2013,
            "quarter": 2,
            "eps": 0.39,
            "eps_growth_year": 1.33,
            "eps_4q": 1.79,
            "eps_4q_growth_year": 12.89,
            "roe": 5.99,
            "roe_4q": 18.599999999999998,
            "gross_profit": 1567000,
            "gross_margin": 51.43,
            "gross_margin_4q_avg": 49.71,
            "net_income": 660000,
            "revenue": 3047000,
            "common_shares": 1741000,
            "book_valuer_per_share": 3.78,
            "book_valuer_per_share_4q_avg": 3.64,
            "equity": 11068000,
            "current_ratio": 286.87,
            "debt_ratio": 42.94,
            "inventory_turnover_ratio": 0.87,
            "account_receivable_turnover_ratio": 2.16,
            "reinvestment_rate": 2.56,
            "research_to_sale_ratio": 12.77,
            "price_fair": 71.66,
            "eps_avg_yearly": 2.05,
            "eps_latest_yearly": 1.56,
            "eps_growth_yearly": 30.92
        },
        "20133": {
            "year_quarter": 20133,
            "year": 2013,
            "quarter": 3,
            "eps": 0.57,
            "eps_growth_year": -1.01,
            "eps_4q": 1.78,
            "eps_4q_growth_year": 8.49,
            "roe": 5.69,
            "roe_4q": 17.34,
            "gross_profit": 1776000,
            "gross_margin": 54.75,
            "gross_margin_4q_avg": 50.56,
            "net_income": 629000,
            "revenue": 3244000,
            "common_shares": 1741000,
            "book_valuer_per_share": 3.88,
            "book_valuer_per_share_4q_avg": 3.69,
            "equity": 11051000,
            "current_ratio": 297.5,
            "debt_ratio": 42.57,
            "inventory_turnover_ratio": 0.85,
            "account_receivable_turnover_ratio": 2.15,
            "reinvestment_rate": -0.8,
            "research_to_sale_ratio": 11.34,
            "price_fair": 71.77,
            "eps_avg_yearly": 2.08,
            "eps_latest_yearly": 2.28,
            "eps_growth_yearly": 24.46
        },
        "20134": {
            "year_quarter": 20134,
            "year": 2013,
            "quarter": 4,
            "eps": 0.5,
            "eps_growth_year": 1.99,
            "eps_4q": 1.79,
            "eps_4q_growth_year": 6.51,
            "roe": 4.68,
            "roe_4q": 19.66,
            "gross_profit": 1637000,
            "gross_margin": 54.06,
            "gross_margin_4q_avg": 51.94,
            "net_income": 511000,
            "revenue": 3028000,
            "common_shares": 1741000,
            "book_valuer_per_share": 3.79,
            "book_valuer_per_share_4q_avg": 3.75,
            "equity": 10807000,
            "current_ratio": 291.92,
            "debt_ratio": 42.93,
            "inventory_turnover_ratio": 0.8,
            "account_receivable_turnover_ratio": 2.22,
            "reinvestment_rate": -2,
            "research_to_sale_ratio": 11.43,
            "price_fair": 54.35,
            "eps_avg_yearly": 2.08,
            "eps_latest_yearly": 2,
            "eps_growth_yearly": 16.16
        },
        "20141": {
            "year_quarter": 20141,
            "year": 2014,
            "quarter": 1,
            "eps": 0.43,
            "eps_growth_year": 30.82,
            "eps_4q": 1.9,
            "eps_4q_growth_year": 6.23,
            "roe": 4.55,
            "roe_4q": 20.910000000000004,
            "gross_profit": 1604000,
            "gross_margin": 53.77,
            "gross_margin_4q_avg": 53.5,
            "net_income": 487000,
            "revenue": 2983000,
            "common_shares": 1741000,
            "book_valuer_per_share": 3.71,
            "book_valuer_per_share_4q_avg": 3.79,
            "equity": 10620000,
            "current_ratio": 338.32,
            "debt_ratio": 43.91,
            "inventory_turnover_ratio": 0.8,
            "account_receivable_turnover_ratio": 2.33,
            "reinvestment_rate": -4.41,
            "research_to_sale_ratio": 12.27,
            "price_fair": 45.52,
            "eps_avg_yearly": 2.05,
            "eps_latest_yearly": 1.72,
            "eps_growth_yearly": 12.18
        },
        "20142": {
            "year_quarter": 20142,
            "year": 2014,
            "quarter": 2,
            "eps": 0.62,
            "eps_growth_year": 56.51,
            "eps_4q": 2.12,
            "eps_4q_growth_year": 18.34,
            "roe": 6.48,
            "roe_4q": 21.400000000000002,
            "gross_profit": 1878000,
            "gross_margin": 57.05,
            "gross_margin_4q_avg": 54.91,
            "net_income": 683000,
            "revenue": 3292000,
            "common_shares": 1741000,
            "book_valuer_per_share": 3.69,
            "book_valuer_per_share_4q_avg": 3.77,
            "equity": 10466000,
            "current_ratio": 413.53,
            "debt_ratio": 41.24,
            "inventory_turnover_ratio": 0.82,
            "account_receivable_turnover_ratio": 2.28,
            "reinvestment_rate": -7.84,
            "research_to_sale_ratio": 10.6,
            "price_fair": 58.44,
            "eps_avg_yearly": 2.05,
            "eps_latest_yearly": 2.48,
            "eps_growth_yearly": 18.51
        },
        "20143": {
            "year_quarter": 20143,
            "year": 2014,
            "quarter": 3,
            "eps": 0.75,
            "eps_growth_year": 32.04,
            "eps_4q": 2.3,
            "eps_4q_growth_year": 28.93,
            "roe": 7.89,
            "roe_4q": 23.6,
            "gross_profit": 2041000,
            "gross_margin": 58.3,
            "gross_margin_4q_avg": 55.8,
            "net_income": 826000,
            "revenue": 3501000,
            "common_shares": 1741000,
            "book_valuer_per_share": 3.82,
            "book_valuer_per_share_4q_avg": 3.75,
            "equity": 10471000,
            "current_ratio": 293.45,
            "debt_ratio": 41.5,
            "inventory_turnover_ratio": 0.84,
            "account_receivable_turnover_ratio": 2.33,
            "reinvestment_rate": -10.82,
            "research_to_sale_ratio": 9.48,
            "price_fair": 62.99,
            "eps_avg_yearly": 2.06,
            "eps_latest_yearly": 3,
            "eps_growth_yearly": 20.58
        },
        "20144": {
            "year_quarter": 20144,
            "year": 2014,
            "quarter": 4,
            "eps": 0.74,
            "eps_growth_year": 48.44,
            "eps_4q": 2.54,
            "eps_4q_growth_year": 41.76,
            "roe": 7.91,
            "roe_4q": 26.830000000000002,
            "gross_profit": 1893000,
            "gross_margin": 57.91,
            "gross_margin_4q_avg": 56.76,
            "net_income": 825000,
            "revenue": 3269000,
            "common_shares": 1741000,
            "book_valuer_per_share": 3.86,
            "book_valuer_per_share_4q_avg": 3.77,
            "equity": 10390000,
            "current_ratio": 279.19,
            "debt_ratio": 40.19,
            "inventory_turnover_ratio": 0.78,
            "account_receivable_turnover_ratio": 2.4,
            "reinvestment_rate": -11.3,
            "research_to_sale_ratio": 9.51,
            "price_fair": 56.94,
            "eps_avg_yearly": 2.05,
            "eps_latest_yearly": 2.96,
            "eps_growth_yearly": 17.78
        },
        "20151": {
            "year_quarter": 20151,
            "year": 2015,
            "quarter": 1,
            "eps": 0.61,
            "eps_growth_year": 41.07,
            "eps_4q": 2.72,
            "eps_4q_growth_year": 43.51,
            "roe": 6.32,
            "roe_4q": 28.6,
            "gross_profit": 1816000,
            "gross_margin": 57.65,
            "gross_margin_4q_avg": 57.73,
            "net_income": 656000,
            "revenue": 3150000,
            "common_shares": 1741000,
            "book_valuer_per_share": 3.94,
            "book_valuer_per_share_4q_avg": 3.83,
            "equity": 10369000,
            "current_ratio": 336.48,
            "debt_ratio": 40.22,
            "inventory_turnover_ratio": 0.74,
            "account_receivable_turnover_ratio": 2.39,
            "reinvestment_rate": -11.8,
            "research_to_sale_ratio": 10.73,
            "price_fair": 57.66,
            "eps_avg_yearly": 2.05,
            "eps_latest_yearly": 2.44,
            "eps_growth_yearly": 18.19
        },
        "20152": {
            "year_quarter": 20152,
            "year": 2015,
            "quarter": 2,
            "eps": 0.65,
            "eps_growth_year": 6.11,
            "eps_4q": 2.76,
            "eps_4q_growth_year": 30.23,
            "roe": 6.77,
            "roe_4q": 28.89,
            "gross_profit": 1881000,
            "gross_margin": 58.2,
            "gross_margin_4q_avg": 58.02,
            "net_income": 696000,
            "revenue": 3232000,
            "common_shares": 1741000,
            "book_valuer_per_share": 3.9,
            "book_valuer_per_share_4q_avg": 3.88,
            "equity": 10205000,
            "current_ratio": 252.43,
            "debt_ratio": 41.79,
            "inventory_turnover_ratio": 0.72,
            "account_receivable_turnover_ratio": 2.29,
            "reinvestment_rate": -21.97,
            "research_to_sale_ratio": 9.9,
            "price_fair": 64.73,
            "eps_avg_yearly": 2.06,
            "eps_latest_yearly": 2.6,
            "eps_growth_yearly": 21.42
        },
        "20153": {
            "year_quarter": 20153,
            "year": 2015,
            "quarter": 3,
            "eps": 0.76,
            "eps_growth_year": 1.52,
            "eps_4q": 2.77,
            "eps_4q_growth_year": 20.41,
            "roe": 7.91,
            "roe_4q": 28.91,
            "gross_profit": 1997000,
            "gross_margin": 58.24,
            "gross_margin_4q_avg": 58,
            "net_income": 798000,
            "revenue": 3429000,
            "common_shares": 1741000,
            "book_valuer_per_share": 3.82,
            "book_valuer_per_share_4q_avg": 3.88,
            "equity": 9970000,
            "current_ratio": 291.56,
            "debt_ratio": 39.72,
            "inventory_turnover_ratio": 0.78,
            "account_receivable_turnover_ratio": 2.35,
            "reinvestment_rate": -20.11,
            "research_to_sale_ratio": 9.22,
            "price_fair": 74.2,
            "eps_avg_yearly": 2.12,
            "eps_latest_yearly": 3.04,
            "eps_growth_yearly": 28.62
        },
        "20154": {
            "year_quarter": 20154,
            "year": 2015,
            "quarter": 4,
            "eps": 0.76,
            "eps_growth_year": 1.49,
            "eps_4q": 2.78,
            "eps_4q_growth_year": 9.35,
            "roe": 8.4,
            "roe_4q": 29.400000000000002,
            "gross_profit": 1881000,
            "gross_margin": 58.98,
            "gross_margin_4q_avg": 58.27,
            "net_income": 836000,
            "revenue": 3189000,
            "common_shares": 1741000,
            "book_valuer_per_share": 3.91,
            "book_valuer_per_share_4q_avg": 3.89,
            "equity": 9946000,
            "current_ratio": 276.87,
            "debt_ratio": 38.72,
            "inventory_turnover_ratio": 0.76,
            "account_receivable_turnover_ratio": 2.41,
            "reinvestment_rate": -17.22,
            "research_to_sale_ratio": 9.19,
            "price_fair": 76.91,
            "eps_avg_yearly": 2.2,
            "eps_latest_yearly": 3.04,
            "eps_growth_yearly": 31.98
        },
        "20161": {
            "year_quarter": 20161,
            "year": 2016,
            "quarter": 1,
            "eps": 0.69,
            "eps_growth_year": 12.76,
            "eps_4q": 2.86,
            "eps_4q_growth_year": 5.07,
            "roe": 7.21,
            "roe_4q": 30.29,
            "gross_profit": 1829000,
            "gross_margin": 60.8,
            "gross_margin_4q_avg": 59.06,
            "net_income": 711000,
            "revenue": 3008000,
            "common_shares": 1741000,
            "book_valuer_per_share": 3.84,
            "book_valuer_per_share_4q_avg": 3.87,
            "equity": 9782000,
            "current_ratio": 275.17,
            "debt_ratio": 37.64,
            "inventory_turnover_ratio": 0.67,
            "account_receivable_turnover_ratio": 2.47,
            "reinvestment_rate": -15.9,
            "research_to_sale_ratio": 10.7,
            "price_fair": 80.94,
            "eps_avg_yearly": 2.31,
            "eps_latest_yearly": 2.76,
            "eps_growth_yearly": 41.9
        },
        "20162": {
            "year_quarter": 20162,
            "year": 2016,
            "quarter": 2,
            "eps": 0.79,
            "eps_growth_year": 21.61,
            "eps_4q": 3,
            "eps_4q_growth_year": 8.76,
            "roe": 8.3,
            "roe_4q": 31.820000000000004,
            "gross_profit": 2007000,
            "gross_margin": 61.32,
            "gross_margin_4q_avg": 59.84,
            "net_income": 819000,
            "revenue": 3273000,
            "common_shares": 1741000,
            "book_valuer_per_share": 4.11,
            "book_valuer_per_share_4q_avg": 3.92,
            "equity": 9962000,
            "current_ratio": 335.96,
            "debt_ratio": 36.52,
            "inventory_turnover_ratio": 0.69,
            "account_receivable_turnover_ratio": 2.5,
            "reinvestment_rate": -14.21,
            "research_to_sale_ratio": 10.42,
            "price_fair": 84.44,
            "eps_avg_yearly": 2.41,
            "eps_latest_yearly": 3.16,
            "eps_growth_yearly": 28.13
        },
        "20163": {
            "year_quarter": 20163,
            "year": 2016,
            "quarter": 3,
            "eps": 0.99,
            "eps_growth_year": 29.21,
            "eps_4q": 3.22,
            "eps_4q_growth_year": 16.35,
            "roe": 10.06,
            "roe_4q": 33.97,
            "gross_profit": 2284000,
            "gross_margin": 62.15,
            "gross_margin_4q_avg": 60.81,
            "net_income": 1018000,
            "revenue": 3675000,
            "common_shares": 1741000,
            "book_valuer_per_share": 4.52,
            "book_valuer_per_share_4q_avg": 4.1,
            "equity": 10286000,
            "current_ratio": 330.92,
            "debt_ratio": 36.57,
            "inventory_turnover_ratio": 0.76,
            "account_receivable_turnover_ratio": 2.63,
            "reinvestment_rate": -12.51,
            "research_to_sale_ratio": 9.61,
            "price_fair": 82.89,
            "eps_avg_yearly": 2.52,
            "eps_latest_yearly": 3.96,
            "eps_growth_yearly": 22.92
        },
        "20164": {
            "year_quarter": 20164,
            "year": 2016,
            "quarter": 4,
            "eps": 1,
            "eps_growth_year": 32.94,
            "eps_4q": 3.47,
            "eps_4q_growth_year": 24.83,
            "roe": 10.09,
            "roe_4q": 35.66,
            "gross_profit": 2137000,
            "gross_margin": 62.6,
            "gross_margin_4q_avg": 61.72,
            "net_income": 1047000,
            "revenue": 3414000,
            "common_shares": 1741000,
            "book_valuer_per_share": 4.81,
            "book_valuer_per_share_4q_avg": 4.32,
            "equity": 10473000,
            "current_ratio": 329.37,
            "debt_ratio": 36.26,
            "inventory_turnover_ratio": 0.71,
            "account_receivable_turnover_ratio": 2.52,
            "reinvestment_rate": -10.13,
            "research_to_sale_ratio": 9.96,
            "price_fair": 92.58,
            "eps_avg_yearly": 2.65,
            "eps_latest_yearly": 4,
            "eps_growth_yearly": 26.69
        },
        "20171": {
            "year_quarter": 20171,
            "year": 2017,
            "quarter": 1,
            "eps": 0.97,
            "eps_growth_year": 41.17,
            "eps_4q": 3.76,
            "eps_4q_growth_year": 31.34,
            "roe": 9.44,
            "roe_4q": 37.89,
            "gross_profit": 2144000,
            "gross_margin": 63.02,
            "gross_margin_4q_avg": 62.27,
            "net_income": 997000,
            "revenue": 3402000,
            "common_shares": 1741000,
            "book_valuer_per_share": 4.99,
            "book_valuer_per_share_4q_avg": 4.61,
            "equity": 10639000,
            "current_ratio": 439.45,
            "debt_ratio": 33.41,
            "inventory_turnover_ratio": 0.69,
            "account_receivable_turnover_ratio": 2.61,
            "reinvestment_rate": -8.6,
            "research_to_sale_ratio": 10.85,
            "price_fair": 98.18,
            "eps_avg_yearly": 2.81,
            "eps_latest_yearly": 3.88,
            "eps_growth_yearly": 34.1
        },
        "20172": {
            "year_quarter": 20172,
            "year": 2017,
            "quarter": 2,
            "eps": 1.03,
            "eps_growth_year": 29.96,
            "eps_4q": 3.99,
            "eps_4q_growth_year": 33.09,
            "roe": 9.89,
            "roe_4q": 39.48,
            "gross_profit": 2374000,
            "gross_margin": 64.28,
            "gross_margin_4q_avg": 63.01,
            "net_income": 1056000,
            "revenue": 3693000,
            "common_shares": 1741000,
            "book_valuer_per_share": 5.17,
            "book_valuer_per_share_4q_avg": 4.87,
            "equity": 10708000,
            "current_ratio": 400.16,
            "debt_ratio": 34.86,
            "inventory_turnover_ratio": 0.7,
            "account_receivable_turnover_ratio": 2.63,
            "reinvestment_rate": -7.4,
            "research_to_sale_ratio": 10.24,
            "price_fair": 103.78,
            "eps_avg_yearly": 2.97,
            "eps_latest_yearly": 4.12,
            "eps_growth_yearly": 31.1
        },
        "20173": {
            "year_quarter": 20173,
            "year": 2017,
            "quarter": 3,
            "eps": 1.26,
            "eps_growth_year": 28.37,
            "eps_4q": 4.27,
            "eps_4q_growth_year": 32.57,
            "roe": 11.85,
            "roe_4q": 41.269999999999996,
            "gross_profit": 2656000,
            "gross_margin": 64.53,
            "gross_margin_4q_avg": 63.61,
            "net_income": 1285000,
            "revenue": 4116000,
            "common_shares": 1741000,
            "book_valuer_per_share": 5.57,
            "book_valuer_per_share_4q_avg": 5.14,
            "equity": 10988000,
            "current_ratio": 388.86,
            "debt_ratio": 35.09,
            "inventory_turnover_ratio": 0.76,
            "account_receivable_turnover_ratio": 2.7,
            "reinvestment_rate": -5.77,
            "research_to_sale_ratio": 9.11,
            "price_fair": 109.81,
            "eps_avg_yearly": 3.14,
            "eps_latest_yearly": 5.04,
            "eps_growth_yearly": 25.14
        },
        "20174": {
            "year_quarter": 20174,
            "year": 2017,
            "quarter": 4,
            "eps": 0.4,
            "eps_growth_year": -60.11,
            "eps_4q": 3.67,
            "eps_4q_growth_year": 5.69,
            "roe": 3.78,
            "roe_4q": 34.96,
            "gross_profit": 2440000,
            "gross_margin": 65.07,
            "gross_margin_4q_avg": 64.23,
            "net_income": 403000,
            "revenue": 3750000,
            "common_shares": 1741000,
            "book_valuer_per_share": 5,
            "book_valuer_per_share_4q_avg": 5.18,
            "equity": 10337000,
            "current_ratio": 386.8,
            "debt_ratio": 41.41,
            "inventory_turnover_ratio": 0.68,
            "account_receivable_turnover_ratio": 2.63,
            "reinvestment_rate": -3.29,
            "research_to_sale_ratio": 10.29,
            "price_fair": 65.83,
            "eps_avg_yearly": 3.11,
            "eps_latest_yearly": 1.6,
            "eps_growth_yearly": 11.15
        },
        "20181": {
            "year_quarter": 20181,
            "year": 2018,
            "quarter": 1,
            "eps": 1.3,
            "eps_growth_year": 34.23,
            "eps_4q": 4,
            "eps_4q_growth_year": 6.57,
            "roe": 12.59,
            "roe_4q": 38.11,
            "gross_profit": 2447000,
            "gross_margin": 64.58,
            "gross_margin_4q_avg": 64.62,
            "net_income": 1321000,
            "revenue": 3789000,
            "common_shares": 1741000,
            "book_valuer_per_share": 5.41,
            "book_valuer_per_share_4q_avg": 5.29,
            "equity": 10642000,
            "current_ratio": 461.83,
            "debt_ratio": 39.21,
            "inventory_turnover_ratio": 0.67,
            "account_receivable_turnover_ratio": 2.77,
            "reinvestment_rate": -1.66,
            "research_to_sale_ratio": 10.16,
            "price_fair": 116.55,
            "eps_avg_yearly": 3.33,
            "eps_latest_yearly": 5.2,
            "eps_growth_yearly": 70.9
        },
        "20182": {
            "year_quarter": 20182,
            "year": 2018,
            "quarter": 2,
            "eps": 1.39,
            "eps_growth_year": 34.77,
            "eps_4q": 4.36,
            "eps_4q_growth_year": 9.21,
            "roe": 13.12,
            "roe_4q": 41.34,
            "gross_profit": 2619000,
            "gross_margin": 65.2,
            "gross_margin_4q_avg": 64.85,
            "net_income": 1396000,
            "revenue": 4017000,
            "common_shares": 1741000,
            "book_valuer_per_share": 5.53,
            "book_valuer_per_share_4q_avg": 5.38,
            "equity": 10634000,
            "current_ratio": 654.3,
            "debt_ratio": 42.6,
            "inventory_turnover_ratio": 0.68,
            "account_receivable_turnover_ratio": 2.67,
            "reinvestment_rate": 0.01,
            "research_to_sale_ratio": 9.56,
            "price_fair": 123.29,
            "eps_avg_yearly": 3.52,
            "eps_latest_yearly": 5.56,
            "eps_growth_yearly": 61.59
        },
        "20183": {
            "year_quarter": 20183,
            "year": 2018,
            "quarter": 3,
            "eps": 1.59,
            "eps_growth_year": 25.44,
            "eps_4q": 4.68,
            "eps_4q_growth_year": 9.59,
            "roe": 14.94,
            "roe_4q": 44.43,
            "gross_profit": 2804000,
            "gross_margin": 65.81,
            "gross_margin_4q_avg": 65.17,
            "net_income": 1580000,
            "revenue": 4261000,
            "common_shares": 1741000,
            "book_valuer_per_share": 5.55,
            "book_valuer_per_share_4q_avg": 5.37,
            "equity": 10516000,
            "current_ratio": 397.48,
            "debt_ratio": 43.38,
            "inventory_turnover_ratio": 0.69,
            "account_receivable_turnover_ratio": 2.72,
            "reinvestment_rate": 1.68,
            "research_to_sale_ratio": 9.15,
            "price_fair": 130.64,
            "eps_avg_yearly": 3.73,
            "eps_latest_yearly": 6.36,
            "eps_growth_yearly": 59.94
        },
        "20184": {
            "year_quarter": 20184,
            "year": 2018,
            "quarter": 4,
            "eps": 1.27,
            "eps_growth_year": 216.75,
            "eps_4q": 5.55,
            "eps_4q_growth_year": 51.28,
            "roe": 12.7,
            "roe_4q": 53.349999999999994,
            "gross_profit": 2407000,
            "gross_margin": 64.76,
            "gross_margin_4q_avg": 65.09,
            "net_income": 1239000,
            "revenue": 3717000,
            "common_shares": 1741000,
            "book_valuer_per_share": 4.14,
            "book_valuer_per_share_4q_avg": 5.16,
            "equity": 8994000,
            "current_ratio": 327.28,
            "debt_ratio": 47.52,
            "inventory_turnover_ratio": 0.6,
            "account_receivable_turnover_ratio": 2.66,
            "reinvestment_rate": 2.93,
            "research_to_sale_ratio": 10.76,
            "price_fair": 135.28,
            "eps_avg_yearly": 3.87,
            "eps_latest_yearly": 5.08,
            "eps_growth_yearly": 55.24
        },
        "20191": {
            "year_quarter": 20191,
            "year": 2019,
            "quarter": 1,
            "eps": 1.26,
            "eps_growth_year": -3.04,
            "eps_4q": 5.51,
            "eps_4q_growth_year": 37.71,
            "roe": 13.9,
            "roe_4q": 54.66,
            "gross_profit": 2261000,
            "gross_margin": 62.91,
            "gross_margin_4q_avg": 64.67,
            "net_income": 1217000,
            "revenue": 3594000,
            "common_shares": 1741000,
            "book_valuer_per_share": 3.74,
            "book_valuer_per_share_4q_avg": 4.74,
            "equity": 8519000,
            "current_ratio": 368.27,
            "debt_ratio": 51.16,
            "inventory_turnover_ratio": 0.61,
            "account_receivable_turnover_ratio": 2.72,
            "reinvestment_rate": 6.45,
            "research_to_sale_ratio": 10.82,
            "price_fair": 140.96,
            "eps_avg_yearly": 4.03,
            "eps_latest_yearly": 5.04,
            "eps_growth_yearly": 59.44
        },
        "20192": {
            "year_quarter": 20192,
            "year": 2019,
            "quarter": 2,
            "eps": 1.33,
            "eps_growth_year": -4.55,
            "eps_4q": 5.45,
            "eps_4q_growth_year": 24.92,
            "roe": 15.35,
            "roe_4q": 56.89,
            "gross_profit": 2360000,
            "gross_margin": 64.34,
            "gross_margin_4q_avg": 64.46,
            "net_income": 1305000,
            "revenue": 3668000,
            "common_shares": 1741000,
            "book_valuer_per_share": 3.82,
            "book_valuer_per_share_4q_avg": 4.31,
            "equity": 8486000,
            "current_ratio": 300.68,
            "debt_ratio": 51.18,
            "inventory_turnover_ratio": 0.62,
            "account_receivable_turnover_ratio": 2.57,
            "reinvestment_rate": 7.1,
            "research_to_sale_ratio": 10.63,
            "price_fair": 146.91,
            "eps_avg_yearly": 4.2,
            "eps_latest_yearly": 5.32,
            "eps_growth_yearly": 59.19
        },
        "20193": {
            "year_quarter": 20193,
            "year": 2019,
            "quarter": 3,
            "eps": 1.49,
            "eps_growth_year": -5.97,
            "eps_4q": 5.35,
            "eps_4q_growth_year": 14.32,
            "roe": 16.31,
            "roe_4q": 58.25999999999999,
            "gross_profit": 2446000,
            "gross_margin": 64.86,
            "gross_margin_4q_avg": 64.22,
            "net_income": 1425000,
            "revenue": 3771000,
            "common_shares": 1741000,
            "book_valuer_per_share": 4.44,
            "book_valuer_per_share_4q_avg": 4.04,
            "equity": 8985000,
            "current_ratio": 434.13,
            "debt_ratio": 50.06,
            "inventory_turnover_ratio": 0.64,
            "account_receivable_turnover_ratio": 2.73,
            "reinvestment_rate": 6.58,
            "research_to_sale_ratio": 10.05,
            "price_fair": 153.3,
            "eps_avg_yearly": 4.38,
            "eps_latest_yearly": 5.96,
            "eps_growth_yearly": 57.96
        },
        "20194": {
            "year_quarter": 20194,
            "year": 2019,
            "quarter": 4,
            "eps": 1.12,
            "eps_growth_year": -11.63,
            "eps_4q": 5.21,
            "eps_4q_growth_year": -6.22,
            "roe": 11.96,
            "roe_4q": 57.519999999999996,
            "gross_profit": 2097000,
            "gross_margin": 62.6,
            "gross_margin_4q_avg": 63.68,
            "net_income": 1070000,
            "revenue": 3350000,
            "common_shares": 1741000,
            "book_valuer_per_share": 4.44,
            "book_valuer_per_share_4q_avg": 4.11,
            "equity": 8907000,
            "current_ratio": 412.67,
            "debt_ratio": 50.57,
            "inventory_turnover_ratio": 0.62,
            "account_receivable_turnover_ratio": 2.77,
            "reinvestment_rate": 6.65,
            "research_to_sale_ratio": 11.52,
            "price_fair": 156.45,
            "eps_avg_yearly": 4.47,
            "eps_latest_yearly": 4.48,
            "eps_growth_yearly": 51.76
        },
        "20201": {
            "year_quarter": 20201,
            "year": 2020,
            "quarter": 1,
            "eps": 1.24,
            "eps_growth_year": -2.06,
            "eps_4q": 5.18,
            "eps_4q_growth_year": -6.02,
            "roe": 14.11,
            "roe_4q": 57.73,
            "gross_profit": 2088000,
            "gross_margin": 62.72,
            "gross_margin_4q_avg": 63.63,
            "net_income": 1174000,
            "revenue": 3329000,
            "common_shares": 1741000,
            "book_valuer_per_share": 3.19,
            "book_valuer_per_share_4q_avg": 3.97,
            "equity": 7734000,
            "current_ratio": 349.01,
            "debt_ratio": 55.25,
            "inventory_turnover_ratio": 0.62,
            "account_receivable_turnover_ratio": 2.79,
            "reinvestment_rate": 2.65,
            "research_to_sale_ratio": 11.32,
            "price_fair": 161.26,
            "eps_avg_yearly": 4.61,
            "eps_latest_yearly": 4.96,
            "eps_growth_yearly": 56.74
        },
        "20202": {
            "year_quarter": 20202,
            "year": 2020,
            "quarter": 2,
            "eps": 1.5,
            "eps_growth_year": 12.76,
            "eps_4q": 5.35,
            "eps_4q_growth_year": -1.81,
            "roe": 17.95,
            "roe_4q": 60.33,
            "gross_profit": 2082000,
            "gross_margin": 64.28,
            "gross_margin_4q_avg": 63.62,
            "net_income": 1380000,
            "revenue": 3239000,
            "common_shares": 1741000,
            "book_valuer_per_share": 3.17,
            "book_valuer_per_share_4q_avg": 3.81,
            "equity": 7644000,
            "current_ratio": 392.42,
            "debt_ratio": 56.18,
            "inventory_turnover_ratio": 0.56,
            "account_receivable_turnover_ratio": 2.6,
            "reinvestment_rate": 2.43,
            "research_to_sale_ratio": 11.7,
            "price_fair": 167.48,
            "eps_avg_yearly": 4.79,
            "eps_latest_yearly": 6,
            "eps_growth_yearly": 58.36
        },
        "20203": {
            "year_quarter": 20203,
            "year": 2020,
            "quarter": 3,
            "eps": 1.45,
            "eps_growth_year": -2.79,
            "eps_4q": 5.31,
            "eps_4q_growth_year": -0.85,
            "roe": 16.95,
            "roe_4q": 60.97,
            "gross_profit": 2453000,
            "gross_margin": 64.27,
            "gross_margin_4q_avg": 63.47,
            "net_income": 1353000,
            "revenue": 3817000,
            "common_shares": 1741000,
            "book_valuer_per_share": 3.97,
            "book_valuer_per_share_4q_avg": 3.69,
            "equity": 8325000,
            "current_ratio": 423.75,
            "debt_ratio": 54.28,
            "inventory_turnover_ratio": 0.65,
            "account_receivable_turnover_ratio": 2.97,
            "reinvestment_rate": 2.42,
            "research_to_sale_ratio": 10.11,
            "price_fair": 171.5,
            "eps_avg_yearly": 4.9,
            "eps_latest_yearly": 5.8,
            "eps_growth_yearly": 51.19
        },
        "20204": {
            "year_quarter": 20204,
            "year": 2020,
            "quarter": 4,
            "eps": 1.8,
            "eps_growth_year": 60.61,
            "eps_4q": 5.99,
            "eps_4q_growth_year": 15.01,
            "roe": 19.28,
            "roe_4q": 68.29,
            "gross_profit": 2646000,
            "gross_margin": 64.92,
            "gross_margin_4q_avg": 64.05,
            "net_income": 1688000,
            "revenue": 4076000,
            "common_shares": 1741000,
            "book_valuer_per_share": 4.95,
            "book_valuer_per_share_4q_avg": 3.82,
            "equity": 9187000,
            "current_ratio": 428.41,
            "debt_ratio": 52.52,
            "inventory_turnover_ratio": 0.71,
            "account_receivable_turnover_ratio": 2.91,
            "reinvestment_rate": 2.92,
            "research_to_sale_ratio": 9.52,
            "price_fair": 178.5,
            "eps_avg_yearly": 5.1,
            "eps_latest_yearly": 7.2,
            "eps_growth_yearly": 56.98
        },
        "20211": {
            "year_quarter": 20211,
            "year": 2021,
            "quarter": 1,
            "eps": 1.87,
            "eps_growth_year": 50.69,
            "eps_4q": 6.61,
            "eps_4q_growth_year": 27.71,
            "roe": 18.12,
            "roe_4q": 72.30000000000001,
            "gross_profit": 2797000,
            "gross_margin": 65.21,
            "gross_margin_4q_avg": 64.67,
            "net_income": 1753000,
            "revenue": 4289000,
            "common_shares": 1741000,
            "book_valuer_per_share": 6.05,
            "book_valuer_per_share_4q_avg": 4.54,
            "equity": 10166000,
            "current_ratio": 612.06,
            "debt_ratio": 48.24,
            "inventory_turnover_ratio": 0.78,
            "account_receivable_turnover_ratio": 2.86,
            "reinvestment_rate": 3.37,
            "research_to_sale_ratio": 9,
            "price_fair": 186.38,
            "eps_avg_yearly": 5.33,
            "eps_latest_yearly": 7.48,
            "eps_growth_yearly": 58.7
        },
        "20212": {
            "year_quarter": 20212,
            "year": 2021,
            "quarter": 2,
            "eps": 2.05,
            "eps_growth_year": 37.08,
            "eps_4q": 7.17,
            "eps_4q_growth_year": 34.05,
            "roe": 18.12,
            "roe_4q": 72.47,
            "gross_profit": 3077000,
            "gross_margin": 67.18,
            "gross_margin_4q_avg": 65.4,
            "net_income": 1931000,
            "revenue": 4580000,
            "common_shares": 1741000,
            "book_valuer_per_share": 7.19,
            "book_valuer_per_share_4q_avg": 5.54,
            "equity": 11153000,
            "current_ratio": 507.81,
            "debt_ratio": 45.87,
            "inventory_turnover_ratio": 0.8,
            "account_receivable_turnover_ratio": 2.89,
            "reinvestment_rate": 4.08,
            "research_to_sale_ratio": 8.54,
            "price_fair": 195.3,
            "eps_avg_yearly": 5.58,
            "eps_latest_yearly": 8.2,
            "eps_growth_yearly": 59.56
        },
        "20213": {
            "year_quarter": 20213,
            "year": 2021,
            "quarter": 3,
            "eps": 2.07,
            "eps_growth_year": 42.81,
            "eps_4q": 7.79,
            "eps_4q_growth_year": 46.79,
            "roe": 16.71,
            "roe_4q": 72.23,
            "gross_profit": 3152000,
            "gross_margin": 67.89,
            "gross_margin_4q_avg": 66.3,
            "net_income": 1947000,
            "revenue": 4643000,
            "common_shares": 1741000,
            "book_valuer_per_share": 8.33,
            "book_valuer_per_share_4q_avg": 6.63,
            "equity": 12151000,
            "current_ratio": 562.99,
            "debt_ratio": 47.79,
            "inventory_turnover_ratio": 0.8,
            "account_receivable_turnover_ratio": 2.86,
            "reinvestment_rate": 5.04,
            "research_to_sale_ratio": 8.36,
            "price_fair": 202.39,
            "eps_avg_yearly": 5.78,
            "eps_latest_yearly": 8.28,
            "eps_growth_yearly": 54.22
        },
        "20214": {
            "year_quarter": 20214,
            "year": 2021,
            "quarter": 4,
            "eps": 2.32,
            "eps_growth_year": 29.1,
            "eps_4q": 8.31,
            "eps_4q_growth_year": 38.88,
            "roe": 16.78,
            "roe_4q": 69.73,
            "gross_profit": 3350000,
            "gross_margin": 69.33,
            "gross_margin_4q_avg": 67.4,
            "net_income": 2138000,
            "revenue": 4832000,
            "common_shares": 1741000,
            "book_valuer_per_share": 9.62,
            "book_valuer_per_share_4q_avg": 7.8,
            "equity": 13333000,
            "current_ratio": 532.7,
            "debt_ratio": 45.97,
            "inventory_turnover_ratio": 0.79,
            "account_receivable_turnover_ratio": 2.88,
            "reinvestment_rate": 10.94,
            "research_to_sale_ratio": 8.05,
            "price_fair": 219.19,
            "eps_avg_yearly": 6.26,
            "eps_latest_yearly": 9.28,
            "eps_growth_yearly": 74.3
        },
        "20221": {
            "year_quarter": 20221,
            "year": 2022,
            "quarter": 1,
            "eps": 2.41,
            "eps_growth_year": 29.05,
            "eps_4q": 8.86,
            "eps_4q_growth_year": 33.9,
            "roe": 16.1,
            "roe_4q": 67.71000000000001,
            "gross_profit": 3442000,
            "gross_margin": 70.17,
            "gross_margin_4q_avg": 68.64,
            "net_income": 2201000,
            "revenue": 4905000,
            "common_shares": 1741000,
            "book_valuer_per_share": 10.37,
            "book_valuer_per_share_4q_avg": 8.88,
            "equity": 14017000,
            "current_ratio": 554.19,
            "debt_ratio": 44.54,
            "inventory_turnover_ratio": 0.74,
            "account_receivable_turnover_ratio": 2.81,
            "reinvestment_rate": 9.36,
            "research_to_sale_ratio": 7.97,
            "price_fair": 189.8,
            "eps_avg_yearly": 6.54,
            "eps_latest_yearly": 9.64,
            "eps_growth_yearly": 19.02
        },
        "20222": {
            "year_quarter": 20222,
            "year": 2022,
            "quarter": 2,
            "eps": 2.51,
            "eps_growth_year": 22.4,
            "eps_4q": 9.32,
            "eps_4q_growth_year": 29.94,
            "roe": 16.3,
            "roe_4q": 65.89000000000001,
            "gross_profit": 3625000,
            "gross_margin": 69.55,
            "gross_margin_4q_avg": 69.24,
            "net_income": 2291000,
            "revenue": 5212000,
            "common_shares": 1741000,
            "book_valuer_per_share": 10.54,
            "book_valuer_per_share_4q_avg": 9.72,
            "equity": 14092000,
            "current_ratio": 509.49,
            "debt_ratio": 43,
            "inventory_turnover_ratio": 0.75,
            "account_receivable_turnover_ratio": 2.62,
            "reinvestment_rate": 10.14,
            "research_to_sale_ratio": 7.94,
            "price_fair": 193.2,
            "eps_avg_yearly": 6.82,
            "eps_latest_yearly": 10.04,
            "eps_growth_yearly": 18.33
        },
        "20223": {
            "year_quarter": 20223,
            "year": 2022,
            "quarter": 3,
            "eps": 2.55,
            "eps_growth_year": 22.99,
            "eps_4q": 9.79,
            "eps_4q_growth_year": 25.7,
            "roe": 16.05,
            "roe_4q": 65.23,
            "gross_profit": 3617000,
            "gross_margin": 69.01,
            "gross_margin_4q_avg": 69.52,
            "net_income": 2295000,
            "revenue": 5241000,
            "common_shares": 1741000,
            "book_valuer_per_share": 11.07,
            "book_valuer_per_share_4q_avg": 10.4,
            "equity": 14507000,
            "current_ratio": 492.21,
            "debt_ratio": 44.33,
            "inventory_turnover_ratio": 0.71,
            "account_receivable_turnover_ratio": 2.48,
            "reinvestment_rate": 11.55,
            "research_to_sale_ratio": 8.22,
            "price_fair": 177.41,
            "eps_avg_yearly": 7.06,
            "eps_latest_yearly": 10.2,
            "eps_growth_yearly": 15.13
        },
        "20224": {
            "year_quarter": 20224,
            "year": 2022,
            "quarter": 4,
            "eps": 2.18,
            "eps_growth_year": -6.34,
            "eps_4q": 9.65,
            "eps_4q_growth_year": 16,
            "roe": 13.49,
            "roe_4q": 61.940000000000005,
            "gross_profit": 3087000,
            "gross_margin": 66.1,
            "gross_margin_4q_avg": 68.71,
            "net_income": 1962000,
            "revenue": 4670000,
            "common_shares": 1741000,
            "book_valuer_per_share": 11.11,
            "book_valuer_per_share_4q_avg": 10.77,
            "equity": 14577000,
            "current_ratio": 469.72,
            "debt_ratio": 46.42,
            "inventory_turnover_ratio": 0.61,
            "account_receivable_turnover_ratio": 2.37,
            "reinvestment_rate": 12.36,
            "research_to_sale_ratio": 9.29,
            "price_fair": 193.36,
            "eps_avg_yearly": 7.29,
            "eps_latest_yearly": 8.72,
            "eps_growth_yearly": 16.53
        },
        "20231": {
            "year_quarter": 20231,
            "year": 2023,
            "quarter": 1,
            "eps": 1.85,
            "eps_growth_year": -22.99,
            "eps_4q": 9.09,
            "eps_4q_growth_year": 2.65,
            "roe": 11.46,
            "roe_4q": 57.3,
            "gross_profit": 2863000,
            "gross_margin": 65.38,
            "gross_margin_4q_avg": 67.51,
            "net_income": 1708000,
            "revenue": 4379000,
            "common_shares": 1741000,
            "book_valuer_per_share": 11.83,
            "book_valuer_per_share_4q_avg": 11.14,
            "equity": 15243000,
            "current_ratio": 517.32,
            "debt_ratio": 47.83,
            "inventory_turnover_ratio": 0.5,
            "account_receivable_turnover_ratio": 2.32,
            "reinvestment_rate": 13.12,
            "research_to_sale_ratio": 10.39,
            "price_fair": 170.6,
            "eps_avg_yearly": 7.44,
            "eps_latest_yearly": 7.4,
            "eps_growth_yearly": 12.95
        }
    },
    "months": {
        "2001-01": {
            "month": "2001-01",
            "price": "46.88",
            "revenue": 0
        },
        "2001-02": {
            "month": "2001-02",
            "price": "36.60",
            "revenue": 0
        },
        "2001-03": {
            "month": "2001-03",
            "price": "33.72",
            "revenue": 0
        },
        "2001-04": {
            "month": "2001-04",
            "price": "33.22",
            "revenue": 0
        },
        "2001-05": {
            "month": "2001-05",
            "price": "38.19",
            "revenue": 0
        },
        "2001-06": {
            "month": "2001-06",
            "price": "33.07",
            "revenue": 0
        },
        "2001-07": {
            "month": "2001-07",
            "price": "31.88",
            "revenue": 0
        },
        "2001-08": {
            "month": "2001-08",
            "price": "34.73",
            "revenue": 0
        },
        "2001-09": {
            "month": "2001-09",
            "price": "26.06",
            "revenue": 0
        },
        "2001-10": {
            "month": "2001-10",
            "price": "28.46",
            "revenue": 0
        },
        "2001-11": {
            "month": "2001-11",
            "price": "31.81",
            "revenue": 0
        },
        "2001-12": {
            "month": "2001-12",
            "price": "30.00",
            "revenue": 0
        },
        "2002-01": {
            "month": "2002-01",
            "price": "28.24",
            "revenue": 0
        },
        "2002-02": {
            "month": "2002-02",
            "price": "30.52",
            "revenue": 0
        },
        "2002-03": {
            "month": "2002-03",
            "price": "33.58",
            "revenue": 0
        },
        "2002-04": {
            "month": "2002-04",
            "price": "32.50",
            "revenue": 0
        },
        "2002-05": {
            "month": "2002-05",
            "price": "30.04",
            "revenue": 0
        },
        "2002-06": {
            "month": "2002-06",
            "price": "25.54",
            "revenue": 0
        },
        "2002-07": {
            "month": "2002-07",
            "price": "23.70",
            "revenue": 0
        },
        "2002-08": {
            "month": "2002-08",
            "price": "20.69",
            "revenue": 0
        },
        "2002-09": {
            "month": "2002-09",
            "price": "17.78",
            "revenue": 0
        },
        "2002-10": {
            "month": "2002-10",
            "price": "15.49",
            "revenue": 0
        },
        "2002-11": {
            "month": "2002-11",
            "price": "17.15",
            "revenue": 0
        },
        "2002-12": {
            "month": "2002-12",
            "price": "16.85",
            "revenue": 0
        },
        "2003-01": {
            "month": "2003-01",
            "price": "15.73",
            "revenue": 0
        },
        "2003-02": {
            "month": "2003-02",
            "price": "15.70",
            "revenue": 0
        },
        "2003-03": {
            "month": "2003-03",
            "price": "17.26",
            "revenue": 0
        },
        "2003-04": {
            "month": "2003-04",
            "price": "17.95",
            "revenue": 0
        },
        "2003-05": {
            "month": "2003-05",
            "price": "19.40",
            "revenue": 0
        },
        "2003-06": {
            "month": "2003-06",
            "price": "19.01",
            "revenue": 0
        },
        "2003-07": {
            "month": "2003-07",
            "price": "18.77",
            "revenue": 0
        },
        "2003-08": {
            "month": "2003-08",
            "price": "20.55",
            "revenue": 0
        },
        "2003-09": {
            "month": "2003-09",
            "price": "23.94",
            "revenue": 0
        },
        "2003-10": {
            "month": "2003-10",
            "price": "26.22",
            "revenue": 0
        },
        "2003-11": {
            "month": "2003-11",
            "price": "29.49",
            "revenue": 0
        },
        "2003-12": {
            "month": "2003-12",
            "price": "28.79",
            "revenue": 0
        },
        "2004-01": {
            "month": "2004-01",
            "price": "31.55",
            "revenue": 0
        },
        "2004-02": {
            "month": "2004-02",
            "price": "30.83",
            "revenue": 0
        },
        "2004-03": {
            "month": "2004-03",
            "price": "29.46",
            "revenue": 0
        },
        "2004-04": {
            "month": "2004-04",
            "price": "28.20",
            "revenue": 0
        },
        "2004-05": {
            "month": "2004-05",
            "price": "25.33",
            "revenue": 0
        },
        "2004-06": {
            "month": "2004-06",
            "price": "24.49",
            "revenue": 0
        },
        "2004-07": {
            "month": "2004-07",
            "price": "21.75",
            "revenue": 0
        },
        "2004-08": {
            "month": "2004-08",
            "price": "19.70",
            "revenue": 0
        },
        "2004-09": {
            "month": "2004-09",
            "price": "21.24",
            "revenue": 0
        },
        "2004-10": {
            "month": "2004-10",
            "price": "22.56",
            "revenue": 0
        },
        "2004-11": {
            "month": "2004-11",
            "price": "24.56",
            "revenue": 0
        },
        "2004-12": {
            "month": "2004-12",
            "price": "24.21",
            "revenue": 0
        },
        "2005-01": {
            "month": "2005-01",
            "price": "22.45",
            "revenue": 0
        },
        "2005-02": {
            "month": "2005-02",
            "price": "25.24",
            "revenue": 0
        },
        "2005-03": {
            "month": "2005-03",
            "price": "26.03",
            "revenue": 0
        },
        "2005-04": {
            "month": "2005-04",
            "price": "24.37",
            "revenue": 0
        },
        "2005-05": {
            "month": "2005-05",
            "price": "26.79",
            "revenue": 0
        },
        "2005-06": {
            "month": "2005-06",
            "price": "27.75",
            "revenue": 0
        },
        "2005-07": {
            "month": "2005-07",
            "price": "30.61",
            "revenue": 0
        },
        "2005-08": {
            "month": "2005-08",
            "price": "32.09",
            "revenue": 0
        },
        "2005-09": {
            "month": "2005-09",
            "price": "33.19",
            "revenue": 0
        },
        "2005-10": {
            "month": "2005-10",
            "price": "30.02",
            "revenue": 0
        },
        "2005-11": {
            "month": "2005-11",
            "price": "31.42",
            "revenue": 0
        },
        "2005-12": {
            "month": "2005-12",
            "price": "32.97",
            "revenue": 0
        },
        "2006-01": {
            "month": "2006-01",
            "price": "32.18",
            "revenue": 0
        },
        "2006-02": {
            "month": "2006-02",
            "price": "30.47",
            "revenue": 0
        },
        "2006-03": {
            "month": "2006-03",
            "price": "31.24",
            "revenue": 0
        },
        "2006-04": {
            "month": "2006-04",
            "price": "33.84",
            "revenue": 0
        },
        "2006-05": {
            "month": "2006-05",
            "price": "32.91",
            "revenue": 0
        },
        "2006-06": {
            "month": "2006-06",
            "price": "30.12",
            "revenue": 0
        },
        "2006-07": {
            "month": "2006-07",
            "price": "28.93",
            "revenue": 0
        },
        "2006-08": {
            "month": "2006-08",
            "price": "31.39",
            "revenue": 0
        },
        "2006-09": {
            "month": "2006-09",
            "price": "32.14",
            "revenue": 0
        },
        "2006-10": {
            "month": "2006-10",
            "price": "31.56",
            "revenue": 0
        },
        "2006-11": {
            "month": "2006-11",
            "price": "29.63",
            "revenue": 0
        },
        "2006-12": {
            "month": "2006-12",
            "price": "29.30",
            "revenue": 0
        },
        "2007-01": {
            "month": "2007-01",
            "price": "29.45",
            "revenue": 0
        },
        "2007-02": {
            "month": "2007-02",
            "price": "31.16",
            "revenue": 0
        },
        "2007-03": {
            "month": "2007-03",
            "price": "31.29",
            "revenue": 0
        },
        "2007-04": {
            "month": "2007-04",
            "price": "32.14",
            "revenue": 0
        },
        "2007-05": {
            "month": "2007-05",
            "price": "35.61",
            "revenue": 0
        },
        "2007-06": {
            "month": "2007-06",
            "price": "36.45",
            "revenue": 0
        },
        "2007-07": {
            "month": "2007-07",
            "price": "37.69",
            "revenue": 0
        },
        "2007-08": {
            "month": "2007-08",
            "price": "33.77",
            "revenue": 0
        },
        "2007-09": {
            "month": "2007-09",
            "price": "35.63",
            "revenue": 0
        },
        "2007-10": {
            "month": "2007-10",
            "price": "34.42",
            "revenue": 0
        },
        "2007-11": {
            "month": "2007-11",
            "price": "31.54",
            "revenue": 0
        },
        "2007-12": {
            "month": "2007-12",
            "price": "33.08",
            "revenue": 0
        },
        "2008-01": {
            "month": "2008-01",
            "price": "30.32",
            "revenue": 0
        },
        "2008-02": {
            "month": "2008-02",
            "price": "30.33",
            "revenue": 0
        },
        "2008-03": {
            "month": "2008-03",
            "price": "28.93",
            "revenue": 0
        },
        "2008-04": {
            "month": "2008-04",
            "price": "29.47",
            "revenue": 0
        },
        "2008-05": {
            "month": "2008-05",
            "price": "31.01",
            "revenue": 0
        },
        "2008-06": {
            "month": "2008-06",
            "price": "30.10",
            "revenue": 0
        },
        "2008-07": {
            "month": "2008-07",
            "price": "26.45",
            "revenue": 0
        },
        "2008-08": {
            "month": "2008-08",
            "price": "24.98",
            "revenue": 0
        },
        "2008-09": {
            "month": "2008-09",
            "price": "22.48",
            "revenue": 0
        },
        "2008-10": {
            "month": "2008-10",
            "price": "18.75",
            "revenue": 0
        },
        "2008-11": {
            "month": "2008-11",
            "price": "16.33",
            "revenue": 0
        },
        "2008-12": {
            "month": "2008-12",
            "price": "15.05",
            "revenue": 0
        },
        "2009-01": {
            "month": "2009-01",
            "price": "15.06",
            "revenue": 0
        },
        "2009-02": {
            "month": "2009-02",
            "price": "15.88",
            "revenue": 0
        },
        "2009-03": {
            "month": "2009-03",
            "price": "15.89",
            "revenue": 0
        },
        "2009-04": {
            "month": "2009-04",
            "price": "17.19",
            "revenue": 0
        },
        "2009-05": {
            "month": "2009-05",
            "price": "18.06",
            "revenue": 0
        },
        "2009-06": {
            "month": "2009-06",
            "price": "20.81",
            "revenue": 0
        },
        "2009-07": {
            "month": "2009-07",
            "price": "22.46",
            "revenue": 0
        },
        "2009-08": {
            "month": "2009-08",
            "price": "24.21",
            "revenue": 0
        },
        "2009-09": {
            "month": "2009-09",
            "price": "24.21",
            "revenue": 0
        },
        "2009-10": {
            "month": "2009-10",
            "price": "23.31",
            "revenue": 0
        },
        "2009-11": {
            "month": "2009-11",
            "price": "24.90",
            "revenue": 0
        },
        "2009-12": {
            "month": "2009-12",
            "price": "25.85",
            "revenue": 0
        },
        "2010-01": {
            "month": "2010-01",
            "price": "24.60",
            "revenue": 0
        },
        "2010-02": {
            "month": "2010-02",
            "price": "23.94",
            "revenue": 0
        },
        "2010-03": {
            "month": "2010-03",
            "price": "24.59",
            "revenue": 0
        },
        "2010-04": {
            "month": "2010-04",
            "price": "26.09",
            "revenue": 0
        },
        "2010-05": {
            "month": "2010-05",
            "price": "25.06",
            "revenue": 0
        },
        "2010-06": {
            "month": "2010-06",
            "price": "24.54",
            "revenue": 0
        },
        "2010-07": {
            "month": "2010-07",
            "price": "24.73",
            "revenue": 0
        },
        "2010-08": {
            "month": "2010-08",
            "price": "24.60",
            "revenue": 0
        },
        "2010-09": {
            "month": "2010-09",
            "price": "25.19",
            "revenue": 0
        },
        "2010-10": {
            "month": "2010-10",
            "price": "28.48",
            "revenue": 0
        },
        "2010-11": {
            "month": "2010-11",
            "price": "31.23",
            "revenue": 0
        },
        "2010-12": {
            "month": "2010-12",
            "price": "32.72",
            "revenue": 0
        },
        "2011-01": {
            "month": "2011-01",
            "price": "33.77",
            "revenue": 0
        },
        "2011-02": {
            "month": "2011-02",
            "price": "35.55",
            "revenue": 0
        },
        "2011-03": {
            "month": "2011-03",
            "price": "34.62",
            "revenue": 0
        },
        "2011-04": {
            "month": "2011-04",
            "price": "34.98",
            "revenue": 0
        },
        "2011-05": {
            "month": "2011-05",
            "price": "34.88",
            "revenue": 0
        },
        "2011-06": {
            "month": "2011-06",
            "price": "32.33",
            "revenue": 0
        },
        "2011-07": {
            "month": "2011-07",
            "price": "31.58",
            "revenue": 0
        },
        "2011-08": {
            "month": "2011-08",
            "price": "26.79",
            "revenue": 0
        },
        "2011-09": {
            "month": "2011-09",
            "price": "26.73",
            "revenue": 0
        },
        "2011-10": {
            "month": "2011-10",
            "price": "29.96",
            "revenue": 0
        },
        "2011-11": {
            "month": "2011-11",
            "price": "30.17",
            "revenue": 0
        },
        "2011-12": {
            "month": "2011-12",
            "price": "29.35",
            "revenue": 0
        },
        "2012-01": {
            "month": "2012-01",
            "price": "31.65",
            "revenue": 0
        },
        "2012-02": {
            "month": "2012-02",
            "price": "33.42",
            "revenue": 0
        },
        "2012-03": {
            "month": "2012-03",
            "price": "32.98",
            "revenue": 0
        },
        "2012-04": {
            "month": "2012-04",
            "price": "32.25",
            "revenue": 0
        },
        "2012-05": {
            "month": "2012-05",
            "price": "30.04",
            "revenue": 0
        },
        "2012-06": {
            "month": "2012-06",
            "price": "27.78",
            "revenue": 0
        },
        "2012-07": {
            "month": "2012-07",
            "price": "27.32",
            "revenue": 0
        },
        "2012-08": {
            "month": "2012-08",
            "price": "29.21",
            "revenue": 0
        },
        "2012-09": {
            "month": "2012-09",
            "price": "28.64",
            "revenue": 0
        },
        "2012-10": {
            "month": "2012-10",
            "price": "27.92",
            "revenue": 0
        },
        "2012-11": {
            "month": "2012-11",
            "price": "29.30",
            "revenue": 0
        },
        "2012-12": {
            "month": "2012-12",
            "price": "30.58",
            "revenue": 0
        },
        "2013-01": {
            "month": "2013-01",
            "price": "32.58",
            "revenue": 0
        },
        "2013-02": {
            "month": "2013-02",
            "price": "33.70",
            "revenue": 0
        },
        "2013-03": {
            "month": "2013-03",
            "price": "34.99",
            "revenue": 0
        },
        "2013-04": {
            "month": "2013-04",
            "price": "35.19",
            "revenue": 0
        },
        "2013-05": {
            "month": "2013-05",
            "price": "36.57",
            "revenue": 0
        },
        "2013-06": {
            "month": "2013-06",
            "price": "35.45",
            "revenue": 0
        },
        "2013-07": {
            "month": "2013-07",
            "price": "37.43",
            "revenue": 0
        },
        "2013-08": {
            "month": "2013-08",
            "price": "39.12",
            "revenue": 0
        },
        "2013-09": {
            "month": "2013-09",
            "price": "40.11",
            "revenue": 0
        },
        "2013-10": {
            "month": "2013-10",
            "price": "40.45",
            "revenue": 0
        },
        "2013-11": {
            "month": "2013-11",
            "price": "42.26",
            "revenue": 0
        },
        "2013-12": {
            "month": "2013-12",
            "price": "43.02",
            "revenue": 0
        },
        "2014-01": {
            "month": "2014-01",
            "price": "43.14",
            "revenue": 0
        },
        "2014-02": {
            "month": "2014-02",
            "price": "43.29",
            "revenue": 0
        },
        "2014-03": {
            "month": "2014-03",
            "price": "45.89",
            "revenue": 0
        },
        "2014-04": {
            "month": "2014-04",
            "price": "46.34",
            "revenue": 0
        },
        "2014-05": {
            "month": "2014-05",
            "price": "45.91",
            "revenue": 0
        },
        "2014-06": {
            "month": "2014-06",
            "price": "47.78",
            "revenue": 0
        },
        "2014-07": {
            "month": "2014-07",
            "price": "48.35",
            "revenue": 0
        },
        "2014-08": {
            "month": "2014-08",
            "price": "47.14",
            "revenue": 0
        },
        "2014-09": {
            "month": "2014-09",
            "price": "48.28",
            "revenue": 0
        },
        "2014-10": {
            "month": "2014-10",
            "price": "45.98",
            "revenue": 0
        },
        "2014-11": {
            "month": "2014-11",
            "price": "51.82",
            "revenue": 0
        },
        "2014-12": {
            "month": "2014-12",
            "price": "54.36",
            "revenue": 0
        },
        "2015-01": {
            "month": "2015-01",
            "price": "53.61",
            "revenue": 0
        },
        "2015-02": {
            "month": "2015-02",
            "price": "56.89",
            "revenue": 0
        },
        "2015-03": {
            "month": "2015-03",
            "price": "57.86",
            "revenue": 0
        },
        "2015-04": {
            "month": "2015-04",
            "price": "56.76",
            "revenue": 0
        },
        "2015-05": {
            "month": "2015-05",
            "price": "55.10",
            "revenue": 0
        },
        "2015-06": {
            "month": "2015-06",
            "price": "53.74",
            "revenue": 0
        },
        "2015-07": {
            "month": "2015-07",
            "price": "49.95",
            "revenue": 0
        },
        "2015-08": {
            "month": "2015-08",
            "price": "48.88",
            "revenue": 0
        },
        "2015-09": {
            "month": "2015-09",
            "price": "47.54",
            "revenue": 0
        },
        "2015-10": {
            "month": "2015-10",
            "price": "53.38",
            "revenue": 0
        },
        "2015-11": {
            "month": "2015-11",
            "price": "57.34",
            "revenue": 0
        },
        "2015-12": {
            "month": "2015-12",
            "price": "56.86",
            "revenue": 0
        },
        "2016-01": {
            "month": "2016-01",
            "price": "50.90",
            "revenue": 0
        },
        "2016-02": {
            "month": "2016-02",
            "price": "51.91",
            "revenue": 0
        },
        "2016-03": {
            "month": "2016-03",
            "price": "56.04",
            "revenue": 0
        },
        "2016-04": {
            "month": "2016-04",
            "price": "58.49",
            "revenue": 0
        },
        "2016-05": {
            "month": "2016-05",
            "price": "58.22",
            "revenue": 0
        },
        "2016-06": {
            "month": "2016-06",
            "price": "61.52",
            "revenue": 0
        },
        "2016-07": {
            "month": "2016-07",
            "price": "65.32",
            "revenue": 0
        },
        "2016-08": {
            "month": "2016-08",
            "price": "69.83",
            "revenue": 0
        },
        "2016-09": {
            "month": "2016-09",
            "price": "69.08",
            "revenue": 0
        },
        "2016-10": {
            "month": "2016-10",
            "price": "69.95",
            "revenue": 0
        },
        "2016-11": {
            "month": "2016-11",
            "price": "71.32",
            "revenue": 0
        },
        "2016-12": {
            "month": "2016-12",
            "price": "72.83",
            "revenue": 0
        },
        "2017-01": {
            "month": "2017-01",
            "price": "75.39",
            "revenue": 0
        },
        "2017-02": {
            "month": "2017-02",
            "price": "76.29",
            "revenue": 0
        },
        "2017-03": {
            "month": "2017-03",
            "price": "80.20",
            "revenue": 0
        },
        "2017-04": {
            "month": "2017-04",
            "price": "80.02",
            "revenue": 0
        },
        "2017-05": {
            "month": "2017-05",
            "price": "80.28",
            "revenue": 0
        },
        "2017-06": {
            "month": "2017-06",
            "price": "80.17",
            "revenue": 0
        },
        "2017-07": {
            "month": "2017-07",
            "price": "80.39",
            "revenue": 0
        },
        "2017-08": {
            "month": "2017-08",
            "price": "81.36",
            "revenue": 0
        },
        "2017-09": {
            "month": "2017-09",
            "price": "85.11",
            "revenue": 0
        },
        "2017-10": {
            "month": "2017-10",
            "price": "93.68",
            "revenue": 0
        },
        "2017-11": {
            "month": "2017-11",
            "price": "97.83",
            "revenue": 0
        },
        "2017-12": {
            "month": "2017-12",
            "price": "100.94",
            "revenue": 0
        },
        "2018-01": {
            "month": "2018-01",
            "price": "112.14",
            "revenue": 0
        },
        "2018-02": {
            "month": "2018-02",
            "price": "104.68",
            "revenue": 0
        },
        "2018-03": {
            "month": "2018-03",
            "price": "107.67",
            "revenue": 0
        },
        "2018-04": {
            "month": "2018-04",
            "price": "101.97",
            "revenue": 0
        },
        "2018-05": {
            "month": "2018-05",
            "price": "108.77",
            "revenue": 0
        },
        "2018-06": {
            "month": "2018-06",
            "price": "113.87",
            "revenue": 0
        },
        "2018-07": {
            "month": "2018-07",
            "price": "113.21",
            "revenue": 0
        },
        "2018-08": {
            "month": "2018-08",
            "price": "112.34",
            "revenue": 0
        },
        "2018-09": {
            "month": "2018-09",
            "price": "107.67",
            "revenue": 0
        },
        "2018-10": {
            "month": "2018-10",
            "price": "99.54",
            "revenue": 0
        },
        "2018-11": {
            "month": "2018-11",
            "price": "96.50",
            "revenue": 0
        },
        "2018-12": {
            "month": "2018-12",
            "price": "93.77",
            "revenue": 0
        },
        "2019-01": {
            "month": "2019-01",
            "price": "97.68",
            "revenue": 0
        },
        "2019-02": {
            "month": "2019-02",
            "price": "105.79",
            "revenue": 0
        },
        "2019-03": {
            "month": "2019-03",
            "price": "107.53",
            "revenue": 0
        },
        "2019-04": {
            "month": "2019-04",
            "price": "115.02",
            "revenue": 0
        },
        "2019-05": {
            "month": "2019-05",
            "price": "109.42",
            "revenue": 0
        },
        "2019-06": {
            "month": "2019-06",
            "price": "111.14",
            "revenue": 0
        },
        "2019-07": {
            "month": "2019-07",
            "price": "120.23",
            "revenue": 0
        },
        "2019-08": {
            "month": "2019-08",
            "price": "122.18",
            "revenue": 0
        },
        "2019-09": {
            "month": "2019-09",
            "price": "127.57",
            "revenue": 0
        },
        "2019-10": {
            "month": "2019-10",
            "price": "125.97",
            "revenue": 0
        },
        "2019-11": {
            "month": "2019-11",
            "price": "118.77",
            "revenue": 0
        },
        "2019-12": {
            "month": "2019-12",
            "price": "125.03",
            "revenue": 0
        },
        "2020-01": {
            "month": "2020-01",
            "price": "129.07",
            "revenue": 0
        },
        "2020-02": {
            "month": "2020-02",
            "price": "126.92",
            "revenue": 0
        },
        "2020-03": {
            "month": "2020-03",
            "price": "105.41",
            "revenue": 0
        },
        "2020-04": {
            "month": "2020-04",
            "price": "109.70",
            "revenue": 0
        },
        "2020-05": {
            "month": "2020-05",
            "price": "113.33",
            "revenue": 0
        },
        "2020-06": {
            "month": "2020-06",
            "price": "126.19",
            "revenue": 0
        },
        "2020-07": {
            "month": "2020-07",
            "price": "129.99",
            "revenue": 0
        },
        "2020-08": {
            "month": "2020-08",
            "price": "137.78",
            "revenue": 0
        },
        "2020-09": {
            "month": "2020-09",
            "price": "139.71",
            "revenue": 0
        },
        "2020-10": {
            "month": "2020-10",
            "price": "148.19",
            "revenue": 0
        },
        "2020-11": {
            "month": "2020-11",
            "price": "155.44",
            "revenue": 0
        },
        "2020-12": {
            "month": "2020-12",
            "price": "162.79",
            "revenue": 0
        },
        "2021-01": {
            "month": "2021-01",
            "price": "169.61",
            "revenue": 0
        },
        "2021-02": {
            "month": "2021-02",
            "price": "174.84",
            "revenue": 0
        },
        "2021-03": {
            "month": "2021-03",
            "price": "176.18",
            "revenue": 0
        },
        "2021-04": {
            "month": "2021-04",
            "price": "190.09",
            "revenue": 0
        },
        "2021-05": {
            "month": "2021-05",
            "price": "183.60",
            "revenue": 0
        },
        "2021-06": {
            "month": "2021-06",
            "price": "188.39",
            "revenue": 0
        },
        "2021-07": {
            "month": "2021-07",
            "price": "189.10",
            "revenue": 0
        },
        "2021-08": {
            "month": "2021-08",
            "price": "189.06",
            "revenue": 0
        },
        "2021-09": {
            "month": "2021-09",
            "price": "193.62",
            "revenue": 0
        },
        "2021-10": {
            "month": "2021-10",
            "price": "193.88",
            "revenue": 0
        },
        "2021-11": {
            "month": "2021-11",
            "price": "190.91",
            "revenue": 0
        },
        "2021-12": {
            "month": "2021-12",
            "price": "191.19",
            "revenue": 0
        },
        "2022-01": {
            "month": "2022-01",
            "price": "181.56",
            "revenue": 0
        },
        "2022-02": {
            "month": "2022-02",
            "price": "170.60",
            "revenue": 0
        },
        "2022-03": {
            "month": "2022-03",
            "price": "176.47",
            "revenue": 0
        },
        "2022-04": {
            "month": "2022-04",
            "price": "175.40",
            "revenue": 0
        },
        "2022-05": {
            "month": "2022-05",
            "price": "170.57",
            "revenue": 0
        },
        "2022-06": {
            "month": "2022-06",
            "price": "159.06",
            "revenue": 0
        },
        "2022-07": {
            "month": "2022-07",
            "price": "160.48",
            "revenue": 0
        },
        "2022-08": {
            "month": "2022-08",
            "price": "177.52",
            "revenue": 0
        },
        "2022-09": {
            "month": "2022-09",
            "price": "163.83",
            "revenue": 0
        },
        "2022-10": {
            "month": "2022-10",
            "price": "157.72",
            "revenue": 0
        },
        "2022-11": {
            "month": "2022-11",
            "price": "171.65",
            "revenue": 0
        },
        "2022-12": {
            "month": "2022-12",
            "price": "170.87",
            "revenue": 0
        },
        "2023-01": {
            "month": "2023-01",
            "price": "174.43",
            "revenue": 0
        },
        "2023-02": {
            "month": "2023-02",
            "price": "176.19",
            "revenue": 0
        },
        "2023-03": {
            "month": "2023-03",
            "price": "176.73",
            "revenue": 0
        },
        "2023-04": {
            "month": "2023-04",
            "price": "176.22",
            "revenue": 0
        },
        "2023-05": {
            "month": "2023-05",
            "price": "166.14",
            "revenue": 0
        }
    }
}
