{
    "summary": {
        "stock_name": "Visa Inc",
        "stock_id": "V",
        "category": "Business Services",
        "main_business": "維薩公司於2007年5月在特拉華州註冊成立，是一家全球支付技術公司。在200多個國家和地區實現創新、安全和可靠的電子支付。該公司透過創新技術促進全球消費者、商人、金融機構、企業、戰略合作伙伴和政府實體的數字支付。其先進的交易處理網路VisaNet可實現支付交易的授權、清算和結算，並可為其金融機構和商戶客戶提供廣泛的產品、平臺和增值服務。",
        "website_url": "https://usa.visa.com/",
        "ceo": "Chris Suh",
        "pe_ratio": 31,
        "report_year_from": 2007,
        "report_year_to": 2024,
        "age": 17,
        "eps_negative_percentage": 0,
        "eps_growth_avg": {
            "last_all": 28.17,
            "last_2y": 23.02,
            "last_4y": 14.62,
            "last_8y": 18.81,
            "last_12y": 22.99,
            "last_16y": 28.17,
            "last_20y": null,
            "at_2006_last_3y": null,
            "at_2007_last_3y": null,
            "at_2008_last_3y": null,
            "at_2009_last_3y": null,
            "at_2010_last_3y": 45.03,
            "at_2011_last_3y": 38.83,
            "at_2012_last_3y": 38.27,
            "at_2013_last_3y": 32.7,
            "at_2014_last_3y": 32.39,
            "at_2015_last_3y": 33.91,
            "at_2016_last_3y": 16.74,
            "at_2017_last_3y": 11.5,
            "at_2018_last_3y": 24.05,
            "at_2019_last_3y": 24.75,
            "at_2020_last_3y": 14.14,
            "at_2021_last_3y": 21.18,
            "at_2022_last_3y": 14.39,
            "at_2023_last_3y": 13.92,
            "at_2024_last_3y": 13.92,
            "at_2006_last_all": null,
            "at_2007_last_all": null,
            "at_2008_last_all": 66.67,
            "at_2009_last_all": 54.32,
            "at_2010_last_all": 45.03,
            "at_2011_last_all": 37.73,
            "at_2012_last_all": 47.73,
            "at_2013_last_all": 41.97,
            "at_2014_last_all": 38.71,
            "at_2015_last_all": 36.03,
            "at_2016_last_all": 35.34,
            "at_2017_last_all": 30.89,
            "at_2018_last_all": 33.82,
            "at_2019_last_all": 32.56,
            "at_2020_last_all": 29.28,
            "at_2021_last_all": 28.3,
            "at_2022_last_all": 28.96,
            "at_2023_last_all": 28.17,
            "at_2024_last_all": 28.17
        },
        "latest_eps": 8.89,
        "latest_price": 278.26,
        "latest_roe": 46.11,
        "latest_gross_margin": 80.31,
        "latest_equity": 38733000,
        "latest_revenue": 8609000,
        "latest_gross_profit": 6914000,
        "latest_net_income": 4681000,
        "latest_debt_ratio": 57.2,
        "latest_current_ratio": 145.17,
        "latest_account_receivable_turnover_ratio": 1.87,
        "latest_inventory_turnover_ratio": null,
        "latest_reinvestment_rate": 1.6,
        "latest_research_to_sale_ratio": null
    },
    "eps_dividends": {
        "2001": {
            "cash": 0,
            "stock": 0,
            "eps": 0
        },
        "2002": {
            "cash": 0,
            "stock": 0,
            "eps": 0
        },
        "2003": {
            "cash": 0,
            "stock": 0,
            "eps": 0
        },
        "2004": {
            "cash": 0,
            "stock": 0,
            "eps": 0
        },
        "2005": {
            "cash": 0,
            "stock": 0,
            "eps": 0
        },
        "2006": {
            "cash": 0,
            "stock": 0,
            "eps": 0.15
        },
        "2007": {
            "cash": 0,
            "stock": 0,
            "eps": 0.2
        },
        "2008": {
            "cash": 0.06,
            "stock": 0,
            "eps": 0.54
        },
        "2009": {
            "cash": 0.06,
            "stock": 0,
            "eps": 0.7
        },
        "2010": {
            "cash": 0.13,
            "stock": 0,
            "eps": 0.82
        },
        "2011": {
            "cash": 0.18,
            "stock": 0,
            "eps": 0.89
        },
        "2012": {
            "cash": 0.2,
            "stock": 0,
            "eps": 1.76
        },
        "2013": {
            "cash": 0.33999999999999997,
            "stock": 0,
            "eps": 1.89
        },
        "2014": {
            "cash": 0.32,
            "stock": 0,
            "eps": 2.19
        },
        "2015": {
            "cash": 0.5,
            "stock": 0,
            "eps": 2.51
        },
        "2016": {
            "cash": 0.5900000000000001,
            "stock": 0,
            "eps": 3.24
        },
        "2017": {
            "cash": 0.71,
            "stock": 0,
            "eps": 2.8
        },
        "2018": {
            "cash": 0.88,
            "stock": 0,
            "eps": 4.65
        },
        "2019": {
            "cash": 1.05,
            "stock": 0,
            "eps": 5.46
        },
        "2020": {
            "cash": 1.22,
            "stock": 0,
            "eps": 4.73
        },
        "2021": {
            "cash": 1.3399999999999999,
            "stock": 0,
            "eps": 5.42
        },
        "2022": {
            "cash": 1.59,
            "stock": 0,
            "eps": 7.53
        },
        "2023": {
            "cash": 1.35,
            "stock": 0,
            "eps": 8.7
        },
        "2024": {
            "cash": 0.45,
            "stock": 0,
            "eps": 0
        }
    },
    "dividends": {
        "2008-08-29": {
            "cash": 0.03,
            "stock": 0
        },
        "2008-12-02": {
            "cash": 0.03,
            "stock": 0
        },
        "2009-06-02": {
            "cash": 0.03,
            "stock": 0
        },
        "2009-12-01": {
            "cash": 0.03,
            "stock": 0
        },
        "2010-03-02": {
            "cash": 0.03,
            "stock": 0
        },
        "2010-06-02": {
            "cash": 0.03,
            "stock": 0
        },
        "2010-09-01": {
            "cash": 0.03,
            "stock": 0
        },
        "2010-12-07": {
            "cash": 0.04,
            "stock": 0
        },
        "2011-03-01": {
            "cash": 0.04,
            "stock": 0
        },
        "2011-06-07": {
            "cash": 0.04,
            "stock": 0
        },
        "2011-09-07": {
            "cash": 0.04,
            "stock": 0
        },
        "2011-12-06": {
            "cash": 0.06,
            "stock": 0
        },
        "2012-03-06": {
            "cash": 0.06,
            "stock": 0
        },
        "2012-09-04": {
            "cash": 0.06,
            "stock": 0
        },
        "2012-12-04": {
            "cash": 0.08,
            "stock": 0
        },
        "2013-03-05": {
            "cash": 0.08,
            "stock": 0
        },
        "2013-06-04": {
            "cash": 0.08,
            "stock": 0
        },
        "2013-09-04": {
            "cash": 0.08,
            "stock": 0
        },
        "2013-12-03": {
            "cash": 0.1,
            "stock": 0
        },
        "2014-06-03": {
            "cash": 0.1,
            "stock": 0
        },
        "2014-09-03": {
            "cash": 0.1,
            "stock": 0
        },
        "2014-12-02": {
            "cash": 0.12,
            "stock": 0
        },
        "2015-03-03": {
            "cash": 0.12,
            "stock": 0
        },
        "2015-06-02": {
            "cash": 0.12,
            "stock": 0
        },
        "2015-09-01": {
            "cash": 0.12,
            "stock": 0
        },
        "2015-12-01": {
            "cash": 0.14,
            "stock": 0
        },
        "2016-03-01": {
            "cash": 0.14,
            "stock": 0
        },
        "2016-06-07": {
            "cash": 0.14,
            "stock": 0
        },
        "2016-09-06": {
            "cash": 0.14,
            "stock": 0
        },
        "2016-12-06": {
            "cash": 0.17,
            "stock": 0
        },
        "2017-03-07": {
            "cash": 0.17,
            "stock": 0
        },
        "2017-06-06": {
            "cash": 0.17,
            "stock": 0
        },
        "2017-09-05": {
            "cash": 0.17,
            "stock": 0
        },
        "2017-12-05": {
            "cash": 0.2,
            "stock": 0
        },
        "2018-03-06": {
            "cash": 0.21,
            "stock": 0
        },
        "2018-06-05": {
            "cash": 0.21,
            "stock": 0
        },
        "2018-09-04": {
            "cash": 0.21,
            "stock": 0
        },
        "2018-12-04": {
            "cash": 0.25,
            "stock": 0
        },
        "2019-03-05": {
            "cash": 0.25,
            "stock": 0
        },
        "2019-06-04": {
            "cash": 0.25,
            "stock": 0
        },
        "2019-09-03": {
            "cash": 0.25,
            "stock": 0
        },
        "2019-12-03": {
            "cash": 0.3,
            "stock": 0
        },
        "2020-03-03": {
            "cash": 0.3,
            "stock": 0
        },
        "2020-06-02": {
            "cash": 0.3,
            "stock": 0
        },
        "2020-09-01": {
            "cash": 0.3,
            "stock": 0
        },
        "2020-12-01": {
            "cash": 0.32,
            "stock": 0
        },
        "2021-03-01": {
            "cash": 0.32,
            "stock": 0
        },
        "2021-06-01": {
            "cash": 0.32,
            "stock": 0
        },
        "2021-09-01": {
            "cash": 0.32,
            "stock": 0
        },
        "2021-12-07": {
            "cash": 0.38,
            "stock": 0
        },
        "2022-03-01": {
            "cash": 0.38,
            "stock": 0
        },
        "2022-06-01": {
            "cash": 0.38,
            "stock": 0
        },
        "2022-09-01": {
            "cash": 0.38,
            "stock": 0
        },
        "2022-12-01": {
            "cash": 0.45,
            "stock": 0
        },
        "2023-03-01": {
            "cash": 0.45,
            "stock": 0
        },
        "2023-06-01": {
            "cash": 0.45,
            "stock": 0
        },
        "2023-09-01": {
            "cash": 0.45,
            "stock": 0
        },
        "2024-03-01": {
            "cash": 0.45,
            "stock": 0
        }
    },
    "prices": {
        "200101": "無",
        "200102": "無",
        "200103": "無",
        "200104": "無",
        "200105": "無",
        "200106": "無",
        "200107": "無",
        "200108": "無",
        "200109": "無",
        "200110": "無",
        "200111": "無",
        "200112": "無",
        "200201": "無",
        "200202": "無",
        "200203": "無",
        "200204": "無",
        "200205": "無",
        "200206": "無",
        "200207": "無",
        "200208": "無",
        "200209": "無",
        "200210": "無",
        "200211": "無",
        "200212": "無",
        "200301": "無",
        "200302": "無",
        "200303": "無",
        "200304": "無",
        "200305": "無",
        "200306": "無",
        "200307": "無",
        "200308": "無",
        "200309": "無",
        "200310": "無",
        "200311": "無",
        "200312": "無",
        "200401": "無",
        "200402": "無",
        "200403": "無",
        "200404": "無",
        "200405": "無",
        "200406": "無",
        "200407": "無",
        "200408": "無",
        "200409": "無",
        "200410": "無",
        "200411": "無",
        "200412": "無",
        "200501": "無",
        "200502": "無",
        "200503": "無",
        "200504": "無",
        "200505": "無",
        "200506": "無",
        "200507": "無",
        "200508": "無",
        "200509": "無",
        "200510": "無",
        "200511": "無",
        "200512": "無",
        "200601": "無",
        "200602": "無",
        "200603": "無",
        "200604": "無",
        "200605": "無",
        "200606": "無",
        "200607": "無",
        "200608": "無",
        "200609": "無",
        "200610": "無",
        "200611": "無",
        "200612": "無",
        "200701": "無",
        "200702": "無",
        "200703": "無",
        "200704": "無",
        "200705": "無",
        "200706": "無",
        "200707": "無",
        "200708": "無",
        "200709": "無",
        "200710": "無",
        "200711": "無",
        "200712": "無",
        "200801": "無",
        "200802": "無",
        "200803": "15.69",
        "200804": "17.23",
        "200805": "20.42",
        "200806": "20.71",
        "200807": "18.66",
        "200808": "18.44",
        "200809": "16.90",
        "200810": "13.18",
        "200811": "13.12",
        "200812": "13.22",
        "200901": "12.39",
        "200902": "13.60",
        "200903": "13.38",
        "200904": "14.71",
        "200905": "16.51",
        "200906": "16.21",
        "200907": "15.94",
        "200908": "17.18",
        "200909": "17.99",
        "200910": "18.33",
        "200911": "20.00",
        "200912": "21.15",
        "201001": "21.36",
        "201002": "21.21",
        "201003": "22.49",
        "201004": "23.31",
        "201005": "19.75",
        "201006": "18.77",
        "201007": "18.60",
        "201008": "17.98",
        "201009": "17.59",
        "201010": "19.20",
        "201011": "19.26",
        "201012": "18.42",
        "201101": "17.79",
        "201102": "18.50",
        "201103": "18.19",
        "201104": "19.21",
        "201105": "19.86",
        "201106": "19.23",
        "201107": "22.09",
        "201108": "21.01",
        "201109": "22.16",
        "201110": "22.67",
        "201111": "23.15",
        "201112": "24.64",
        "201201": "25.26",
        "201202": "28.17",
        "201203": "29.36",
        "201204": "30.16",
        "201205": "29.48",
        "201206": "29.70",
        "201207": "31.41",
        "201208": "32.16",
        "201209": "33.15",
        "201210": "34.70",
        "201211": "36.13",
        "201212": "37.29",
        "201301": "39.66",
        "201302": "39.40",
        "201303": "40.26",
        "201304": "41.42",
        "201305": "44.78",
        "201306": "45.21",
        "201307": "47.23",
        "201308": "44.50",
        "201309": "46.96",
        "201310": "48.80",
        "201311": "49.97",
        "201312": "52.61",
        "201401": "55.63",
        "201402": "55.66",
        "201403": "55.44",
        "201404": "51.54",
        "201405": "52.52",
        "201406": "52.76",
        "201407": "54.34",
        "201408": "53.26",
        "201409": "53.59",
        "201410": "53.00",
        "201411": "62.77",
        "201412": "65.50",
        "201501": "64.24",
        "201502": "67.12",
        "201503": "66.97",
        "201504": "66.11",
        "201505": "68.51",
        "201506": "68.68",
        "201507": "71.13",
        "201508": "73.04",
        "201509": "69.99",
        "201510": "75.20",
        "201511": "78.97",
        "201512": "78.35",
        "201601": "72.95",
        "201602": "71.69",
        "201603": "73.27",
        "201604": "78.87",
        "201605": "77.96",
        "201606": "78.08",
        "201607": "77.52",
        "201608": "80.17",
        "201609": "82.36",
        "201610": "82.47",
        "201611": "80.54",
        "201612": "78.17",
        "201701": "81.97",
        "201702": "86.47",
        "201703": "89.17",
        "201704": "90.02",
        "201705": "93.00",
        "201706": "95.03",
        "201707": "97.20",
        "201708": "102.23",
        "201709": "104.72",
        "201710": "107.82",
        "201711": "111.46",
        "201712": "112.23",
        "201801": "121.35",
        "201802": "120.59",
        "201803": "121.60",
        "201804": "122.03",
        "201805": "130.12",
        "201806": "133.90",
        "201807": "138.11",
        "201808": "141.74",
        "201809": "147.28",
        "201810": "140.59",
        "201811": "139.31",
        "201812": "133.80",
        "201901": "136.44",
        "201902": "143.58",
        "201903": "152.26",
        "201904": "159.88",
        "201905": "162.06",
        "201906": "169.64",
        "201907": "179.48",
        "201908": "177.59",
        "201909": "177.19",
        "201910": "175.78",
        "201911": "180.22",
        "201912": "184.93",
        "202001": "198.94",
        "202002": "201.52",
        "202003": "166.95",
        "202004": "167.58",
        "202005": "185.64",
        "202006": "194.44",
        "202007": "195.08",
        "202008": "201.57",
        "202009": "202.81",
        "202010": "197.88",
        "202011": "205.67",
        "202012": "210.47",
        "202101": "205.95",
        "202102": "208.23",
        "202103": "216.13",
        "202104": "225.35",
        "202105": "227.47",
        "202106": "232.76",
        "202107": "243.51",
        "202108": "234.62",
        "202109": "225.34",
        "202110": "226.42",
        "202111": "207.09",
        "202112": "210.70",
        "202201": "214.65",
        "202202": "225.43",
        "202203": "210.14",
        "202204": "215.74",
        "202205": "203.10",
        "202206": "201.60",
        "202207": "208.10",
        "202208": "209.86",
        "202209": "192.12",
        "202210": "189.37",
        "202211": "206.39",
        "202212": "209.23",
        "202301": "221.65",
        "202302": "226.12",
        "202303": "220.47",
        "202304": "230.57",
        "202305": "228.82",
        "202306": "227.40",
        "202307": "239.48",
        "202308": "240.82",
        "202309": "240.75",
        "202310": "234.49",
        "202311": "248.12",
        "202312": "257.94"
    },
    "quarters": {
        "20011": {
            "year_quarter": 20011,
            "year": 2001,
            "quarter": 1,
            "eps": null,
            "eps_growth_year": null,
            "eps_4q": null,
            "eps_4q_growth_year": null,
            "roe": null,
            "roe_4q": 0,
            "gross_profit": null,
            "gross_margin": null,
            "gross_margin_4q_avg": 0,
            "net_income": null,
            "net_income_4q": null,
            "revenue": null,
            "revenue_4q": null,
            "common_shares": null,
            "book_valuer_per_share": null,
            "book_valuer_per_share_4q_avg": 0,
            "equity": null,
            "current_ratio": null,
            "debt_ratio": null,
            "inventory_turnover_ratio": null,
            "account_receivable_turnover_ratio": null,
            "reinvestment_rate": null,
            "research_to_sale_ratio": null,
            "price_fair": 0,
            "eps_avg_yearly": 0,
            "eps_latest_yearly": 0,
            "eps_growth_yearly": 0
        },
        "20012": {
            "year_quarter": 20012,
            "year": 2001,
            "quarter": 2,
            "eps": null,
            "eps_growth_year": null,
            "eps_4q": null,
            "eps_4q_growth_year": null,
            "roe": null,
            "roe_4q": 0,
            "gross_profit": null,
            "gross_margin": null,
            "gross_margin_4q_avg": 0,
            "net_income": null,
            "net_income_4q": null,
            "revenue": null,
            "revenue_4q": null,
            "common_shares": null,
            "book_valuer_per_share": null,
            "book_valuer_per_share_4q_avg": 0,
            "equity": null,
            "current_ratio": null,
            "debt_ratio": null,
            "inventory_turnover_ratio": null,
            "account_receivable_turnover_ratio": null,
            "reinvestment_rate": null,
            "research_to_sale_ratio": null,
            "price_fair": 0,
            "eps_avg_yearly": 0,
            "eps_latest_yearly": 0,
            "eps_growth_yearly": 0
        },
        "20013": {
            "year_quarter": 20013,
            "year": 2001,
            "quarter": 3,
            "eps": null,
            "eps_growth_year": null,
            "eps_4q": null,
            "eps_4q_growth_year": null,
            "roe": null,
            "roe_4q": 0,
            "gross_profit": null,
            "gross_margin": null,
            "gross_margin_4q_avg": 0,
            "net_income": null,
            "net_income_4q": null,
            "revenue": null,
            "revenue_4q": null,
            "common_shares": null,
            "book_valuer_per_share": null,
            "book_valuer_per_share_4q_avg": 0,
            "equity": null,
            "current_ratio": null,
            "debt_ratio": null,
            "inventory_turnover_ratio": null,
            "account_receivable_turnover_ratio": null,
            "reinvestment_rate": null,
            "research_to_sale_ratio": null,
            "price_fair": 0,
            "eps_avg_yearly": 0,
            "eps_latest_yearly": 0,
            "eps_growth_yearly": 0
        },
        "20014": {
            "year_quarter": 20014,
            "year": 2001,
            "quarter": 4,
            "eps": null,
            "eps_growth_year": null,
            "eps_4q": null,
            "eps_4q_growth_year": null,
            "roe": null,
            "roe_4q": 0,
            "gross_profit": null,
            "gross_margin": null,
            "gross_margin_4q_avg": 0,
            "net_income": null,
            "net_income_4q": null,
            "revenue": null,
            "revenue_4q": null,
            "common_shares": null,
            "book_valuer_per_share": null,
            "book_valuer_per_share_4q_avg": 0,
            "equity": null,
            "current_ratio": null,
            "debt_ratio": null,
            "inventory_turnover_ratio": null,
            "account_receivable_turnover_ratio": null,
            "reinvestment_rate": null,
            "research_to_sale_ratio": null,
            "price_fair": 0,
            "eps_avg_yearly": 0,
            "eps_latest_yearly": 0,
            "eps_growth_yearly": 0
        },
        "20021": {
            "year_quarter": 20021,
            "year": 2002,
            "quarter": 1,
            "eps": null,
            "eps_growth_year": null,
            "eps_4q": null,
            "eps_4q_growth_year": null,
            "roe": null,
            "roe_4q": 0,
            "gross_profit": null,
            "gross_margin": null,
            "gross_margin_4q_avg": 0,
            "net_income": null,
            "net_income_4q": null,
            "revenue": null,
            "revenue_4q": null,
            "common_shares": null,
            "book_valuer_per_share": null,
            "book_valuer_per_share_4q_avg": 0,
            "equity": null,
            "current_ratio": null,
            "debt_ratio": null,
            "inventory_turnover_ratio": null,
            "account_receivable_turnover_ratio": null,
            "reinvestment_rate": null,
            "research_to_sale_ratio": null,
            "price_fair": 0,
            "eps_avg_yearly": 0,
            "eps_latest_yearly": 0,
            "eps_growth_yearly": 0
        },
        "20022": {
            "year_quarter": 20022,
            "year": 2002,
            "quarter": 2,
            "eps": null,
            "eps_growth_year": null,
            "eps_4q": null,
            "eps_4q_growth_year": null,
            "roe": null,
            "roe_4q": 0,
            "gross_profit": null,
            "gross_margin": null,
            "gross_margin_4q_avg": 0,
            "net_income": null,
            "net_income_4q": null,
            "revenue": null,
            "revenue_4q": null,
            "common_shares": null,
            "book_valuer_per_share": null,
            "book_valuer_per_share_4q_avg": 0,
            "equity": null,
            "current_ratio": null,
            "debt_ratio": null,
            "inventory_turnover_ratio": null,
            "account_receivable_turnover_ratio": null,
            "reinvestment_rate": null,
            "research_to_sale_ratio": null,
            "price_fair": 0,
            "eps_avg_yearly": 0,
            "eps_latest_yearly": 0,
            "eps_growth_yearly": 0
        },
        "20023": {
            "year_quarter": 20023,
            "year": 2002,
            "quarter": 3,
            "eps": null,
            "eps_growth_year": null,
            "eps_4q": null,
            "eps_4q_growth_year": null,
            "roe": null,
            "roe_4q": 0,
            "gross_profit": null,
            "gross_margin": null,
            "gross_margin_4q_avg": 0,
            "net_income": null,
            "net_income_4q": null,
            "revenue": null,
            "revenue_4q": null,
            "common_shares": null,
            "book_valuer_per_share": null,
            "book_valuer_per_share_4q_avg": 0,
            "equity": null,
            "current_ratio": null,
            "debt_ratio": null,
            "inventory_turnover_ratio": null,
            "account_receivable_turnover_ratio": null,
            "reinvestment_rate": null,
            "research_to_sale_ratio": null,
            "price_fair": 0,
            "eps_avg_yearly": 0,
            "eps_latest_yearly": 0,
            "eps_growth_yearly": 0
        },
        "20024": {
            "year_quarter": 20024,
            "year": 2002,
            "quarter": 4,
            "eps": null,
            "eps_growth_year": null,
            "eps_4q": null,
            "eps_4q_growth_year": null,
            "roe": null,
            "roe_4q": 0,
            "gross_profit": null,
            "gross_margin": null,
            "gross_margin_4q_avg": 0,
            "net_income": null,
            "net_income_4q": null,
            "revenue": null,
            "revenue_4q": null,
            "common_shares": null,
            "book_valuer_per_share": null,
            "book_valuer_per_share_4q_avg": 0,
            "equity": null,
            "current_ratio": null,
            "debt_ratio": null,
            "inventory_turnover_ratio": null,
            "account_receivable_turnover_ratio": null,
            "reinvestment_rate": null,
            "research_to_sale_ratio": null,
            "price_fair": 0,
            "eps_avg_yearly": 0,
            "eps_latest_yearly": 0,
            "eps_growth_yearly": 0
        },
        "20031": {
            "year_quarter": 20031,
            "year": 2003,
            "quarter": 1,
            "eps": null,
            "eps_growth_year": null,
            "eps_4q": null,
            "eps_4q_growth_year": null,
            "roe": null,
            "roe_4q": 0,
            "gross_profit": null,
            "gross_margin": null,
            "gross_margin_4q_avg": 0,
            "net_income": null,
            "net_income_4q": null,
            "revenue": null,
            "revenue_4q": null,
            "common_shares": null,
            "book_valuer_per_share": null,
            "book_valuer_per_share_4q_avg": 0,
            "equity": null,
            "current_ratio": null,
            "debt_ratio": null,
            "inventory_turnover_ratio": null,
            "account_receivable_turnover_ratio": null,
            "reinvestment_rate": null,
            "research_to_sale_ratio": null,
            "price_fair": 0,
            "eps_avg_yearly": 0,
            "eps_latest_yearly": 0,
            "eps_growth_yearly": 0
        },
        "20032": {
            "year_quarter": 20032,
            "year": 2003,
            "quarter": 2,
            "eps": null,
            "eps_growth_year": null,
            "eps_4q": null,
            "eps_4q_growth_year": null,
            "roe": null,
            "roe_4q": 0,
            "gross_profit": null,
            "gross_margin": null,
            "gross_margin_4q_avg": 0,
            "net_income": null,
            "net_income_4q": null,
            "revenue": null,
            "revenue_4q": null,
            "common_shares": null,
            "book_valuer_per_share": null,
            "book_valuer_per_share_4q_avg": 0,
            "equity": null,
            "current_ratio": null,
            "debt_ratio": null,
            "inventory_turnover_ratio": null,
            "account_receivable_turnover_ratio": null,
            "reinvestment_rate": null,
            "research_to_sale_ratio": null,
            "price_fair": 0,
            "eps_avg_yearly": 0,
            "eps_latest_yearly": 0,
            "eps_growth_yearly": 0
        },
        "20033": {
            "year_quarter": 20033,
            "year": 2003,
            "quarter": 3,
            "eps": null,
            "eps_growth_year": null,
            "eps_4q": null,
            "eps_4q_growth_year": null,
            "roe": null,
            "roe_4q": 0,
            "gross_profit": null,
            "gross_margin": null,
            "gross_margin_4q_avg": 0,
            "net_income": null,
            "net_income_4q": null,
            "revenue": null,
            "revenue_4q": null,
            "common_shares": null,
            "book_valuer_per_share": null,
            "book_valuer_per_share_4q_avg": 0,
            "equity": null,
            "current_ratio": null,
            "debt_ratio": null,
            "inventory_turnover_ratio": null,
            "account_receivable_turnover_ratio": null,
            "reinvestment_rate": null,
            "research_to_sale_ratio": null,
            "price_fair": 0,
            "eps_avg_yearly": 0,
            "eps_latest_yearly": 0,
            "eps_growth_yearly": 0
        },
        "20034": {
            "year_quarter": 20034,
            "year": 2003,
            "quarter": 4,
            "eps": null,
            "eps_growth_year": null,
            "eps_4q": null,
            "eps_4q_growth_year": null,
            "roe": null,
            "roe_4q": 0,
            "gross_profit": null,
            "gross_margin": null,
            "gross_margin_4q_avg": 0,
            "net_income": null,
            "net_income_4q": null,
            "revenue": null,
            "revenue_4q": null,
            "common_shares": null,
            "book_valuer_per_share": null,
            "book_valuer_per_share_4q_avg": 0,
            "equity": null,
            "current_ratio": null,
            "debt_ratio": null,
            "inventory_turnover_ratio": null,
            "account_receivable_turnover_ratio": null,
            "reinvestment_rate": null,
            "research_to_sale_ratio": null,
            "price_fair": 0,
            "eps_avg_yearly": 0,
            "eps_latest_yearly": 0,
            "eps_growth_yearly": 0
        },
        "20041": {
            "year_quarter": 20041,
            "year": 2004,
            "quarter": 1,
            "eps": null,
            "eps_growth_year": null,
            "eps_4q": null,
            "eps_4q_growth_year": null,
            "roe": null,
            "roe_4q": 0,
            "gross_profit": null,
            "gross_margin": null,
            "gross_margin_4q_avg": 0,
            "net_income": null,
            "net_income_4q": null,
            "revenue": null,
            "revenue_4q": null,
            "common_shares": null,
            "book_valuer_per_share": null,
            "book_valuer_per_share_4q_avg": 0,
            "equity": null,
            "current_ratio": null,
            "debt_ratio": null,
            "inventory_turnover_ratio": null,
            "account_receivable_turnover_ratio": null,
            "reinvestment_rate": null,
            "research_to_sale_ratio": null,
            "price_fair": 0,
            "eps_avg_yearly": 0,
            "eps_latest_yearly": 0,
            "eps_growth_yearly": 0
        },
        "20042": {
            "year_quarter": 20042,
            "year": 2004,
            "quarter": 2,
            "eps": null,
            "eps_growth_year": null,
            "eps_4q": null,
            "eps_4q_growth_year": null,
            "roe": null,
            "roe_4q": 0,
            "gross_profit": null,
            "gross_margin": null,
            "gross_margin_4q_avg": 0,
            "net_income": null,
            "net_income_4q": null,
            "revenue": null,
            "revenue_4q": null,
            "common_shares": null,
            "book_valuer_per_share": null,
            "book_valuer_per_share_4q_avg": 0,
            "equity": null,
            "current_ratio": null,
            "debt_ratio": null,
            "inventory_turnover_ratio": null,
            "account_receivable_turnover_ratio": null,
            "reinvestment_rate": null,
            "research_to_sale_ratio": null,
            "price_fair": 0,
            "eps_avg_yearly": 0,
            "eps_latest_yearly": 0,
            "eps_growth_yearly": 0
        },
        "20043": {
            "year_quarter": 20043,
            "year": 2004,
            "quarter": 3,
            "eps": null,
            "eps_growth_year": null,
            "eps_4q": null,
            "eps_4q_growth_year": null,
            "roe": null,
            "roe_4q": 0,
            "gross_profit": null,
            "gross_margin": null,
            "gross_margin_4q_avg": 0,
            "net_income": null,
            "net_income_4q": null,
            "revenue": null,
            "revenue_4q": null,
            "common_shares": null,
            "book_valuer_per_share": null,
            "book_valuer_per_share_4q_avg": 0,
            "equity": null,
            "current_ratio": null,
            "debt_ratio": null,
            "inventory_turnover_ratio": null,
            "account_receivable_turnover_ratio": null,
            "reinvestment_rate": null,
            "research_to_sale_ratio": null,
            "price_fair": 0,
            "eps_avg_yearly": 0,
            "eps_latest_yearly": 0,
            "eps_growth_yearly": 0
        },
        "20044": {
            "year_quarter": 20044,
            "year": 2004,
            "quarter": 4,
            "eps": null,
            "eps_growth_year": null,
            "eps_4q": null,
            "eps_4q_growth_year": null,
            "roe": null,
            "roe_4q": 0,
            "gross_profit": null,
            "gross_margin": null,
            "gross_margin_4q_avg": 0,
            "net_income": null,
            "net_income_4q": null,
            "revenue": null,
            "revenue_4q": null,
            "common_shares": null,
            "book_valuer_per_share": null,
            "book_valuer_per_share_4q_avg": 0,
            "equity": null,
            "current_ratio": null,
            "debt_ratio": null,
            "inventory_turnover_ratio": null,
            "account_receivable_turnover_ratio": null,
            "reinvestment_rate": null,
            "research_to_sale_ratio": null,
            "price_fair": 0,
            "eps_avg_yearly": 0,
            "eps_latest_yearly": 0,
            "eps_growth_yearly": 0
        },
        "20051": {
            "year_quarter": 20051,
            "year": 2005,
            "quarter": 1,
            "eps": null,
            "eps_growth_year": null,
            "eps_4q": null,
            "eps_4q_growth_year": null,
            "roe": null,
            "roe_4q": 0,
            "gross_profit": null,
            "gross_margin": null,
            "gross_margin_4q_avg": 0,
            "net_income": null,
            "net_income_4q": null,
            "revenue": null,
            "revenue_4q": null,
            "common_shares": null,
            "book_valuer_per_share": null,
            "book_valuer_per_share_4q_avg": 0,
            "equity": null,
            "current_ratio": null,
            "debt_ratio": null,
            "inventory_turnover_ratio": null,
            "account_receivable_turnover_ratio": null,
            "reinvestment_rate": null,
            "research_to_sale_ratio": null,
            "price_fair": 0,
            "eps_avg_yearly": 0,
            "eps_latest_yearly": 0,
            "eps_growth_yearly": 0
        },
        "20052": {
            "year_quarter": 20052,
            "year": 2005,
            "quarter": 2,
            "eps": null,
            "eps_growth_year": null,
            "eps_4q": null,
            "eps_4q_growth_year": null,
            "roe": null,
            "roe_4q": 0,
            "gross_profit": null,
            "gross_margin": null,
            "gross_margin_4q_avg": 0,
            "net_income": null,
            "net_income_4q": null,
            "revenue": null,
            "revenue_4q": null,
            "common_shares": null,
            "book_valuer_per_share": null,
            "book_valuer_per_share_4q_avg": 0,
            "equity": null,
            "current_ratio": null,
            "debt_ratio": null,
            "inventory_turnover_ratio": null,
            "account_receivable_turnover_ratio": null,
            "reinvestment_rate": null,
            "research_to_sale_ratio": null,
            "price_fair": 0,
            "eps_avg_yearly": 0,
            "eps_latest_yearly": 0,
            "eps_growth_yearly": 0
        },
        "20053": {
            "year_quarter": 20053,
            "year": 2005,
            "quarter": 3,
            "eps": null,
            "eps_growth_year": null,
            "eps_4q": null,
            "eps_4q_growth_year": null,
            "roe": null,
            "roe_4q": 0,
            "gross_profit": null,
            "gross_margin": null,
            "gross_margin_4q_avg": 0,
            "net_income": null,
            "net_income_4q": null,
            "revenue": null,
            "revenue_4q": null,
            "common_shares": null,
            "book_valuer_per_share": null,
            "book_valuer_per_share_4q_avg": 0,
            "equity": null,
            "current_ratio": null,
            "debt_ratio": null,
            "inventory_turnover_ratio": null,
            "account_receivable_turnover_ratio": null,
            "reinvestment_rate": null,
            "research_to_sale_ratio": null,
            "price_fair": 0,
            "eps_avg_yearly": 0,
            "eps_latest_yearly": 0,
            "eps_growth_yearly": 0
        },
        "20054": {
            "year_quarter": 20054,
            "year": 2005,
            "quarter": 4,
            "eps": null,
            "eps_growth_year": null,
            "eps_4q": null,
            "eps_4q_growth_year": null,
            "roe": null,
            "roe_4q": 0,
            "gross_profit": null,
            "gross_margin": null,
            "gross_margin_4q_avg": 0,
            "net_income": null,
            "net_income_4q": null,
            "revenue": null,
            "revenue_4q": null,
            "common_shares": null,
            "book_valuer_per_share": null,
            "book_valuer_per_share_4q_avg": 0,
            "equity": null,
            "current_ratio": null,
            "debt_ratio": null,
            "inventory_turnover_ratio": null,
            "account_receivable_turnover_ratio": null,
            "reinvestment_rate": null,
            "research_to_sale_ratio": null,
            "price_fair": 0,
            "eps_avg_yearly": 0,
            "eps_latest_yearly": 0,
            "eps_growth_yearly": 0
        },
        "20061": {
            "year_quarter": 20061,
            "year": 2006,
            "quarter": 1,
            "eps": null,
            "eps_growth_year": null,
            "eps_4q": null,
            "eps_4q_growth_year": null,
            "roe": null,
            "roe_4q": 0,
            "gross_profit": null,
            "gross_margin": null,
            "gross_margin_4q_avg": 0,
            "net_income": null,
            "net_income_4q": null,
            "revenue": null,
            "revenue_4q": null,
            "common_shares": null,
            "book_valuer_per_share": null,
            "book_valuer_per_share_4q_avg": 0,
            "equity": null,
            "current_ratio": null,
            "debt_ratio": null,
            "inventory_turnover_ratio": null,
            "account_receivable_turnover_ratio": null,
            "reinvestment_rate": null,
            "research_to_sale_ratio": null,
            "price_fair": 0,
            "eps_avg_yearly": 0,
            "eps_latest_yearly": 0,
            "eps_growth_yearly": 0
        },
        "20063": {
            "year_quarter": 20063,
            "year": 2006,
            "quarter": 3,
            "eps": 0.11,
            "eps_growth_year": null,
            "eps_4q": null,
            "eps_4q_growth_year": null,
            "roe": null,
            "roe_4q": 0,
            "gross_profit": 1389026,
            "gross_margin": 63.04,
            "gross_margin_4q_avg": 21.01,
            "net_income": 350949,
            "net_income_4q": null,
            "revenue": 2203419,
            "revenue_4q": null,
            "common_shares": null,
            "book_valuer_per_share": null,
            "book_valuer_per_share_4q_avg": 0,
            "equity": null,
            "current_ratio": null,
            "debt_ratio": null,
            "inventory_turnover_ratio": null,
            "account_receivable_turnover_ratio": null,
            "reinvestment_rate": null,
            "research_to_sale_ratio": null,
            "price_fair": 0,
            "eps_avg_yearly": 0,
            "eps_latest_yearly": 0,
            "eps_growth_yearly": 0
        },
        "20064": {
            "year_quarter": 20064,
            "year": 2006,
            "quarter": 4,
            "eps": 0.04,
            "eps_growth_year": null,
            "eps_4q": null,
            "eps_4q_growth_year": null,
            "roe": null,
            "roe_4q": 0,
            "gross_profit": 471116,
            "gross_margin": 63.26,
            "gross_margin_4q_avg": 42.1,
            "net_income": 119529,
            "net_income_4q": null,
            "revenue": 744707,
            "revenue_4q": null,
            "common_shares": null,
            "book_valuer_per_share": null,
            "book_valuer_per_share_4q_avg": 0,
            "equity": null,
            "current_ratio": null,
            "debt_ratio": null,
            "inventory_turnover_ratio": null,
            "account_receivable_turnover_ratio": null,
            "reinvestment_rate": null,
            "research_to_sale_ratio": null,
            "price_fair": 0.48,
            "eps_avg_yearly": 0.16,
            "eps_latest_yearly": 0.16,
            "eps_growth_yearly": -254.55
        },
        "20071": {
            "year_quarter": 20071,
            "year": 2007,
            "quarter": 1,
            "eps": 0.06,
            "eps_growth_year": null,
            "eps_4q": null,
            "eps_4q_growth_year": null,
            "roe": null,
            "roe_4q": 0,
            "gross_profit": 619000,
            "gross_margin": 73.25,
            "gross_margin_4q_avg": 66.52,
            "net_income": 204000,
            "net_income_4q": null,
            "revenue": 845000,
            "revenue_4q": null,
            "common_shares": null,
            "book_valuer_per_share": null,
            "book_valuer_per_share_4q_avg": 0,
            "equity": null,
            "current_ratio": null,
            "debt_ratio": null,
            "inventory_turnover_ratio": null,
            "account_receivable_turnover_ratio": null,
            "reinvestment_rate": null,
            "research_to_sale_ratio": null,
            "price_fair": 0.6,
            "eps_avg_yearly": 0.2,
            "eps_latest_yearly": 0.24,
            "eps_growth_yearly": -27.27
        },
        "20072": {
            "year_quarter": 20072,
            "year": 2007,
            "quarter": 2,
            "eps": 0.06,
            "eps_growth_year": null,
            "eps_4q": null,
            "eps_4q_growth_year": null,
            "roe": null,
            "roe_4q": 0,
            "gross_profit": 585000,
            "gross_margin": 71.96,
            "gross_margin_4q_avg": 67.88,
            "net_income": 182000,
            "net_income_4q": null,
            "revenue": 813000,
            "revenue_4q": null,
            "common_shares": null,
            "book_valuer_per_share": null,
            "book_valuer_per_share_4q_avg": 0,
            "equity": null,
            "current_ratio": null,
            "debt_ratio": null,
            "inventory_turnover_ratio": null,
            "account_receivable_turnover_ratio": null,
            "reinvestment_rate": null,
            "research_to_sale_ratio": null,
            "price_fair": 0.64,
            "eps_avg_yearly": 0.21,
            "eps_latest_yearly": 0.24,
            "eps_growth_yearly": -18.18
        },
        "20073": {
            "year_quarter": 20073,
            "year": 2007,
            "quarter": 3,
            "eps": 0.07,
            "eps_growth_year": null,
            "eps_4q": 0.23,
            "eps_4q_growth_year": null,
            "roe": null,
            "roe_4q": 0,
            "gross_profit": 685000,
            "gross_margin": 72.79,
            "gross_margin_4q_avg": 70.32,
            "net_income": 227000,
            "net_income_4q": null,
            "revenue": 941000,
            "revenue_4q": null,
            "common_shares": null,
            "book_valuer_per_share": 0.43,
            "book_valuer_per_share_4q_avg": 0.11,
            "equity": 1191864,
            "current_ratio": 167.43,
            "debt_ratio": 65.3,
            "inventory_turnover_ratio": null,
            "account_receivable_turnover_ratio": null,
            "reinvestment_rate": null,
            "research_to_sale_ratio": null,
            "price_fair": 3,
            "eps_avg_yearly": 0.23,
            "eps_latest_yearly": 0.28,
            "eps_growth_yearly": 3.03
        },
        "20074": {
            "year_quarter": 20074,
            "year": 2007,
            "quarter": 4,
            "eps": 0.01,
            "eps_growth_year": -73.34,
            "eps_4q": 0.2,
            "eps_4q_growth_year": null,
            "roe": -487.51,
            "roe_4q": -487.51,
            "gross_profit": 731000,
            "gross_margin": 73.76,
            "gross_margin_4q_avg": 72.94,
            "net_income": -1684000,
            "net_income_4q": null,
            "revenue": 991000,
            "revenue_4q": null,
            "common_shares": 0,
            "book_valuer_per_share": -0.18,
            "book_valuer_per_share_4q_avg": 0.06,
            "equity": -501000,
            "current_ratio": 76.39,
            "debt_ratio": 111.41,
            "inventory_turnover_ratio": null,
            "account_receivable_turnover_ratio": 3.62,
            "reinvestment_rate": null,
            "research_to_sale_ratio": null,
            "price_fair": 0.58,
            "eps_avg_yearly": 0.19,
            "eps_latest_yearly": 0.04,
            "eps_growth_yearly": -66.15
        },
        "20081": {
            "year_quarter": 20081,
            "year": 2008,
            "quarter": 1,
            "eps": 0.14,
            "eps_growth_year": 116.41,
            "eps_4q": 0.28,
            "eps_4q_growth_year": null,
            "roe": 5.23,
            "roe_4q": -482.28,
            "gross_profit": 1122000,
            "gross_margin": 75.4,
            "gross_margin_4q_avg": 73.48,
            "net_income": 424000,
            "net_income_4q": null,
            "revenue": 1488000,
            "revenue_4q": null,
            "common_shares": null,
            "book_valuer_per_share": -1.17,
            "book_valuer_per_share_4q_avg": -0.23,
            "equity": 16716000,
            "current_ratio": 112.24,
            "debt_ratio": 39.74,
            "inventory_turnover_ratio": null,
            "account_receivable_turnover_ratio": 1.69,
            "reinvestment_rate": null,
            "research_to_sale_ratio": null,
            "price_fair": 8.87,
            "eps_avg_yearly": 0.25,
            "eps_latest_yearly": 0.56,
            "eps_growth_yearly": 811.54
        },
        "20082": {
            "year_quarter": 20082,
            "year": 2008,
            "quarter": 2,
            "eps": 0.17,
            "eps_growth_year": 197.24,
            "eps_4q": 0.39,
            "eps_4q_growth_year": null,
            "roe": 1.61,
            "roe_4q": -480.67,
            "gross_profit": 1086000,
            "gross_margin": 74.74,
            "gross_margin_4q_avg": 74.17,
            "net_income": 314000,
            "net_income_4q": null,
            "revenue": 1453000,
            "revenue_4q": null,
            "common_shares": 1127000,
            "book_valuer_per_share": 0.44,
            "book_valuer_per_share_4q_avg": -0.12,
            "equity": 22315000,
            "current_ratio": 172.68,
            "debt_ratio": 34.11,
            "inventory_turnover_ratio": null,
            "account_receivable_turnover_ratio": 0.98,
            "reinvestment_rate": null,
            "research_to_sale_ratio": null,
            "price_fair": 11,
            "eps_avg_yearly": 0.31,
            "eps_latest_yearly": 0.68,
            "eps_growth_yearly": 707.85
        },
        "20083": {
            "year_quarter": 20083,
            "year": 2008,
            "quarter": 3,
            "eps": 0.12,
            "eps_growth_year": 73.47,
            "eps_4q": 0.44,
            "eps_4q_growth_year": 94.29,
            "roe": 1.88,
            "roe_4q": -478.78999999999996,
            "gross_profit": 1219000,
            "gross_margin": 75.57,
            "gross_margin_4q_avg": 74.87,
            "net_income": 422000,
            "net_income_4q": null,
            "revenue": 1613000,
            "revenue_4q": null,
            "common_shares": 1127000,
            "book_valuer_per_share": 0.59,
            "book_valuer_per_share_4q_avg": -0.08,
            "equity": 22676000,
            "current_ratio": 177.43,
            "debt_ratio": 34.16,
            "inventory_turnover_ratio": null,
            "account_receivable_turnover_ratio": 1.06,
            "reinvestment_rate": null,
            "research_to_sale_ratio": null,
            "price_fair": 11.73,
            "eps_avg_yearly": 0.34,
            "eps_latest_yearly": 0.48,
            "eps_growth_yearly": 604.67
        },
        "20084": {
            "year_quarter": 20084,
            "year": 2008,
            "quarter": 4,
            "eps": 0.11,
            "eps_growth_year": 1101.89,
            "eps_4q": 0.55,
            "eps_4q_growth_year": 171.77,
            "roe": -1.58,
            "roe_4q": 7.140000000000001,
            "gross_profit": 1298000,
            "gross_margin": 75.95,
            "gross_margin_4q_avg": 75.42,
            "net_income": -356000,
            "net_income_4q": null,
            "revenue": 1709000,
            "revenue_4q": null,
            "common_shares": 1136000,
            "book_valuer_per_share": 0.42,
            "book_valuer_per_share_4q_avg": 0.07,
            "equity": 22277000,
            "current_ratio": 155.95,
            "debt_ratio": 36.32,
            "inventory_turnover_ratio": null,
            "account_receivable_turnover_ratio": 1.09,
            "reinvestment_rate": null,
            "research_to_sale_ratio": null,
            "price_fair": 12.13,
            "eps_avg_yearly": 0.35,
            "eps_latest_yearly": 0.44,
            "eps_growth_yearly": 533.78
        },
        "20091": {
            "year_quarter": 20091,
            "year": 2009,
            "quarter": 1,
            "eps": 0.17,
            "eps_growth_year": 22.93,
            "eps_4q": 0.58,
            "eps_4q_growth_year": 109.83,
            "roe": 2.61,
            "roe_4q": 4.52,
            "gross_profit": 1347000,
            "gross_margin": 77.46,
            "gross_margin_4q_avg": 75.93,
            "net_income": 574000,
            "net_income_4q": null,
            "revenue": 1739000,
            "revenue_4q": null,
            "common_shares": 0,
            "book_valuer_per_share": 0.19,
            "book_valuer_per_share_4q_avg": 0.41,
            "equity": 21640000,
            "current_ratio": 175.39,
            "debt_ratio": 32,
            "inventory_turnover_ratio": null,
            "account_receivable_turnover_ratio": 1.26,
            "reinvestment_rate": null,
            "research_to_sale_ratio": null,
            "price_fair": 13.3,
            "eps_avg_yearly": 0.38,
            "eps_latest_yearly": 0.68,
            "eps_growth_yearly": 502.22
        },
        "20092": {
            "year_quarter": 20092,
            "year": 2009,
            "quarter": 2,
            "eps": 0.16,
            "eps_growth_year": -8.22,
            "eps_4q": 0.56,
            "eps_4q_growth_year": 44.33,
            "roe": 2.45,
            "roe_4q": 5.36,
            "gross_profit": 1283000,
            "gross_margin": 77.9,
            "gross_margin_4q_avg": 76.72,
            "net_income": 535000,
            "net_income_4q": null,
            "revenue": 1647000,
            "revenue_4q": null,
            "common_shares": 0,
            "book_valuer_per_share": 0.37,
            "book_valuer_per_share_4q_avg": 0.39,
            "equity": 22120000,
            "current_ratio": 193.85,
            "debt_ratio": 30.8,
            "inventory_turnover_ratio": null,
            "account_receivable_turnover_ratio": 1.29,
            "reinvestment_rate": null,
            "research_to_sale_ratio": null,
            "price_fair": 14.13,
            "eps_avg_yearly": 0.4,
            "eps_latest_yearly": 0.64,
            "eps_growth_yearly": 454.42
        },
        "20093": {
            "year_quarter": 20093,
            "year": 2009,
            "quarter": 3,
            "eps": 0.22,
            "eps_growth_year": 79.64,
            "eps_4q": 0.66,
            "eps_4q_growth_year": 49.36,
            "roe": 3.25,
            "roe_4q": 6.73,
            "gross_profit": 1267000,
            "gross_margin": 76.97,
            "gross_margin_4q_avg": 77.07,
            "net_income": 729000,
            "net_income_4q": null,
            "revenue": 1646000,
            "revenue_4q": null,
            "common_shares": 0,
            "book_valuer_per_share": 0.61,
            "book_valuer_per_share_4q_avg": 0.4,
            "equity": 22794000,
            "current_ratio": 215.6,
            "debt_ratio": 30.13,
            "inventory_turnover_ratio": null,
            "account_receivable_turnover_ratio": 0.86,
            "reinvestment_rate": null,
            "research_to_sale_ratio": null,
            "price_fair": 15.52,
            "eps_avg_yearly": 0.44,
            "eps_latest_yearly": 0.88,
            "eps_growth_yearly": 429.05
        },
        "20094": {
            "year_quarter": 20094,
            "year": 2009,
            "quarter": 4,
            "eps": 0.15,
            "eps_growth_year": 33.22,
            "eps_4q": 0.7,
            "eps_4q_growth_year": 27.64,
            "roe": 2.24,
            "roe_4q": 10.55,
            "gross_profit": 1413000,
            "gross_margin": 75.2,
            "gross_margin_4q_avg": 76.88,
            "net_income": 514000,
            "net_income_4q": null,
            "revenue": 1879000,
            "revenue_4q": null,
            "common_shares": 0,
            "book_valuer_per_share": 0.75,
            "book_valuer_per_share_4q_avg": 0.48,
            "equity": 23189000,
            "current_ratio": 208.04,
            "debt_ratio": 28.17,
            "inventory_turnover_ratio": null,
            "account_receivable_turnover_ratio": 1.04,
            "reinvestment_rate": null,
            "research_to_sale_ratio": null,
            "price_fair": 15.94,
            "eps_avg_yearly": 0.46,
            "eps_latest_yearly": 0.6,
            "eps_growth_yearly": 386.26
        },
        "20101": {
            "year_quarter": 20101,
            "year": 2010,
            "quarter": 1,
            "eps": 0.22,
            "eps_growth_year": 28.34,
            "eps_4q": 0.75,
            "eps_4q_growth_year": 28.98,
            "roe": 3.27,
            "roe_4q": 11.21,
            "gross_profit": 1581000,
            "gross_margin": 80.66,
            "gross_margin_4q_avg": 77.68,
            "net_income": 763000,
            "net_income_4q": null,
            "revenue": 1960000,
            "revenue_4q": null,
            "common_shares": 0,
            "book_valuer_per_share": 0.86,
            "book_valuer_per_share_4q_avg": 0.65,
            "equity": 23472000,
            "current_ratio": 240.67,
            "debt_ratio": 25.99,
            "inventory_turnover_ratio": null,
            "account_receivable_turnover_ratio": 1.6,
            "reinvestment_rate": null,
            "research_to_sale_ratio": null,
            "price_fair": 17,
            "eps_avg_yearly": 0.49,
            "eps_latest_yearly": 0.88,
            "eps_growth_yearly": 372
        },
        "20102": {
            "year_quarter": 20102,
            "year": 2010,
            "quarter": 2,
            "eps": 0.21,
            "eps_growth_year": 33.62,
            "eps_4q": 0.8,
            "eps_4q_growth_year": 41.74,
            "roe": 3,
            "roe_4q": 11.76,
            "gross_profit": 1551000,
            "gross_margin": 79.17,
            "gross_margin_4q_avg": 78,
            "net_income": 712000,
            "net_income_4q": null,
            "revenue": 1959000,
            "revenue_4q": null,
            "common_shares": 0,
            "book_valuer_per_share": 1.04,
            "book_valuer_per_share_4q_avg": 0.82,
            "equity": 23983000,
            "current_ratio": 257.7,
            "debt_ratio": 25.21,
            "inventory_turnover_ratio": null,
            "account_receivable_turnover_ratio": 1.61,
            "reinvestment_rate": null,
            "research_to_sale_ratio": null,
            "price_fair": 17.83,
            "eps_avg_yearly": 0.51,
            "eps_latest_yearly": 0.84,
            "eps_growth_yearly": 345.99
        },
        "20103": {
            "year_quarter": 20103,
            "year": 2010,
            "quarter": 3,
            "eps": 0.21,
            "eps_growth_year": -0.92,
            "eps_4q": 0.8,
            "eps_4q_growth_year": 20.9,
            "roe": 2.94,
            "roe_4q": 11.45,
            "gross_profit": 1641000,
            "gross_margin": 80.88,
            "gross_margin_4q_avg": 78.98,
            "net_income": 716000,
            "net_income_4q": null,
            "revenue": 2029000,
            "revenue_4q": null,
            "common_shares": 0,
            "book_valuer_per_share": 1.29,
            "book_valuer_per_share_4q_avg": 0.99,
            "equity": 24676000,
            "current_ratio": 282.88,
            "debt_ratio": 24.53,
            "inventory_turnover_ratio": null,
            "account_receivable_turnover_ratio": 1.95,
            "reinvestment_rate": null,
            "research_to_sale_ratio": null,
            "price_fair": 19.41,
            "eps_avg_yearly": 0.55,
            "eps_latest_yearly": 0.84,
            "eps_growth_yearly": 362.96
        },
        "20104": {
            "year_quarter": 20104,
            "year": 2010,
            "quarter": 4,
            "eps": 0.18,
            "eps_growth_year": 17.8,
            "eps_4q": 0.82,
            "eps_4q_growth_year": 18.2,
            "roe": 3.11,
            "roe_4q": 12.32,
            "gross_profit": 1645000,
            "gross_margin": 77.7,
            "gross_margin_4q_avg": 79.6,
            "net_income": 773000,
            "net_income_4q": null,
            "revenue": 2117000,
            "revenue_4q": null,
            "common_shares": 0,
            "book_valuer_per_share": 0.76,
            "book_valuer_per_share_4q_avg": 0.99,
            "equity": 25011000,
            "current_ratio": 249.69,
            "debt_ratio": 25.13,
            "inventory_turnover_ratio": null,
            "account_receivable_turnover_ratio": 2.36,
            "reinvestment_rate": null,
            "research_to_sale_ratio": null,
            "price_fair": 20.53,
            "eps_avg_yearly": 0.59,
            "eps_latest_yearly": 0.72,
            "eps_growth_yearly": 345.82
        },
        "20111": {
            "year_quarter": 20111,
            "year": 2011,
            "quarter": 1,
            "eps": 0.21,
            "eps_growth_year": -4.39,
            "eps_4q": 0.81,
            "eps_4q_growth_year": 9.27,
            "roe": 3.5,
            "roe_4q": 12.549999999999999,
            "gross_profit": 1801000,
            "gross_margin": 80.47,
            "gross_margin_4q_avg": 79.56,
            "net_income": 884000,
            "net_income_4q": null,
            "revenue": 2238000,
            "revenue_4q": null,
            "common_shares": 0,
            "book_valuer_per_share": 0.96,
            "book_valuer_per_share_4q_avg": 1.01,
            "equity": 25541000,
            "current_ratio": 254.28,
            "debt_ratio": 24.86,
            "inventory_turnover_ratio": null,
            "account_receivable_turnover_ratio": 2.34,
            "reinvestment_rate": null,
            "research_to_sale_ratio": null,
            "price_fair": 21.93,
            "eps_avg_yearly": 0.63,
            "eps_latest_yearly": 0.84,
            "eps_growth_yearly": 350.26
        },
        "20112": {
            "year_quarter": 20112,
            "year": 2011,
            "quarter": 2,
            "eps": 0.21,
            "eps_growth_year": 0.03,
            "eps_4q": 0.81,
            "eps_4q_growth_year": 1.95,
            "roe": 3.4,
            "roe_4q": 12.95,
            "gross_profit": 1814000,
            "gross_margin": 80.8,
            "gross_margin_4q_avg": 79.96,
            "net_income": 880000,
            "net_income_4q": null,
            "revenue": 2245000,
            "revenue_4q": null,
            "common_shares": 0,
            "book_valuer_per_share": 1.13,
            "book_valuer_per_share_4q_avg": 1.04,
            "equity": 26151000,
            "current_ratio": 277.23,
            "debt_ratio": 24.03,
            "inventory_turnover_ratio": null,
            "account_receivable_turnover_ratio": 2.28,
            "reinvestment_rate": 7.64,
            "research_to_sale_ratio": null,
            "price_fair": 22.4,
            "eps_avg_yearly": 0.64,
            "eps_latest_yearly": 0.84,
            "eps_growth_yearly": 328.37
        },
        "20113": {
            "year_quarter": 20113,
            "year": 2011,
            "quarter": 3,
            "eps": 0.25,
            "eps_growth_year": 16.69,
            "eps_4q": 0.85,
            "eps_4q_growth_year": 6.68,
            "roe": 3.85,
            "roe_4q": 13.86,
            "gross_profit": 1868000,
            "gross_margin": 80.45,
            "gross_margin_4q_avg": 79.86,
            "net_income": 1004000,
            "net_income_4q": null,
            "revenue": 2322000,
            "revenue_4q": null,
            "common_shares": 0,
            "book_valuer_per_share": 1.09,
            "book_valuer_per_share_4q_avg": 0.99,
            "equity": 26050000,
            "current_ratio": 269.5,
            "debt_ratio": 24.38,
            "inventory_turnover_ratio": null,
            "account_receivable_turnover_ratio": 2.46,
            "reinvestment_rate": 4.74,
            "research_to_sale_ratio": null,
            "price_fair": 23.98,
            "eps_avg_yearly": 0.69,
            "eps_latest_yearly": 1,
            "eps_growth_yearly": 328.97
        },
        "20114": {
            "year_quarter": 20114,
            "year": 2011,
            "quarter": 4,
            "eps": 0.22,
            "eps_growth_year": 24.35,
            "eps_4q": 0.89,
            "eps_4q_growth_year": 8.47,
            "roe": 3.35,
            "roe_4q": 14.1,
            "gross_profit": 1889000,
            "gross_margin": 79.27,
            "gross_margin_4q_avg": 80.25,
            "net_income": 878000,
            "net_income_4q": null,
            "revenue": 2383000,
            "revenue_4q": null,
            "common_shares": 0,
            "book_valuer_per_share": 1.25,
            "book_valuer_per_share_4q_avg": 1.11,
            "equity": 26437000,
            "current_ratio": 266.3,
            "debt_ratio": 23.94,
            "inventory_turnover_ratio": null,
            "account_receivable_turnover_ratio": 2.47,
            "reinvestment_rate": 10.86,
            "research_to_sale_ratio": null,
            "price_fair": 25.81,
            "eps_avg_yearly": 0.74,
            "eps_latest_yearly": 0.88,
            "eps_growth_yearly": 347.39
        },
        "20121": {
            "year_quarter": 20121,
            "year": 2012,
            "quarter": 1,
            "eps": 0.37,
            "eps_growth_year": 78.49,
            "eps_4q": 1.06,
            "eps_4q_growth_year": 29.87,
            "roe": 3.82,
            "roe_4q": 14.42,
            "gross_profit": 2060000,
            "gross_margin": 80.88,
            "gross_margin_4q_avg": 80.35,
            "net_income": 1027000,
            "net_income_4q": null,
            "revenue": 2547000,
            "revenue_4q": null,
            "common_shares": 0,
            "book_valuer_per_share": 1.57,
            "book_valuer_per_share_4q_avg": 1.26,
            "equity": 27301000,
            "current_ratio": 282.1,
            "debt_ratio": 23.67,
            "inventory_turnover_ratio": null,
            "account_receivable_turnover_ratio": 2.41,
            "reinvestment_rate": 12.81,
            "research_to_sale_ratio": null,
            "price_fair": 27.83,
            "eps_avg_yearly": 0.8,
            "eps_latest_yearly": 1.48,
            "eps_growth_yearly": 39.44
        },
        "20122": {
            "year_quarter": 20122,
            "year": 2012,
            "quarter": 2,
            "eps": 0.46,
            "eps_growth_year": 116.2,
            "eps_4q": 1.31,
            "eps_4q_growth_year": 60.22,
            "roe": 4.63,
            "roe_4q": 15.649999999999999,
            "gross_profit": 2044000,
            "gross_margin": 79.29,
            "gross_margin_4q_avg": 79.97,
            "net_income": 1292000,
            "net_income_4q": null,
            "revenue": 2578000,
            "revenue_4q": null,
            "common_shares": 0,
            "book_valuer_per_share": 2.03,
            "book_valuer_per_share_4q_avg": 1.49,
            "equity": 28521000,
            "current_ratio": 287.01,
            "debt_ratio": 22.59,
            "inventory_turnover_ratio": null,
            "account_receivable_turnover_ratio": 2.24,
            "reinvestment_rate": 18.45,
            "research_to_sale_ratio": null,
            "price_fair": 30.36,
            "eps_avg_yearly": 0.87,
            "eps_latest_yearly": 1.84,
            "eps_growth_yearly": 40.16
        },
        "20123": {
            "year_quarter": 20123,
            "year": 2012,
            "quarter": 3,
            "eps": 0.31,
            "eps_growth_year": 24.87,
            "eps_4q": 1.37,
            "eps_4q_growth_year": 60.79,
            "roe": -6.73,
            "roe_4q": 5.069999999999999,
            "gross_profit": 2028000,
            "gross_margin": 79.06,
            "gross_margin_4q_avg": 79.63,
            "net_income": -1839000,
            "net_income_4q": null,
            "revenue": 2565000,
            "revenue_4q": null,
            "common_shares": 0,
            "book_valuer_per_share": 1.15,
            "book_valuer_per_share_4q_avg": 1.5,
            "equity": 26158000,
            "current_ratio": 138.77,
            "debt_ratio": 32.48,
            "inventory_turnover_ratio": null,
            "account_receivable_turnover_ratio": 2.14,
            "reinvestment_rate": 29.49,
            "research_to_sale_ratio": null,
            "price_fair": 32.03,
            "eps_avg_yearly": 0.92,
            "eps_latest_yearly": 1.24,
            "eps_growth_yearly": 39.36
        },
        "20124": {
            "year_quarter": 20124,
            "year": 2012,
            "quarter": 4,
            "eps": 0.62,
            "eps_growth_year": 177.12,
            "eps_4q": 1.76,
            "eps_4q_growth_year": 97.15,
            "roe": 6.18,
            "roe_4q": 7.899999999999999,
            "gross_profit": 2149000,
            "gross_margin": 78.69,
            "gross_margin_4q_avg": 79.48,
            "net_income": 1662000,
            "net_income_4q": null,
            "revenue": 2731000,
            "revenue_4q": null,
            "common_shares": 0,
            "book_valuer_per_share": 1.7,
            "book_valuer_per_share_4q_avg": 1.61,
            "equity": 27630000,
            "current_ratio": 148.18,
            "debt_ratio": 30.95,
            "inventory_turnover_ratio": null,
            "account_receivable_turnover_ratio": 2.11,
            "reinvestment_rate": 33.18,
            "research_to_sale_ratio": null,
            "price_fair": 36.49,
            "eps_avg_yearly": 1.04,
            "eps_latest_yearly": 2.48,
            "eps_growth_yearly": 66.45
        },
        "20131": {
            "year_quarter": 20131,
            "year": 2013,
            "quarter": 1,
            "eps": 0.48,
            "eps_growth_year": 29.82,
            "eps_4q": 1.87,
            "eps_4q_growth_year": 77.11,
            "roe": 4.68,
            "roe_4q": 8.759999999999998,
            "gross_profit": 2282000,
            "gross_margin": 80.18,
            "gross_margin_4q_avg": 79.31,
            "net_income": 1293000,
            "net_income_4q": null,
            "revenue": 2846000,
            "revenue_4q": null,
            "common_shares": 0,
            "book_valuer_per_share": 1.71,
            "book_valuer_per_share_4q_avg": 1.65,
            "equity": 27588000,
            "current_ratio": 197.14,
            "debt_ratio": 23.07,
            "inventory_turnover_ratio": null,
            "account_receivable_turnover_ratio": 1.31,
            "reinvestment_rate": 31.83,
            "research_to_sale_ratio": null,
            "price_fair": 39.2,
            "eps_avg_yearly": 1.12,
            "eps_latest_yearly": 1.92,
            "eps_growth_yearly": 47.17
        },
        "20132": {
            "year_quarter": 20132,
            "year": 2013,
            "quarter": 2,
            "eps": 0.48,
            "eps_growth_year": 4.56,
            "eps_4q": 1.9,
            "eps_4q_growth_year": 45.16,
            "roe": 4.66,
            "roe_4q": 8.79,
            "gross_profit": 2353000,
            "gross_margin": 79.55,
            "gross_margin_4q_avg": 79.37,
            "net_income": 1270000,
            "net_income_4q": null,
            "revenue": 2958000,
            "revenue_4q": null,
            "common_shares": 0,
            "book_valuer_per_share": 1.48,
            "book_valuer_per_share_4q_avg": 1.51,
            "equity": 26895000,
            "current_ratio": 195.37,
            "debt_ratio": 23.29,
            "inventory_turnover_ratio": null,
            "account_receivable_turnover_ratio": 1.08,
            "reinvestment_rate": 25.87,
            "research_to_sale_ratio": null,
            "price_fair": 42,
            "eps_avg_yearly": 1.2,
            "eps_latest_yearly": 1.92,
            "eps_growth_yearly": 48.64
        },
        "20133": {
            "year_quarter": 20133,
            "year": 2013,
            "quarter": 3,
            "eps": 0.47,
            "eps_growth_year": 51.06,
            "eps_4q": 2.05,
            "eps_4q_growth_year": 50.2,
            "roe": 4.55,
            "roe_4q": 20.07,
            "gross_profit": 2391000,
            "gross_margin": 79.67,
            "gross_margin_4q_avg": 79.52,
            "net_income": 1225000,
            "net_income_4q": null,
            "revenue": 3001000,
            "revenue_4q": null,
            "common_shares": 0,
            "book_valuer_per_share": 1.54,
            "book_valuer_per_share_4q_avg": 1.61,
            "equity": 27003000,
            "current_ratio": 189.08,
            "debt_ratio": 23.47,
            "inventory_turnover_ratio": null,
            "account_receivable_turnover_ratio": 1.4,
            "reinvestment_rate": 26.51,
            "research_to_sale_ratio": null,
            "price_fair": 44.19,
            "eps_avg_yearly": 1.26,
            "eps_latest_yearly": 1.88,
            "eps_growth_yearly": 38.74
        },
        "20134": {
            "year_quarter": 20134,
            "year": 2013,
            "quarter": 4,
            "eps": 0.46,
            "eps_growth_year": -25.26,
            "eps_4q": 1.9,
            "eps_4q_growth_year": 7.65,
            "roe": 4.43,
            "roe_4q": 18.32,
            "gross_profit": 2352000,
            "gross_margin": 79.11,
            "gross_margin_4q_avg": 79.63,
            "net_income": 1192000,
            "net_income_4q": null,
            "revenue": 2973000,
            "revenue_4q": null,
            "common_shares": null,
            "book_valuer_per_share": 1.51,
            "book_valuer_per_share_4q_avg": 1.56,
            "equity": 26870000,
            "current_ratio": 180.44,
            "debt_ratio": 25.27,
            "inventory_turnover_ratio": null,
            "account_receivable_turnover_ratio": 1.68,
            "reinvestment_rate": 23.03,
            "research_to_sale_ratio": null,
            "price_fair": 46.9,
            "eps_avg_yearly": 1.34,
            "eps_latest_yearly": 1.84,
            "eps_growth_yearly": 46.16
        },
        "20141": {
            "year_quarter": 20141,
            "year": 2014,
            "quarter": 1,
            "eps": 0.46,
            "eps_growth_year": -5.24,
            "eps_4q": 1.87,
            "eps_4q_growth_year": -0.09,
            "roe": 5.22,
            "roe_4q": 18.86,
            "gross_profit": 2553000,
            "gross_margin": 80.92,
            "gross_margin_4q_avg": 79.81,
            "net_income": 1407000,
            "net_income_4q": null,
            "revenue": 3155000,
            "revenue_4q": null,
            "common_shares": null,
            "book_valuer_per_share": 1.59,
            "book_valuer_per_share_4q_avg": 1.53,
            "equity": 27014000,
            "current_ratio": 177.08,
            "debt_ratio": 25.47,
            "inventory_turnover_ratio": null,
            "account_receivable_turnover_ratio": 1.83,
            "reinvestment_rate": 23.55,
            "research_to_sale_ratio": null,
            "price_fair": 49,
            "eps_avg_yearly": 1.4,
            "eps_latest_yearly": 1.84,
            "eps_growth_yearly": 34.5
        },
        "20142": {
            "year_quarter": 20142,
            "year": 2014,
            "quarter": 2,
            "eps": 0.63,
            "eps_growth_year": 30.92,
            "eps_4q": 2.02,
            "eps_4q_growth_year": 6.65,
            "roe": 5.88,
            "roe_4q": 20.08,
            "gross_profit": 2597000,
            "gross_margin": 82.11,
            "gross_margin_4q_avg": 80.45,
            "net_income": 1598000,
            "net_income_4q": null,
            "revenue": 3163000,
            "revenue_4q": null,
            "common_shares": null,
            "book_valuer_per_share": 1.72,
            "book_valuer_per_share_4q_avg": 1.59,
            "equity": 27295000,
            "current_ratio": 171.48,
            "debt_ratio": 26.75,
            "inventory_turnover_ratio": null,
            "account_receivable_turnover_ratio": 1.88,
            "reinvestment_rate": 22.34,
            "research_to_sale_ratio": null,
            "price_fair": 52.68,
            "eps_avg_yearly": 1.51,
            "eps_latest_yearly": 2.52,
            "eps_growth_yearly": 44.87
        },
        "20143": {
            "year_quarter": 20143,
            "year": 2014,
            "quarter": 3,
            "eps": 0.54,
            "eps_growth_year": 15.15,
            "eps_4q": 2.09,
            "eps_4q_growth_year": 1.87,
            "roe": 4.98,
            "roe_4q": 20.509999999999998,
            "gross_profit": 2565000,
            "gross_margin": 81.3,
            "gross_margin_4q_avg": 80.86,
            "net_income": 1360000,
            "net_income_4q": null,
            "revenue": 3155000,
            "revenue_4q": null,
            "common_shares": null,
            "book_valuer_per_share": 1.66,
            "book_valuer_per_share_4q_avg": 1.62,
            "equity": 27286000,
            "current_ratio": 169.83,
            "debt_ratio": 27.58,
            "inventory_turnover_ratio": null,
            "account_receivable_turnover_ratio": 1.95,
            "reinvestment_rate": 19.34,
            "research_to_sale_ratio": null,
            "price_fair": 55.56,
            "eps_avg_yearly": 1.59,
            "eps_latest_yearly": 2.16,
            "eps_growth_yearly": 41.3
        },
        "20144": {
            "year_quarter": 20144,
            "year": 2014,
            "quarter": 4,
            "eps": 0.56,
            "eps_growth_year": 20.31,
            "eps_4q": 2.19,
            "eps_4q_growth_year": 15.21,
            "roe": 3.92,
            "roe_4q": 20,
            "gross_profit": 2605000,
            "gross_margin": 80.68,
            "gross_margin_4q_avg": 81.25,
            "net_income": 1073000,
            "net_income_4q": null,
            "revenue": 3229000,
            "revenue_4q": null,
            "common_shares": null,
            "book_valuer_per_share": 1.73,
            "book_valuer_per_share_4q_avg": 1.68,
            "equity": 27413000,
            "current_ratio": 159.21,
            "debt_ratio": 28.92,
            "inventory_turnover_ratio": null,
            "account_receivable_turnover_ratio": 1.94,
            "reinvestment_rate": 21.21,
            "research_to_sale_ratio": null,
            "price_fair": 58.89,
            "eps_avg_yearly": 1.68,
            "eps_latest_yearly": 2.24,
            "eps_growth_yearly": 45.8
        },
        "20151": {
            "year_quarter": 20151,
            "year": 2015,
            "quarter": 1,
            "eps": 0.57,
            "eps_growth_year": 24.72,
            "eps_4q": 2.3,
            "eps_4q_growth_year": 22.82,
            "roe": 5.67,
            "roe_4q": 20.45,
            "gross_profit": 2759000,
            "gross_margin": 81.58,
            "gross_margin_4q_avg": 81.42,
            "net_income": 1569000,
            "net_income_4q": null,
            "revenue": 3382000,
            "revenue_4q": null,
            "common_shares": null,
            "book_valuer_per_share": 1.95,
            "book_valuer_per_share_4q_avg": 1.77,
            "equity": 27942000,
            "current_ratio": 170.13,
            "debt_ratio": 28.14,
            "inventory_turnover_ratio": null,
            "account_receivable_turnover_ratio": 2.18,
            "reinvestment_rate": 19.76,
            "research_to_sale_ratio": null,
            "price_fair": 62.04,
            "eps_avg_yearly": 1.77,
            "eps_latest_yearly": 2.28,
            "eps_growth_yearly": 42.08
        },
        "20152": {
            "year_quarter": 20152,
            "year": 2015,
            "quarter": 2,
            "eps": 0.63,
            "eps_growth_year": 0.12,
            "eps_4q": 2.3,
            "eps_4q_growth_year": 13.82,
            "roe": 5.52,
            "roe_4q": 20.09,
            "gross_profit": 2817000,
            "gross_margin": 82.63,
            "gross_margin_4q_avg": 81.55,
            "net_income": 1550000,
            "net_income_4q": null,
            "revenue": 3409000,
            "revenue_4q": null,
            "common_shares": null,
            "book_valuer_per_share": 2.09,
            "book_valuer_per_share_4q_avg": 1.86,
            "equity": 28237000,
            "current_ratio": 185.65,
            "debt_ratio": 27.29,
            "inventory_turnover_ratio": null,
            "account_receivable_turnover_ratio": 2.29,
            "reinvestment_rate": 17.11,
            "research_to_sale_ratio": null,
            "price_fair": 65.71,
            "eps_avg_yearly": 1.88,
            "eps_latest_yearly": 2.52,
            "eps_growth_yearly": 44.71
        },
        "20153": {
            "year_quarter": 20153,
            "year": 2015,
            "quarter": 3,
            "eps": 0.69,
            "eps_growth_year": 28.04,
            "eps_4q": 2.45,
            "eps_4q_growth_year": 17.2,
            "roe": 5.97,
            "roe_4q": 21.08,
            "gross_profit": 2835000,
            "gross_margin": 80.59,
            "gross_margin_4q_avg": 81.37,
            "net_income": 1697000,
            "net_income_4q": null,
            "revenue": 3518000,
            "revenue_4q": null,
            "common_shares": null,
            "book_valuer_per_share": 2.24,
            "book_valuer_per_share_4q_avg": 2,
            "equity": 28627000,
            "current_ratio": 173.92,
            "debt_ratio": 27.4,
            "inventory_turnover_ratio": null,
            "account_receivable_turnover_ratio": 2.22,
            "reinvestment_rate": 15.32,
            "research_to_sale_ratio": null,
            "price_fair": 69.56,
            "eps_avg_yearly": 1.99,
            "eps_latest_yearly": 2.76,
            "eps_growth_yearly": 42.33
        },
        "20154": {
            "year_quarter": 20154,
            "year": 2015,
            "quarter": 4,
            "eps": 0.62,
            "eps_growth_year": 11.81,
            "eps_4q": 2.52,
            "eps_4q_growth_year": 15.17,
            "roe": 5.17,
            "roe_4q": 22.33,
            "gross_profit": 2916000,
            "gross_margin": 81.66,
            "gross_margin_4q_avg": 81.62,
            "net_income": 1512000,
            "net_income_4q": null,
            "revenue": 3571000,
            "revenue_4q": null,
            "common_shares": null,
            "book_valuer_per_share": 2.75,
            "book_valuer_per_share_4q_avg": 2.26,
            "equity": 29842000,
            "current_ratio": 187.13,
            "debt_ratio": 24.2,
            "inventory_turnover_ratio": null,
            "account_receivable_turnover_ratio": 2.51,
            "reinvestment_rate": 14.47,
            "research_to_sale_ratio": null,
            "price_fair": 73.06,
            "eps_avg_yearly": 2.09,
            "eps_latest_yearly": 2.48,
            "eps_growth_yearly": 42.79
        },
        "20161": {
            "year_quarter": 20161,
            "year": 2016,
            "quarter": 1,
            "eps": 0.8,
            "eps_growth_year": 39.65,
            "eps_4q": 2.75,
            "eps_4q_growth_year": 19.35,
            "roe": 6.54,
            "roe_4q": 23.2,
            "gross_profit": 2938000,
            "gross_margin": 82.41,
            "gross_margin_4q_avg": 81.82,
            "net_income": 1941000,
            "net_income_4q": null,
            "revenue": 3565000,
            "revenue_4q": null,
            "common_shares": null,
            "book_valuer_per_share": 2.63,
            "book_valuer_per_share_4q_avg": 2.43,
            "equity": 29476000,
            "current_ratio": 475.51,
            "debt_ratio": 46.38,
            "inventory_turnover_ratio": null,
            "account_receivable_turnover_ratio": 2.72,
            "reinvestment_rate": 10.32,
            "research_to_sale_ratio": null,
            "price_fair": 76.83,
            "eps_avg_yearly": 2.2,
            "eps_latest_yearly": 3.2,
            "eps_growth_yearly": 33.01
        },
        "20162": {
            "year_quarter": 20162,
            "year": 2016,
            "quarter": 2,
            "eps": 0.71,
            "eps_growth_year": 12.73,
            "eps_4q": 2.83,
            "eps_4q_growth_year": 22.8,
            "roe": 5.83,
            "roe_4q": 23.509999999999998,
            "gross_profit": 2972000,
            "gross_margin": 81.96,
            "gross_margin_4q_avg": 81.66,
            "net_income": 1707000,
            "net_income_4q": null,
            "revenue": 3626000,
            "revenue_4q": null,
            "common_shares": null,
            "book_valuer_per_share": 2.51,
            "book_valuer_per_share_4q_avg": 2.53,
            "equity": 29131000,
            "current_ratio": 474.2,
            "debt_ratio": 46.38,
            "inventory_turnover_ratio": null,
            "account_receivable_turnover_ratio": 2.66,
            "reinvestment_rate": 4.29,
            "research_to_sale_ratio": null,
            "price_fair": 77.01,
            "eps_avg_yearly": 2.26,
            "eps_latest_yearly": 2.84,
            "eps_growth_yearly": 24.11
        },
        "20163": {
            "year_quarter": 20163,
            "year": 2016,
            "quarter": 3,
            "eps": 0.94,
            "eps_growth_year": 35.7,
            "eps_4q": 3.07,
            "eps_4q_growth_year": 25.29,
            "roe": 1.33,
            "roe_4q": 18.869999999999997,
            "gross_profit": 2998000,
            "gross_margin": 82.59,
            "gross_margin_4q_avg": 82.16,
            "net_income": 412000,
            "net_income_4q": null,
            "revenue": 3630000,
            "revenue_4q": null,
            "common_shares": 5717000,
            "book_valuer_per_share": -3.95,
            "book_valuer_per_share_4q_avg": 0.99,
            "equity": 32827000,
            "current_ratio": 184.68,
            "debt_ratio": 48.6,
            "inventory_turnover_ratio": null,
            "account_receivable_turnover_ratio": 1.85,
            "reinvestment_rate": 3.98,
            "research_to_sale_ratio": null,
            "price_fair": 84.53,
            "eps_avg_yearly": 2.42,
            "eps_latest_yearly": 3.76,
            "eps_growth_yearly": 40.36
        },
        "20164": {
            "year_quarter": 20164,
            "year": 2016,
            "quarter": 4,
            "eps": 0.79,
            "eps_growth_year": 27.29,
            "eps_4q": 3.24,
            "eps_4q_growth_year": 28.77,
            "roe": 5.87,
            "roe_4q": 19.57,
            "gross_profit": 3410000,
            "gross_margin": 80.03,
            "gross_margin_4q_avg": 81.75,
            "net_income": 1931000,
            "net_income_4q": null,
            "revenue": 4261000,
            "revenue_4q": null,
            "common_shares": null,
            "book_valuer_per_share": -6.48,
            "book_valuer_per_share_4q_avg": -1.32,
            "equity": 32912000,
            "current_ratio": 177.89,
            "debt_ratio": 48.6,
            "inventory_turnover_ratio": null,
            "account_receivable_turnover_ratio": 1.61,
            "reinvestment_rate": 4.45,
            "research_to_sale_ratio": null,
            "price_fair": 52.52,
            "eps_avg_yearly": 2.46,
            "eps_latest_yearly": 3.16,
            "eps_growth_yearly": 11.37
        },
        "20171": {
            "year_quarter": 20171,
            "year": 2017,
            "quarter": 1,
            "eps": 0.86,
            "eps_growth_year": 7.58,
            "eps_4q": 3.3,
            "eps_4q_growth_year": 20.33,
            "roe": 6.4,
            "roe_4q": 19.43,
            "gross_profit": 3745000,
            "gross_margin": 83.95,
            "gross_margin_4q_avg": 82.13,
            "net_income": 2070000,
            "net_income_4q": null,
            "revenue": 4461000,
            "revenue_4q": null,
            "common_shares": 0,
            "book_valuer_per_share": -6.6,
            "book_valuer_per_share_4q_avg": -3.63,
            "equity": 31726000,
            "current_ratio": 142.05,
            "debt_ratio": 49.94,
            "inventory_turnover_ratio": null,
            "account_receivable_turnover_ratio": 1.72,
            "reinvestment_rate": 5.76,
            "research_to_sale_ratio": null,
            "price_fair": 74.62,
            "eps_avg_yearly": 2.55,
            "eps_latest_yearly": 3.44,
            "eps_growth_yearly": 19.23
        },
        "20172": {
            "year_quarter": 20172,
            "year": 2017,
            "quarter": 2,
            "eps": 0.18,
            "eps_growth_year": -74.8,
            "eps_4q": 2.77,
            "eps_4q_growth_year": -1.92,
            "roe": 1.38,
            "roe_4q": 14.98,
            "gross_profit": 3623000,
            "gross_margin": 80.92,
            "gross_margin_4q_avg": 81.87,
            "net_income": 430000,
            "net_income_4q": null,
            "revenue": 4477000,
            "revenue_4q": null,
            "common_shares": 0,
            "book_valuer_per_share": -6.99,
            "book_valuer_per_share_4q_avg": -6.01,
            "equity": 30783000,
            "current_ratio": 151.92,
            "debt_ratio": 51.31,
            "inventory_turnover_ratio": null,
            "account_receivable_turnover_ratio": 1.3,
            "reinvestment_rate": 0.37,
            "research_to_sale_ratio": null,
            "price_fair": 7.43,
            "eps_avg_yearly": 2.48,
            "eps_latest_yearly": 0.72,
            "eps_growth_yearly": -0.53
        },
        "20173": {
            "year_quarter": 20173,
            "year": 2017,
            "quarter": 3,
            "eps": 0.86,
            "eps_growth_year": -8.23,
            "eps_4q": 2.69,
            "eps_4q_growth_year": -12.33,
            "roe": 6.56,
            "roe_4q": 20.21,
            "gross_profit": 3709000,
            "gross_margin": 81.25,
            "gross_margin_4q_avg": 81.54,
            "net_income": 2059000,
            "net_income_4q": null,
            "revenue": 4565000,
            "revenue_4q": null,
            "common_shares": null,
            "book_valuer_per_share": -6.99,
            "book_valuer_per_share_4q_avg": -6.77,
            "equity": 31944000,
            "current_ratio": 165.26,
            "debt_ratio": 50.09,
            "inventory_turnover_ratio": null,
            "account_receivable_turnover_ratio": 1.31,
            "reinvestment_rate": -0.86,
            "research_to_sale_ratio": null,
            "price_fair": 90.13,
            "eps_avg_yearly": 2.58,
            "eps_latest_yearly": 3.44,
            "eps_growth_yearly": 94.43
        },
        "20174": {
            "year_quarter": 20174,
            "year": 2017,
            "quarter": 4,
            "eps": 0.9,
            "eps_growth_year": 14.19,
            "eps_4q": 2.81,
            "eps_4q_growth_year": -13.46,
            "roe": 6.61,
            "roe_4q": 20.950000000000003,
            "gross_profit": 4033000,
            "gross_margin": 83.07,
            "gross_margin_4q_avg": 82.3,
            "net_income": 2140000,
            "net_income_4q": null,
            "revenue": 4855000,
            "revenue_4q": null,
            "common_shares": null,
            "book_valuer_per_share": -6.95,
            "book_valuer_per_share_4q_avg": -6.88,
            "equity": 32760000,
            "current_ratio": 190.34,
            "debt_ratio": 51.81,
            "inventory_turnover_ratio": null,
            "account_receivable_turnover_ratio": 1.91,
            "reinvestment_rate": -2.61,
            "research_to_sale_ratio": null,
            "price_fair": 93.98,
            "eps_avg_yearly": 2.69,
            "eps_latest_yearly": 3.6,
            "eps_growth_yearly": 96.13
        },
        "20181": {
            "year_quarter": 20181,
            "year": 2018,
            "quarter": 1,
            "eps": 1.08,
            "eps_growth_year": 25.42,
            "eps_4q": 3.02,
            "eps_4q_growth_year": -8.43,
            "roe": 7.67,
            "roe_4q": 22.22,
            "gross_profit": 4023000,
            "gross_margin": 82.74,
            "gross_margin_4q_avg": 82,
            "net_income": 2536000,
            "net_income_4q": null,
            "revenue": 4862000,
            "revenue_4q": null,
            "common_shares": null,
            "book_valuer_per_share": -6.83,
            "book_valuer_per_share_4q_avg": -6.94,
            "equity": 33401000,
            "current_ratio": 206.71,
            "debt_ratio": 50.26,
            "inventory_turnover_ratio": null,
            "account_receivable_turnover_ratio": 1.78,
            "reinvestment_rate": 0.34,
            "research_to_sale_ratio": null,
            "price_fair": 99.4,
            "eps_avg_yearly": 2.84,
            "eps_latest_yearly": 4.32,
            "eps_growth_yearly": 101.13
        },
        "20182": {
            "year_quarter": 20182,
            "year": 2018,
            "quarter": 2,
            "eps": 1.11,
            "eps_growth_year": 521.82,
            "eps_4q": 3.96,
            "eps_4q_growth_year": 42.9,
            "roe": 7.72,
            "roe_4q": 28.56,
            "gross_profit": 4080000,
            "gross_margin": 80.43,
            "gross_margin_4q_avg": 81.87,
            "net_income": 2605000,
            "net_income_4q": null,
            "revenue": 5073000,
            "revenue_4q": null,
            "common_shares": null,
            "book_valuer_per_share": -6.85,
            "book_valuer_per_share_4q_avg": -6.91,
            "equity": 34103000,
            "current_ratio": 194.07,
            "debt_ratio": 50.61,
            "inventory_turnover_ratio": null,
            "account_receivable_turnover_ratio": 1.52,
            "reinvestment_rate": 1.5,
            "research_to_sale_ratio": null,
            "price_fair": 103.6,
            "eps_avg_yearly": 2.96,
            "eps_latest_yearly": 4.44,
            "eps_growth_yearly": 92.58
        },
        "20183": {
            "year_quarter": 20183,
            "year": 2018,
            "quarter": 3,
            "eps": 1.22,
            "eps_growth_year": 41.03,
            "eps_4q": 4.31,
            "eps_4q_growth_year": 60.15,
            "roe": 6.91,
            "roe_4q": 28.909999999999997,
            "gross_profit": 4219000,
            "gross_margin": 80.52,
            "gross_margin_4q_avg": 81.69,
            "net_income": 2329000,
            "net_income_4q": null,
            "revenue": 5240000,
            "revenue_4q": null,
            "common_shares": null,
            "book_valuer_per_share": -6.75,
            "book_valuer_per_share_4q_avg": -6.85,
            "equity": 33318000,
            "current_ratio": 169.11,
            "debt_ratio": 51.13,
            "inventory_turnover_ratio": null,
            "account_receivable_turnover_ratio": 1.59,
            "reinvestment_rate": 1.02,
            "research_to_sale_ratio": null,
            "price_fair": 109.55,
            "eps_avg_yearly": 3.13,
            "eps_latest_yearly": 4.88,
            "eps_growth_yearly": 98.63
        },
        "20184": {
            "year_quarter": 20184,
            "year": 2018,
            "quarter": 4,
            "eps": 1.24,
            "eps_growth_year": 36.76,
            "eps_4q": 4.65,
            "eps_4q_growth_year": 65.59,
            "roe": 8.45,
            "roe_4q": 30.75,
            "gross_profit": 4431000,
            "gross_margin": 81.54,
            "gross_margin_4q_avg": 81.31,
            "net_income": 2845000,
            "net_income_4q": null,
            "revenue": 5434000,
            "revenue_4q": null,
            "common_shares": 0,
            "book_valuer_per_share": -6.43,
            "book_valuer_per_share_4q_avg": -6.72,
            "equity": 34006000,
            "current_ratio": 161.13,
            "debt_ratio": 50.88,
            "inventory_turnover_ratio": null,
            "account_receivable_turnover_ratio": 1.93,
            "reinvestment_rate": 5.68,
            "research_to_sale_ratio": null,
            "price_fair": 115.5,
            "eps_avg_yearly": 3.3,
            "eps_latest_yearly": 4.96,
            "eps_growth_yearly": 98.11
        },
        "20191": {
            "year_quarter": 20191,
            "year": 2019,
            "quarter": 1,
            "eps": 1.3,
            "eps_growth_year": 20.8,
            "eps_4q": 4.87,
            "eps_4q_growth_year": 61.04,
            "roe": 8.74,
            "roe_4q": 31.819999999999997,
            "gross_profit": 4526000,
            "gross_margin": 82.2,
            "gross_margin_4q_avg": 81.17,
            "net_income": 2977000,
            "net_income_4q": null,
            "revenue": 5506000,
            "revenue_4q": null,
            "common_shares": 201,
            "book_valuer_per_share": -6.29,
            "book_valuer_per_share_4q_avg": -6.58,
            "equity": 34095000,
            "current_ratio": 150.18,
            "debt_ratio": 52.42,
            "inventory_turnover_ratio": null,
            "account_receivable_turnover_ratio": 1.5,
            "reinvestment_rate": 6.33,
            "research_to_sale_ratio": null,
            "price_fair": 121.89,
            "eps_avg_yearly": 3.48,
            "eps_latest_yearly": 5.2,
            "eps_growth_yearly": 98.88
        },
        "20192": {
            "year_quarter": 20192,
            "year": 2019,
            "quarter": 2,
            "eps": 1.31,
            "eps_growth_year": 17.89,
            "eps_4q": 5.07,
            "eps_4q_growth_year": 28.04,
            "roe": 8.71,
            "roe_4q": 32.81,
            "gross_profit": 4429000,
            "gross_margin": 80.62,
            "gross_margin_4q_avg": 81.22,
            "net_income": 2977000,
            "net_income_4q": null,
            "revenue": 5494000,
            "revenue_4q": null,
            "common_shares": 200,
            "book_valuer_per_share": -6.07,
            "book_valuer_per_share_4q_avg": -6.39,
            "equity": 34275000,
            "current_ratio": 162.48,
            "debt_ratio": 50.94,
            "inventory_turnover_ratio": null,
            "account_receivable_turnover_ratio": 1.46,
            "reinvestment_rate": 2.53,
            "research_to_sale_ratio": null,
            "price_fair": 127.84,
            "eps_avg_yearly": 3.65,
            "eps_latest_yearly": 5.24,
            "eps_growth_yearly": 96.44
        },
        "20193": {
            "year_quarter": 20193,
            "year": 2019,
            "quarter": 3,
            "eps": 1.37,
            "eps_growth_year": 12.48,
            "eps_4q": 5.22,
            "eps_4q_growth_year": 21.04,
            "roe": 8.95,
            "roe_4q": 34.849999999999994,
            "gross_profit": 4784000,
            "gross_margin": 81.92,
            "gross_margin_4q_avg": 81.57,
            "net_income": 3101000,
            "net_income_4q": null,
            "revenue": 5840000,
            "revenue_4q": null,
            "common_shares": 199,
            "book_valuer_per_share": -6.01,
            "book_valuer_per_share_4q_avg": -6.2,
            "equity": 34995000,
            "current_ratio": 169.04,
            "debt_ratio": 50.18,
            "inventory_turnover_ratio": null,
            "account_receivable_turnover_ratio": 1.88,
            "reinvestment_rate": 0.58,
            "research_to_sale_ratio": null,
            "price_fair": 133.79,
            "eps_avg_yearly": 3.82,
            "eps_latest_yearly": 5.48,
            "eps_growth_yearly": 95.2
        },
        "20194": {
            "year_quarter": 20194,
            "year": 2019,
            "quarter": 4,
            "eps": 1.48,
            "eps_growth_year": 19.34,
            "eps_4q": 5.46,
            "eps_4q_growth_year": 17.53,
            "roe": 8.68,
            "roe_4q": 35.08,
            "gross_profit": 5073000,
            "gross_margin": 82.66,
            "gross_margin_4q_avg": 81.85,
            "net_income": 3025000,
            "net_income_4q": null,
            "revenue": 6137000,
            "revenue_4q": null,
            "common_shares": 198,
            "book_valuer_per_share": -6.14,
            "book_valuer_per_share_4q_avg": -6.13,
            "equity": 34684000,
            "current_ratio": 156.32,
            "debt_ratio": 52.21,
            "inventory_turnover_ratio": null,
            "account_receivable_turnover_ratio": 1.57,
            "reinvestment_rate": -1.48,
            "research_to_sale_ratio": null,
            "price_fair": 141.31,
            "eps_avg_yearly": 4.04,
            "eps_latest_yearly": 5.92,
            "eps_growth_yearly": 99.75
        },
        "20201": {
            "year_quarter": 20201,
            "year": 2020,
            "quarter": 1,
            "eps": 1.46,
            "eps_growth_year": 12.25,
            "eps_4q": 5.62,
            "eps_4q_growth_year": 15.4,
            "roe": 9.35,
            "roe_4q": 35.69,
            "gross_profit": 4891000,
            "gross_margin": 80.79,
            "gross_margin_4q_avg": 81.5,
            "net_income": 3272000,
            "net_income_4q": null,
            "revenue": 6054000,
            "revenue_4q": null,
            "common_shares": 197,
            "book_valuer_per_share": -6.11,
            "book_valuer_per_share_4q_avg": -6.08,
            "equity": 35270000,
            "current_ratio": 126.96,
            "debt_ratio": 52.84,
            "inventory_turnover_ratio": null,
            "account_receivable_turnover_ratio": 1.27,
            "reinvestment_rate": -2.75,
            "research_to_sale_ratio": null,
            "price_fair": 147.09,
            "eps_avg_yearly": 4.2,
            "eps_latest_yearly": 5.84,
            "eps_growth_yearly": 92.15
        },
        "20202": {
            "year_quarter": 20202,
            "year": 2020,
            "quarter": 2,
            "eps": 1.39,
            "eps_growth_year": 5.69,
            "eps_4q": 5.7,
            "eps_4q_growth_year": 12.33,
            "roe": 8.83,
            "roe_4q": 35.81,
            "gross_profit": 4731000,
            "gross_margin": 80.82,
            "gross_margin_4q_avg": 81.55,
            "net_income": 3084000,
            "net_income_4q": null,
            "revenue": 5854000,
            "revenue_4q": null,
            "common_shares": 195,
            "book_valuer_per_share": -6.41,
            "book_valuer_per_share_4q_avg": -6.17,
            "equity": 34585000,
            "current_ratio": 124.87,
            "debt_ratio": 52.51,
            "inventory_turnover_ratio": null,
            "account_receivable_turnover_ratio": 1.49,
            "reinvestment_rate": -5.45,
            "research_to_sale_ratio": null,
            "price_fair": 153.04,
            "eps_avg_yearly": 4.37,
            "eps_latest_yearly": 5.56,
            "eps_growth_yearly": 93.76
        },
        "20203": {
            "year_quarter": 20203,
            "year": 2020,
            "quarter": 3,
            "eps": 1.07,
            "eps_growth_year": -21.6,
            "eps_4q": 5.4,
            "eps_4q_growth_year": 3.4,
            "roe": 6.77,
            "roe_4q": 33.629999999999995,
            "gross_profit": 3724000,
            "gross_margin": 76.99,
            "gross_margin_4q_avg": 80.32,
            "net_income": 2373000,
            "net_income_4q": null,
            "revenue": 4837000,
            "revenue_4q": null,
            "common_shares": 195,
            "book_valuer_per_share": -6.01,
            "book_valuer_per_share_4q_avg": -6.17,
            "equity": 35524000,
            "current_ratio": 155.35,
            "debt_ratio": 54.39,
            "inventory_turnover_ratio": null,
            "account_receivable_turnover_ratio": 1.49,
            "reinvestment_rate": -7.13,
            "research_to_sale_ratio": null,
            "price_fair": 154.18,
            "eps_avg_yearly": 4.41,
            "eps_latest_yearly": 4.28,
            "eps_growth_yearly": 79.91
        },
        "20204": {
            "year_quarter": 20204,
            "year": 2020,
            "quarter": 4,
            "eps": 0.81,
            "eps_growth_year": -45.27,
            "eps_4q": 4.73,
            "eps_4q_growth_year": -13.36,
            "roe": 5.96,
            "roe_4q": 30.910000000000004,
            "gross_profit": 3988000,
            "gross_margin": 78.18,
            "gross_margin_4q_avg": 79.2,
            "net_income": 2137000,
            "net_income_4q": null,
            "revenue": 5101000,
            "revenue_4q": null,
            "common_shares": 194,
            "book_valuer_per_share": -5.94,
            "book_valuer_per_share_4q_avg": -6.12,
            "equity": 36210000,
            "current_ratio": 190.52,
            "debt_ratio": 55.25,
            "inventory_turnover_ratio": null,
            "account_receivable_turnover_ratio": 1.58,
            "reinvestment_rate": -7.6,
            "research_to_sale_ratio": null,
            "price_fair": 154.35,
            "eps_avg_yearly": 4.41,
            "eps_latest_yearly": 3.24,
            "eps_growth_yearly": 77.82
        },
        "20211": {
            "year_quarter": 20211,
            "year": 2021,
            "quarter": 1,
            "eps": 1.42,
            "eps_growth_year": -2.77,
            "eps_4q": 4.69,
            "eps_4q_growth_year": -16.54,
            "roe": 8.46,
            "roe_4q": 30.020000000000003,
            "gross_profit": 4533000,
            "gross_margin": 79.71,
            "gross_margin_4q_avg": 78.93,
            "net_income": 3126000,
            "net_income_4q": null,
            "revenue": 5687000,
            "revenue_4q": null,
            "common_shares": 196,
            "book_valuer_per_share": -5.03,
            "book_valuer_per_share_4q_avg": -5.85,
            "equity": 37679000,
            "current_ratio": 212.11,
            "debt_ratio": 53.15,
            "inventory_turnover_ratio": null,
            "account_receivable_turnover_ratio": 1.83,
            "reinvestment_rate": -5.22,
            "research_to_sale_ratio": null,
            "price_fair": 159.25,
            "eps_avg_yearly": 4.55,
            "eps_latest_yearly": 5.68,
            "eps_growth_yearly": 94.44
        },
        "20212": {
            "year_quarter": 20212,
            "year": 2021,
            "quarter": 2,
            "eps": 1.38,
            "eps_growth_year": -0.55,
            "eps_4q": 4.68,
            "eps_4q_growth_year": -17.77,
            "roe": 8.03,
            "roe_4q": 29.220000000000002,
            "gross_profit": 4436000,
            "gross_margin": 77.43,
            "gross_margin_4q_avg": 78.08,
            "net_income": 3026000,
            "net_income_4q": null,
            "revenue": 5729000,
            "revenue_4q": null,
            "common_shares": 195,
            "book_valuer_per_share": -4.44,
            "book_valuer_per_share_4q_avg": -5.36,
            "equity": 37696000,
            "current_ratio": 211.64,
            "debt_ratio": 52.99,
            "inventory_turnover_ratio": null,
            "account_receivable_turnover_ratio": 1.74,
            "reinvestment_rate": -3.5,
            "research_to_sale_ratio": null,
            "price_fair": 169.75,
            "eps_avg_yearly": 4.85,
            "eps_latest_yearly": 5.52,
            "eps_growth_yearly": 113.5
        },
        "20213": {
            "year_quarter": 20213,
            "year": 2021,
            "quarter": 3,
            "eps": 1.23,
            "eps_growth_year": 14.17,
            "eps_4q": 4.84,
            "eps_4q_growth_year": -10.45,
            "roe": 6.82,
            "roe_4q": 29.270000000000003,
            "gross_profit": 4846000,
            "gross_margin": 79.05,
            "gross_margin_4q_avg": 78.59,
            "net_income": 2575000,
            "net_income_4q": null,
            "revenue": 6130000,
            "revenue_4q": null,
            "common_shares": 195,
            "book_valuer_per_share": -4.41,
            "book_valuer_per_share_4q_avg": -4.96,
            "equity": 37790000,
            "current_ratio": 199.97,
            "debt_ratio": 54.29,
            "inventory_turnover_ratio": null,
            "account_receivable_turnover_ratio": 1.82,
            "reinvestment_rate": -0.82,
            "research_to_sale_ratio": null,
            "price_fair": 130.17,
            "eps_avg_yearly": 4.94,
            "eps_latest_yearly": 4.92,
            "eps_growth_yearly": 16.34
        },
        "20214": {
            "year_quarter": 20214,
            "year": 2021,
            "quarter": 4,
            "eps": 1.39,
            "eps_growth_year": 71.98,
            "eps_4q": 5.42,
            "eps_4q_growth_year": 14.48,
            "roe": 9.51,
            "roe_4q": 32.82,
            "gross_profit": 5320000,
            "gross_margin": 81.11,
            "gross_margin_4q_avg": 79.33,
            "net_income": 3584000,
            "net_income_4q": null,
            "revenue": 6559000,
            "revenue_4q": null,
            "common_shares": 193,
            "book_valuer_per_share": -4.32,
            "book_valuer_per_share_4q_avg": -4.55,
            "equity": 37589001,
            "current_ratio": 175.41,
            "debt_ratio": 54.66,
            "inventory_turnover_ratio": null,
            "account_receivable_turnover_ratio": 1.81,
            "reinvestment_rate": -1.08,
            "research_to_sale_ratio": null,
            "price_fair": 143.98,
            "eps_avg_yearly": 5.07,
            "eps_latest_yearly": 5.56,
            "eps_growth_yearly": 18.43
        },
        "20221": {
            "year_quarter": 20221,
            "year": 2022,
            "quarter": 1,
            "eps": 1.94,
            "eps_growth_year": 36.68,
            "eps_4q": 5.94,
            "eps_4q_growth_year": 26.58,
            "roe": 10.73,
            "roe_4q": 35.09,
            "gross_profit": 5744000,
            "gross_margin": 81.37,
            "gross_margin_4q_avg": 79.74,
            "net_income": 3959000,
            "net_income_4q": null,
            "revenue": 7059000,
            "revenue_4q": null,
            "common_shares": 192,
            "book_valuer_per_share": -5.08,
            "book_valuer_per_share_4q_avg": -4.56,
            "equity": 36194000,
            "current_ratio": 139.52,
            "debt_ratio": 55.82,
            "inventory_turnover_ratio": null,
            "account_receivable_turnover_ratio": 1.84,
            "reinvestment_rate": 0.06,
            "research_to_sale_ratio": null,
            "price_fair": 175.92,
            "eps_avg_yearly": 5.28,
            "eps_latest_yearly": 7.76,
            "eps_growth_yearly": 23.32
        },
        "20222": {
            "year_quarter": 20222,
            "year": 2022,
            "quarter": 2,
            "eps": 1.73,
            "eps_growth_year": 25.23,
            "eps_4q": 6.29,
            "eps_4q_growth_year": 34.23,
            "roe": 10.1,
            "roe_4q": 37.16,
            "gross_profit": 5798000,
            "gross_margin": 80.65,
            "gross_margin_4q_avg": 80.55,
            "net_income": 3647000,
            "net_income_4q": null,
            "revenue": 7189000,
            "revenue_4q": null,
            "common_shares": 190,
            "book_valuer_per_share": -5.84,
            "book_valuer_per_share_4q_avg": -4.91,
            "equity": 35989000,
            "current_ratio": 128.82,
            "debt_ratio": 56.01,
            "inventory_turnover_ratio": null,
            "account_receivable_turnover_ratio": 1.86,
            "reinvestment_rate": 0.4,
            "research_to_sale_ratio": null,
            "price_fair": 162.61,
            "eps_avg_yearly": 5.44,
            "eps_latest_yearly": 6.92,
            "eps_growth_yearly": 19.92
        },
        "20223": {
            "year_quarter": 20223,
            "year": 2022,
            "quarter": 3,
            "eps": 2,
            "eps_growth_year": 62.82,
            "eps_4q": 7.06,
            "eps_4q_growth_year": 45.93,
            "roe": 9.54,
            "roe_4q": 39.88,
            "gross_profit": 5814000,
            "gross_margin": 79.92,
            "gross_margin_4q_avg": 80.76,
            "net_income": 3411000,
            "net_income_4q": null,
            "revenue": 7275000,
            "revenue_4q": null,
            "common_shares": 189,
            "book_valuer_per_share": -5.53,
            "book_valuer_per_share_4q_avg": -5.19,
            "equity": 35483000,
            "current_ratio": 142.65,
            "debt_ratio": 58.46,
            "inventory_turnover_ratio": null,
            "account_receivable_turnover_ratio": 1.9,
            "reinvestment_rate": -2.38,
            "research_to_sale_ratio": null,
            "price_fair": 176.46,
            "eps_avg_yearly": 5.63,
            "eps_latest_yearly": 8,
            "eps_growth_yearly": 21.34
        },
        "20224": {
            "year_quarter": 20224,
            "year": 2022,
            "quarter": 4,
            "eps": 1.86,
            "eps_growth_year": 34.24,
            "eps_4q": 7.53,
            "eps_4q_growth_year": 39.05,
            "roe": 11.09,
            "roe_4q": 41.459999999999994,
            "gross_profit": 6246000,
            "gross_margin": 80.21,
            "gross_margin_4q_avg": 80.54,
            "net_income": 3940000,
            "net_income_4q": null,
            "revenue": 7787000,
            "revenue_4q": null,
            "common_shares": 189,
            "book_valuer_per_share": -4.64,
            "book_valuer_per_share_4q_avg": -5.27,
            "equity": 35581000,
            "current_ratio": 144.85,
            "debt_ratio": 58.39,
            "inventory_turnover_ratio": null,
            "account_receivable_turnover_ratio": 1.99,
            "reinvestment_rate": -2.41,
            "research_to_sale_ratio": null,
            "price_fair": 168.82,
            "eps_avg_yearly": 5.79,
            "eps_latest_yearly": 7.44,
            "eps_growth_yearly": 19.18
        },
        "20231": {
            "year_quarter": 20231,
            "year": 2023,
            "quarter": 1,
            "eps": 2.21,
            "eps_growth_year": 13.78,
            "eps_4q": 7.8,
            "eps_4q_growth_year": 31.35,
            "roe": 11.53,
            "roe_4q": 42.26,
            "gross_profit": 6421000,
            "gross_margin": 80.91,
            "gross_margin_4q_avg": 80.42,
            "net_income": 4179000,
            "net_income_4q": null,
            "revenue": 7936000,
            "revenue_4q": null,
            "common_shares": 188,
            "book_valuer_per_share": -4.56,
            "book_valuer_per_share_4q_avg": -5.14,
            "equity": 36924000,
            "current_ratio": 143.95,
            "debt_ratio": 56.76,
            "inventory_turnover_ratio": null,
            "account_receivable_turnover_ratio": 1.94,
            "reinvestment_rate": 0.02,
            "research_to_sale_ratio": null,
            "price_fair": 196.47,
            "eps_avg_yearly": 6.01,
            "eps_latest_yearly": 8.84,
            "eps_growth_yearly": 22.68
        },
        "20232": {
            "year_quarter": 20232,
            "year": 2023,
            "quarter": 2,
            "eps": 2.05,
            "eps_growth_year": 18.78,
            "eps_4q": 8.12,
            "eps_4q_growth_year": 29.24,
            "roe": 11.28,
            "roe_4q": 43.44,
            "gross_profit": 6291000,
            "gross_margin": 78.79,
            "gross_margin_4q_avg": 79.96,
            "net_income": 4257000,
            "net_income_4q": null,
            "revenue": 7985000,
            "revenue_4q": null,
            "common_shares": 187,
            "book_valuer_per_share": -3.89,
            "book_valuer_per_share_4q_avg": -4.66,
            "equity": 38565000,
            "current_ratio": 150.06,
            "debt_ratio": 55.55,
            "inventory_turnover_ratio": null,
            "account_receivable_turnover_ratio": 1.92,
            "reinvestment_rate": 1.39,
            "research_to_sale_ratio": null,
            "price_fair": 190.11,
            "eps_avg_yearly": 6.2,
            "eps_latest_yearly": 8.2,
            "eps_growth_yearly": 20.68
        },
        "20233": {
            "year_quarter": 20233,
            "year": 2023,
            "quarter": 3,
            "eps": 2.29,
            "eps_growth_year": 14.59,
            "eps_4q": 8.42,
            "eps_4q_growth_year": 19.26,
            "roe": 10.72,
            "roe_4q": 44.620000000000005,
            "gross_profit": 6460000,
            "gross_margin": 79.53,
            "gross_margin_4q_avg": 79.86,
            "net_income": 4156000,
            "net_income_4q": null,
            "revenue": 8123000,
            "revenue_4q": null,
            "common_shares": 186,
            "book_valuer_per_share": -3.66,
            "book_valuer_per_share_4q_avg": -4.19,
            "equity": 38981000,
            "current_ratio": 149.18,
            "debt_ratio": 56.32,
            "inventory_turnover_ratio": null,
            "account_receivable_turnover_ratio": 1.85,
            "reinvestment_rate": 1.19,
            "research_to_sale_ratio": null,
            "price_fair": 208.62,
            "eps_avg_yearly": 6.43,
            "eps_latest_yearly": 9.16,
            "eps_growth_yearly": 22.46
        },
        "20234": {
            "year_quarter": 20234,
            "year": 2023,
            "quarter": 4,
            "eps": 2.15,
            "eps_growth_year": 15.33,
            "eps_4q": 8.7,
            "eps_4q_growth_year": 15.53,
            "roe": 12.05,
            "roe_4q": 45.580000000000005,
            "gross_profit": 6914000,
            "gross_margin": 80.31,
            "gross_margin_4q_avg": 79.89,
            "net_income": 4681000,
            "net_income_4q": null,
            "revenue": 8609000,
            "revenue_4q": null,
            "common_shares": 185,
            "book_valuer_per_share": -3.49,
            "book_valuer_per_share_4q_avg": -3.9,
            "equity": 38733000,
            "current_ratio": 145.17,
            "debt_ratio": 57.2,
            "inventory_turnover_ratio": null,
            "account_receivable_turnover_ratio": 1.87,
            "reinvestment_rate": 1.6,
            "research_to_sale_ratio": null,
            "price_fair": 190.74,
            "eps_avg_yearly": 6.6,
            "eps_latest_yearly": 8.6,
            "eps_growth_yearly": 18.92
        }
    },
    "months": {
        "2008-03": {
            "month": "2008-03",
            "price": "15.69",
            "revenue": 0
        },
        "2008-04": {
            "month": "2008-04",
            "price": "17.23",
            "revenue": 0
        },
        "2008-05": {
            "month": "2008-05",
            "price": "20.42",
            "revenue": 0
        },
        "2008-06": {
            "month": "2008-06",
            "price": "20.71",
            "revenue": 0
        },
        "2008-07": {
            "month": "2008-07",
            "price": "18.66",
            "revenue": 0
        },
        "2008-08": {
            "month": "2008-08",
            "price": "18.44",
            "revenue": 0
        },
        "2008-09": {
            "month": "2008-09",
            "price": "16.90",
            "revenue": 0
        },
        "2008-10": {
            "month": "2008-10",
            "price": "13.18",
            "revenue": 0
        },
        "2008-11": {
            "month": "2008-11",
            "price": "13.12",
            "revenue": 0
        },
        "2008-12": {
            "month": "2008-12",
            "price": "13.22",
            "revenue": 0
        },
        "2009-01": {
            "month": "2009-01",
            "price": "12.39",
            "revenue": 0
        },
        "2009-02": {
            "month": "2009-02",
            "price": "13.60",
            "revenue": 0
        },
        "2009-03": {
            "month": "2009-03",
            "price": "13.38",
            "revenue": 0
        },
        "2009-04": {
            "month": "2009-04",
            "price": "14.71",
            "revenue": 0
        },
        "2009-05": {
            "month": "2009-05",
            "price": "16.51",
            "revenue": 0
        },
        "2009-06": {
            "month": "2009-06",
            "price": "16.21",
            "revenue": 0
        },
        "2009-07": {
            "month": "2009-07",
            "price": "15.94",
            "revenue": 0
        },
        "2009-08": {
            "month": "2009-08",
            "price": "17.18",
            "revenue": 0
        },
        "2009-09": {
            "month": "2009-09",
            "price": "17.99",
            "revenue": 0
        },
        "2009-10": {
            "month": "2009-10",
            "price": "18.33",
            "revenue": 0
        },
        "2009-11": {
            "month": "2009-11",
            "price": "20.00",
            "revenue": 0
        },
        "2009-12": {
            "month": "2009-12",
            "price": "21.15",
            "revenue": 0
        },
        "2010-01": {
            "month": "2010-01",
            "price": "21.36",
            "revenue": 0
        },
        "2010-02": {
            "month": "2010-02",
            "price": "21.21",
            "revenue": 0
        },
        "2010-03": {
            "month": "2010-03",
            "price": "22.49",
            "revenue": 0
        },
        "2010-04": {
            "month": "2010-04",
            "price": "23.31",
            "revenue": 0
        },
        "2010-05": {
            "month": "2010-05",
            "price": "19.75",
            "revenue": 0
        },
        "2010-06": {
            "month": "2010-06",
            "price": "18.77",
            "revenue": 0
        },
        "2010-07": {
            "month": "2010-07",
            "price": "18.60",
            "revenue": 0
        },
        "2010-08": {
            "month": "2010-08",
            "price": "17.98",
            "revenue": 0
        },
        "2010-09": {
            "month": "2010-09",
            "price": "17.59",
            "revenue": 0
        },
        "2010-10": {
            "month": "2010-10",
            "price": "19.20",
            "revenue": 0
        },
        "2010-11": {
            "month": "2010-11",
            "price": "19.26",
            "revenue": 0
        },
        "2010-12": {
            "month": "2010-12",
            "price": "18.42",
            "revenue": 0
        },
        "2011-01": {
            "month": "2011-01",
            "price": "17.79",
            "revenue": 0
        },
        "2011-02": {
            "month": "2011-02",
            "price": "18.50",
            "revenue": 0
        },
        "2011-03": {
            "month": "2011-03",
            "price": "18.19",
            "revenue": 0
        },
        "2011-04": {
            "month": "2011-04",
            "price": "19.21",
            "revenue": 0
        },
        "2011-05": {
            "month": "2011-05",
            "price": "19.86",
            "revenue": 0
        },
        "2011-06": {
            "month": "2011-06",
            "price": "19.23",
            "revenue": 0
        },
        "2011-07": {
            "month": "2011-07",
            "price": "22.09",
            "revenue": 0
        },
        "2011-08": {
            "month": "2011-08",
            "price": "21.01",
            "revenue": 0
        },
        "2011-09": {
            "month": "2011-09",
            "price": "22.16",
            "revenue": 0
        },
        "2011-10": {
            "month": "2011-10",
            "price": "22.67",
            "revenue": 0
        },
        "2011-11": {
            "month": "2011-11",
            "price": "23.15",
            "revenue": 0
        },
        "2011-12": {
            "month": "2011-12",
            "price": "24.64",
            "revenue": 0
        },
        "2012-01": {
            "month": "2012-01",
            "price": "25.26",
            "revenue": 0
        },
        "2012-02": {
            "month": "2012-02",
            "price": "28.17",
            "revenue": 0
        },
        "2012-03": {
            "month": "2012-03",
            "price": "29.36",
            "revenue": 0
        },
        "2012-04": {
            "month": "2012-04",
            "price": "30.16",
            "revenue": 0
        },
        "2012-05": {
            "month": "2012-05",
            "price": "29.48",
            "revenue": 0
        },
        "2012-06": {
            "month": "2012-06",
            "price": "29.70",
            "revenue": 0
        },
        "2012-07": {
            "month": "2012-07",
            "price": "31.41",
            "revenue": 0
        },
        "2012-08": {
            "month": "2012-08",
            "price": "32.16",
            "revenue": 0
        },
        "2012-09": {
            "month": "2012-09",
            "price": "33.15",
            "revenue": 0
        },
        "2012-10": {
            "month": "2012-10",
            "price": "34.70",
            "revenue": 0
        },
        "2012-11": {
            "month": "2012-11",
            "price": "36.13",
            "revenue": 0
        },
        "2012-12": {
            "month": "2012-12",
            "price": "37.29",
            "revenue": 0
        },
        "2013-01": {
            "month": "2013-01",
            "price": "39.66",
            "revenue": 0
        },
        "2013-02": {
            "month": "2013-02",
            "price": "39.40",
            "revenue": 0
        },
        "2013-03": {
            "month": "2013-03",
            "price": "40.26",
            "revenue": 0
        },
        "2013-04": {
            "month": "2013-04",
            "price": "41.42",
            "revenue": 0
        },
        "2013-05": {
            "month": "2013-05",
            "price": "44.78",
            "revenue": 0
        },
        "2013-06": {
            "month": "2013-06",
            "price": "45.21",
            "revenue": 0
        },
        "2013-07": {
            "month": "2013-07",
            "price": "47.23",
            "revenue": 0
        },
        "2013-08": {
            "month": "2013-08",
            "price": "44.50",
            "revenue": 0
        },
        "2013-09": {
            "month": "2013-09",
            "price": "46.96",
            "revenue": 0
        },
        "2013-10": {
            "month": "2013-10",
            "price": "48.80",
            "revenue": 0
        },
        "2013-11": {
            "month": "2013-11",
            "price": "49.97",
            "revenue": 0
        },
        "2013-12": {
            "month": "2013-12",
            "price": "52.61",
            "revenue": 0
        },
        "2014-01": {
            "month": "2014-01",
            "price": "55.63",
            "revenue": 0
        },
        "2014-02": {
            "month": "2014-02",
            "price": "55.66",
            "revenue": 0
        },
        "2014-03": {
            "month": "2014-03",
            "price": "55.44",
            "revenue": 0
        },
        "2014-04": {
            "month": "2014-04",
            "price": "51.54",
            "revenue": 0
        },
        "2014-05": {
            "month": "2014-05",
            "price": "52.52",
            "revenue": 0
        },
        "2014-06": {
            "month": "2014-06",
            "price": "52.76",
            "revenue": 0
        },
        "2014-07": {
            "month": "2014-07",
            "price": "54.34",
            "revenue": 0
        },
        "2014-08": {
            "month": "2014-08",
            "price": "53.26",
            "revenue": 0
        },
        "2014-09": {
            "month": "2014-09",
            "price": "53.59",
            "revenue": 0
        },
        "2014-10": {
            "month": "2014-10",
            "price": "53.00",
            "revenue": 0
        },
        "2014-11": {
            "month": "2014-11",
            "price": "62.77",
            "revenue": 0
        },
        "2014-12": {
            "month": "2014-12",
            "price": "65.50",
            "revenue": 0
        },
        "2015-01": {
            "month": "2015-01",
            "price": "64.24",
            "revenue": 0
        },
        "2015-02": {
            "month": "2015-02",
            "price": "67.12",
            "revenue": 0
        },
        "2015-03": {
            "month": "2015-03",
            "price": "66.97",
            "revenue": 0
        },
        "2015-04": {
            "month": "2015-04",
            "price": "66.11",
            "revenue": 0
        },
        "2015-05": {
            "month": "2015-05",
            "price": "68.51",
            "revenue": 0
        },
        "2015-06": {
            "month": "2015-06",
            "price": "68.68",
            "revenue": 0
        },
        "2015-07": {
            "month": "2015-07",
            "price": "71.13",
            "revenue": 0
        },
        "2015-08": {
            "month": "2015-08",
            "price": "73.04",
            "revenue": 0
        },
        "2015-09": {
            "month": "2015-09",
            "price": "69.99",
            "revenue": 0
        },
        "2015-10": {
            "month": "2015-10",
            "price": "75.20",
            "revenue": 0
        },
        "2015-11": {
            "month": "2015-11",
            "price": "78.97",
            "revenue": 0
        },
        "2015-12": {
            "month": "2015-12",
            "price": "78.35",
            "revenue": 0
        },
        "2016-01": {
            "month": "2016-01",
            "price": "72.95",
            "revenue": 0
        },
        "2016-02": {
            "month": "2016-02",
            "price": "71.69",
            "revenue": 0
        },
        "2016-03": {
            "month": "2016-03",
            "price": "73.27",
            "revenue": 0
        },
        "2016-04": {
            "month": "2016-04",
            "price": "78.87",
            "revenue": 0
        },
        "2016-05": {
            "month": "2016-05",
            "price": "77.96",
            "revenue": 0
        },
        "2016-06": {
            "month": "2016-06",
            "price": "78.08",
            "revenue": 0
        },
        "2016-07": {
            "month": "2016-07",
            "price": "77.52",
            "revenue": 0
        },
        "2016-08": {
            "month": "2016-08",
            "price": "80.17",
            "revenue": 0
        },
        "2016-09": {
            "month": "2016-09",
            "price": "82.36",
            "revenue": 0
        },
        "2016-10": {
            "month": "2016-10",
            "price": "82.47",
            "revenue": 0
        },
        "2016-11": {
            "month": "2016-11",
            "price": "80.54",
            "revenue": 0
        },
        "2016-12": {
            "month": "2016-12",
            "price": "78.17",
            "revenue": 0
        },
        "2017-01": {
            "month": "2017-01",
            "price": "81.97",
            "revenue": 0
        },
        "2017-02": {
            "month": "2017-02",
            "price": "86.47",
            "revenue": 0
        },
        "2017-03": {
            "month": "2017-03",
            "price": "89.17",
            "revenue": 0
        },
        "2017-04": {
            "month": "2017-04",
            "price": "90.02",
            "revenue": 0
        },
        "2017-05": {
            "month": "2017-05",
            "price": "93.00",
            "revenue": 0
        },
        "2017-06": {
            "month": "2017-06",
            "price": "95.03",
            "revenue": 0
        },
        "2017-07": {
            "month": "2017-07",
            "price": "97.20",
            "revenue": 0
        },
        "2017-08": {
            "month": "2017-08",
            "price": "102.23",
            "revenue": 0
        },
        "2017-09": {
            "month": "2017-09",
            "price": "104.72",
            "revenue": 0
        },
        "2017-10": {
            "month": "2017-10",
            "price": "107.82",
            "revenue": 0
        },
        "2017-11": {
            "month": "2017-11",
            "price": "111.46",
            "revenue": 0
        },
        "2017-12": {
            "month": "2017-12",
            "price": "112.23",
            "revenue": 0
        },
        "2018-01": {
            "month": "2018-01",
            "price": "121.35",
            "revenue": 0
        },
        "2018-02": {
            "month": "2018-02",
            "price": "120.59",
            "revenue": 0
        },
        "2018-03": {
            "month": "2018-03",
            "price": "121.60",
            "revenue": 0
        },
        "2018-04": {
            "month": "2018-04",
            "price": "122.03",
            "revenue": 0
        },
        "2018-05": {
            "month": "2018-05",
            "price": "130.12",
            "revenue": 0
        },
        "2018-06": {
            "month": "2018-06",
            "price": "133.90",
            "revenue": 0
        },
        "2018-07": {
            "month": "2018-07",
            "price": "138.11",
            "revenue": 0
        },
        "2018-08": {
            "month": "2018-08",
            "price": "141.74",
            "revenue": 0
        },
        "2018-09": {
            "month": "2018-09",
            "price": "147.28",
            "revenue": 0
        },
        "2018-10": {
            "month": "2018-10",
            "price": "140.59",
            "revenue": 0
        },
        "2018-11": {
            "month": "2018-11",
            "price": "139.31",
            "revenue": 0
        },
        "2018-12": {
            "month": "2018-12",
            "price": "133.80",
            "revenue": 0
        },
        "2019-01": {
            "month": "2019-01",
            "price": "136.44",
            "revenue": 0
        },
        "2019-02": {
            "month": "2019-02",
            "price": "143.58",
            "revenue": 0
        },
        "2019-03": {
            "month": "2019-03",
            "price": "152.26",
            "revenue": 0
        },
        "2019-04": {
            "month": "2019-04",
            "price": "159.88",
            "revenue": 0
        },
        "2019-05": {
            "month": "2019-05",
            "price": "162.06",
            "revenue": 0
        },
        "2019-06": {
            "month": "2019-06",
            "price": "169.64",
            "revenue": 0
        },
        "2019-07": {
            "month": "2019-07",
            "price": "179.48",
            "revenue": 0
        },
        "2019-08": {
            "month": "2019-08",
            "price": "177.59",
            "revenue": 0
        },
        "2019-09": {
            "month": "2019-09",
            "price": "177.19",
            "revenue": 0
        },
        "2019-10": {
            "month": "2019-10",
            "price": "175.78",
            "revenue": 0
        },
        "2019-11": {
            "month": "2019-11",
            "price": "180.22",
            "revenue": 0
        },
        "2019-12": {
            "month": "2019-12",
            "price": "184.93",
            "revenue": 0
        },
        "2020-01": {
            "month": "2020-01",
            "price": "198.94",
            "revenue": 0
        },
        "2020-02": {
            "month": "2020-02",
            "price": "201.52",
            "revenue": 0
        },
        "2020-03": {
            "month": "2020-03",
            "price": "166.95",
            "revenue": 0
        },
        "2020-04": {
            "month": "2020-04",
            "price": "167.58",
            "revenue": 0
        },
        "2020-05": {
            "month": "2020-05",
            "price": "185.64",
            "revenue": 0
        },
        "2020-06": {
            "month": "2020-06",
            "price": "194.44",
            "revenue": 0
        },
        "2020-07": {
            "month": "2020-07",
            "price": "195.08",
            "revenue": 0
        },
        "2020-08": {
            "month": "2020-08",
            "price": "201.57",
            "revenue": 0
        },
        "2020-09": {
            "month": "2020-09",
            "price": "202.81",
            "revenue": 0
        },
        "2020-10": {
            "month": "2020-10",
            "price": "197.88",
            "revenue": 0
        },
        "2020-11": {
            "month": "2020-11",
            "price": "205.67",
            "revenue": 0
        },
        "2020-12": {
            "month": "2020-12",
            "price": "210.47",
            "revenue": 0
        },
        "2021-01": {
            "month": "2021-01",
            "price": "205.95",
            "revenue": 0
        },
        "2021-02": {
            "month": "2021-02",
            "price": "208.23",
            "revenue": 0
        },
        "2021-03": {
            "month": "2021-03",
            "price": "216.13",
            "revenue": 0
        },
        "2021-04": {
            "month": "2021-04",
            "price": "225.35",
            "revenue": 0
        },
        "2021-05": {
            "month": "2021-05",
            "price": "227.47",
            "revenue": 0
        },
        "2021-06": {
            "month": "2021-06",
            "price": "232.76",
            "revenue": 0
        },
        "2021-07": {
            "month": "2021-07",
            "price": "243.51",
            "revenue": 0
        },
        "2021-08": {
            "month": "2021-08",
            "price": "234.62",
            "revenue": 0
        },
        "2021-09": {
            "month": "2021-09",
            "price": "225.34",
            "revenue": 0
        },
        "2021-10": {
            "month": "2021-10",
            "price": "226.42",
            "revenue": 0
        },
        "2021-11": {
            "month": "2021-11",
            "price": "207.09",
            "revenue": 0
        },
        "2021-12": {
            "month": "2021-12",
            "price": "210.70",
            "revenue": 0
        },
        "2022-01": {
            "month": "2022-01",
            "price": "214.65",
            "revenue": 0
        },
        "2022-02": {
            "month": "2022-02",
            "price": "225.43",
            "revenue": 0
        },
        "2022-03": {
            "month": "2022-03",
            "price": "210.14",
            "revenue": 0
        },
        "2022-04": {
            "month": "2022-04",
            "price": "215.74",
            "revenue": 0
        },
        "2022-05": {
            "month": "2022-05",
            "price": "203.10",
            "revenue": 0
        },
        "2022-06": {
            "month": "2022-06",
            "price": "201.60",
            "revenue": 0
        },
        "2022-07": {
            "month": "2022-07",
            "price": "208.10",
            "revenue": 0
        },
        "2022-08": {
            "month": "2022-08",
            "price": "209.86",
            "revenue": 0
        },
        "2022-09": {
            "month": "2022-09",
            "price": "192.12",
            "revenue": 0
        },
        "2022-10": {
            "month": "2022-10",
            "price": "189.37",
            "revenue": 0
        },
        "2022-11": {
            "month": "2022-11",
            "price": "206.39",
            "revenue": 0
        },
        "2022-12": {
            "month": "2022-12",
            "price": "209.23",
            "revenue": 0
        },
        "2023-01": {
            "month": "2023-01",
            "price": "221.65",
            "revenue": 0
        },
        "2023-02": {
            "month": "2023-02",
            "price": "226.12",
            "revenue": 0
        },
        "2023-03": {
            "month": "2023-03",
            "price": "220.47",
            "revenue": 0
        },
        "2023-04": {
            "month": "2023-04",
            "price": "230.57",
            "revenue": 0
        },
        "2023-05": {
            "month": "2023-05",
            "price": "228.82",
            "revenue": 0
        },
        "2023-06": {
            "month": "2023-06",
            "price": "227.40",
            "revenue": 0
        },
        "2023-07": {
            "month": "2023-07",
            "price": "239.48",
            "revenue": 0
        },
        "2023-08": {
            "month": "2023-08",
            "price": "240.82",
            "revenue": 0
        },
        "2023-09": {
            "month": "2023-09",
            "price": "240.75",
            "revenue": 0
        },
        "2023-10": {
            "month": "2023-10",
            "price": "234.49",
            "revenue": 0
        },
        "2023-11": {
            "month": "2023-11",
            "price": "248.12",
            "revenue": 0
        },
        "2023-12": {
            "month": "2023-12",
            "price": "257.94",
            "revenue": 0
        }
    }
}
