{
    "summary": {
        "stock_name": "Walmart Inc",
        "stock_id": "WMT",
        "category": "Retail/Wholesale",
        "main_business": "沃爾瑪公司於1969年10月在特拉華州成立，一家美國的世界性連鎖企業。該公司經營遍佈世界各地的零售商店。 該公司的沃爾瑪國際部門包括在美國以外的27個國家的業務，分為三大類：零售，批發等多種形式。包括超級市場，超級市場，大型超市，倉庫俱樂部，山姆俱樂部，現金和攜帶，家居裝修，專業電子，服裝店，藥店和便利店，以及數字零售。",
        "website_url": "https://corporate.walmart.com/",
        "ceo": "C. Douglas McMillon",
        "pe_ratio": 32,
        "report_year_from": 1995,
        "report_year_to": 2024,
        "age": 29,
        "eps_negative_percentage": 0,
        "eps_growth_avg": {
            "last_all": 10.44,
            "last_2y": -5.59,
            "last_4y": 4.78,
            "last_8y": 0.46,
            "last_12y": 2.33,
            "last_16y": 3.81,
            "last_20y": 6.18,
            "at_2006_last_3y": 16.26,
            "at_2007_last_3y": 13.66,
            "at_2008_last_3y": 11.79,
            "at_2009_last_3y": 8.61,
            "at_2010_last_3y": 8.6,
            "at_2011_last_3y": 9.45,
            "at_2012_last_3y": 9.57,
            "at_2013_last_3y": 10.6,
            "at_2014_last_3y": 6.54,
            "at_2015_last_3y": 4.54,
            "at_2016_last_3y": 0.4,
            "at_2017_last_3y": -3.16,
            "at_2018_last_3y": -4.94,
            "at_2019_last_3y": -8.51,
            "at_2020_last_3y": 6.51,
            "at_2021_last_3y": 19.39,
            "at_2022_last_3y": 17.4,
            "at_2023_last_3y": 8.78,
            "at_2024_last_3y": 8.78,
            "at_2006_last_all": 33.01,
            "at_2007_last_all": 28.79,
            "at_2008_last_all": 25.8,
            "at_2009_last_all": 23.33,
            "at_2010_last_all": 22.16,
            "at_2011_last_all": 21.06,
            "at_2012_last_all": 19.9,
            "at_2013_last_all": 19.08,
            "at_2014_last_all": 17.36,
            "at_2015_last_all": 16.34,
            "at_2016_last_all": 14.7,
            "at_2017_last_all": 13.52,
            "at_2018_last_all": 12.11,
            "at_2019_last_all": 10.82,
            "at_2020_last_all": 12.98,
            "at_2021_last_all": 14.7,
            "at_2022_last_all": 13.12,
            "at_2023_last_all": 10.44,
            "at_2024_last_all": 10.44
        },
        "latest_eps": 1.91,
        "latest_price": 61.45,
        "latest_roe": 20.64,
        "latest_gross_margin": 23.97,
        "latest_equity": 83861000,
        "latest_revenue": 173388000,
        "latest_gross_profit": 41563000,
        "latest_net_income": 5678000,
        "latest_debt_ratio": 66.77,
        "latest_current_ratio": 83.19,
        "latest_account_receivable_turnover_ratio": 19.91,
        "latest_inventory_turnover_ratio": 2.22,
        "latest_reinvestment_rate": 12.42,
        "latest_research_to_sale_ratio": null
    },
    "eps_dividends": {
        "2001": {
            "cash": 0,
            "stock": 0,
            "eps": 0.45
        },
        "2002": {
            "cash": 0,
            "stock": 0,
            "eps": 1.49
        },
        "2003": {
            "cash": 0,
            "stock": 0,
            "eps": 1.76
        },
        "2004": {
            "cash": 0,
            "stock": 0,
            "eps": 2.03
        },
        "2005": {
            "cash": 0,
            "stock": 0,
            "eps": 2.41
        },
        "2006": {
            "cash": 0,
            "stock": 0,
            "eps": 2.72
        },
        "2007": {
            "cash": 0,
            "stock": 0,
            "eps": 2.93
        },
        "2008": {
            "cash": 0,
            "stock": 0,
            "eps": 3.16
        },
        "2009": {
            "cash": 0,
            "stock": 0,
            "eps": 3.35
        },
        "2010": {
            "cash": 0,
            "stock": 0,
            "eps": 3.78
        },
        "2011": {
            "cash": 0,
            "stock": 0,
            "eps": 4.2
        },
        "2012": {
            "cash": 0,
            "stock": 0,
            "eps": 4.55
        },
        "2013": {
            "cash": 0,
            "stock": 0,
            "eps": 5.01
        },
        "2014": {
            "cash": 0,
            "stock": 0,
            "eps": 4.84
        },
        "2015": {
            "cash": 0,
            "stock": 0,
            "eps": 4.99
        },
        "2016": {
            "cash": 0,
            "stock": 0,
            "eps": 4.58
        },
        "2017": {
            "cash": 0,
            "stock": 0,
            "eps": 4.39
        },
        "2018": {
            "cash": 0,
            "stock": 0,
            "eps": 3.93
        },
        "2019": {
            "cash": 0,
            "stock": 0,
            "eps": 3.49
        },
        "2020": {
            "cash": 0,
            "stock": 0,
            "eps": 5.3
        },
        "2021": {
            "cash": 0,
            "stock": 0,
            "eps": 7.81
        },
        "2022": {
            "cash": 0,
            "stock": 0,
            "eps": 6.37
        },
        "2023": {
            "cash": 0,
            "stock": 0,
            "eps": 3.46
        },
        "2024": {
            "cash": 0,
            "stock": 0,
            "eps": 1.92
        }
    },
    "dividends": [],
    "prices": {
        "200101": "17.94",
        "200102": "17.47",
        "200103": "16.30",
        "200104": "16.94",
        "200105": "17.51",
        "200106": "16.63",
        "200107": "17.42",
        "200108": "17.32",
        "200109": "15.69",
        "200110": "17.45",
        "200111": "18.29",
        "200112": "18.64",
        "200201": "19.24",
        "200202": "20.00",
        "200203": "20.76",
        "200204": "19.57",
        "200205": "18.62",
        "200206": "18.67",
        "200207": "16.91",
        "200208": "17.09",
        "200209": "17.66",
        "200210": "18.08",
        "200211": "18.04",
        "200212": "17.15",
        "200301": "16.53",
        "200302": "15.95",
        "200303": "16.85",
        "200304": "18.27",
        "200305": "18.04",
        "200306": "18.09",
        "200307": "18.70",
        "200308": "19.32",
        "200309": "19.28",
        "200310": "19.51",
        "200311": "18.87",
        "200312": "17.57",
        "200401": "17.78",
        "200402": "19.22",
        "200403": "19.76",
        "200404": "19.34",
        "200405": "18.40",
        "200406": "18.42",
        "200407": "17.57",
        "200408": "17.76",
        "200409": "17.60",
        "200410": "17.65",
        "200411": "18.52",
        "200412": "17.60",
        "200501": "17.82",
        "200502": "17.49",
        "200503": "17.20",
        "200504": "16.02",
        "200505": "15.95",
        "200506": "16.10",
        "200507": "16.57",
        "200508": "15.88",
        "200509": "14.75",
        "200510": "15.01",
        "200511": "16.28",
        "200512": "16.09",
        "200601": "15.26",
        "200602": "15.26",
        "200603": "15.51",
        "200604": "15.34",
        "200605": "15.83",
        "200606": "15.97",
        "200607": "14.93",
        "200608": "14.81",
        "200609": "15.96",
        "200610": "16.41",
        "200611": "15.79",
        "200612": "15.37",
        "200701": "15.93",
        "200702": "16.21",
        "200703": "15.74",
        "200704": "16.06",
        "200705": "15.84",
        "200706": "16.38",
        "200707": "15.97",
        "200708": "14.93",
        "200709": "14.46",
        "200710": "15.09",
        "200711": "15.09",
        "200712": "16.11",
        "200801": "15.96",
        "200802": "16.68",
        "200803": "17.01",
        "200804": "18.64",
        "200805": "18.97",
        "200806": "19.33",
        "200807": "19.11",
        "200808": "19.59",
        "200809": "20.17",
        "200810": "18.12",
        "200811": "17.95",
        "200812": "18.44",
        "200901": "17.07",
        "200902": "16.20",
        "200903": "16.61",
        "200904": "16.93",
        "200905": "16.58",
        "200906": "16.46",
        "200907": "16.20",
        "200908": "16.94",
        "200909": "16.83",
        "200910": "16.71",
        "200911": "17.67",
        "200912": "17.99",
        "201001": "17.89",
        "201002": "17.85",
        "201003": "18.30",
        "201004": "18.20",
        "201005": "17.42",
        "201006": "16.88",
        "201007": "16.70",
        "201008": "17.02",
        "201009": "17.61",
        "201010": "17.98",
        "201011": "18.12",
        "201012": "18.07",
        "201101": "18.45",
        "201102": "18.27",
        "201103": "17.37",
        "201104": "17.81",
        "201105": "18.41",
        "201106": "17.70",
        "201107": "17.92",
        "201108": "17.18",
        "201109": "17.29",
        "201110": "18.44",
        "201111": "19.19",
        "201112": "19.57",
        "201201": "20.08",
        "201202": "20.30",
        "201203": "20.14",
        "201204": "20.05",
        "201205": "20.49",
        "201206": "22.50",
        "201207": "24.14",
        "201208": "24.35",
        "201209": "24.73",
        "201210": "25.10",
        "201211": "23.70",
        "201212": "23.24",
        "201301": "23.03",
        "201302": "23.54",
        "201303": "24.48",
        "201304": "25.90",
        "201305": "25.94",
        "201306": "24.99",
        "201307": "25.71",
        "201308": "25.07",
        "201309": "24.81",
        "201310": "24.99",
        "201311": "26.32",
        "201312": "26.26",
        "201401": "25.51",
        "201402": "24.69",
        "201403": "25.10",
        "201404": "25.94",
        "201405": "25.79",
        "201406": "25.34",
        "201407": "25.40",
        "201408": "24.89",
        "201409": "25.45",
        "201410": "25.50",
        "201411": "27.30",
        "201412": "28.38",
        "201501": "29.20",
        "201502": "28.51",
        "201503": "27.49",
        "201504": "26.52",
        "201505": "25.78",
        "201506": "24.27",
        "201507": "24.25",
        "201508": "23.10",
        "201509": "21.42",
        "201510": "20.52",
        "201511": "19.64",
        "201512": "20.00",
        "201601": "21.07",
        "201602": "22.08",
        "201603": "22.52",
        "201604": "22.94",
        "201605": "22.68",
        "201606": "23.78",
        "201607": "24.51",
        "201608": "24.28",
        "201609": "24.00",
        "201610": "23.08",
        "201611": "23.43",
        "201612": "23.51",
        "201701": "22.56",
        "201702": "22.99",
        "201703": "23.42",
        "201704": "24.56",
        "201705": "25.64",
        "201706": "25.85",
        "201707": "25.47",
        "201708": "26.66",
        "201709": "26.51",
        "201710": "28.28",
        "201711": "31.11",
        "201712": "32.61",
        "201801": "34.42",
        "201802": "32.80",
        "201803": "29.34",
        "201804": "28.97",
        "201805": "28.13",
        "201806": "28.21",
        "201807": "29.03",
        "201808": "30.99",
        "201809": "31.81",
        "201810": "32.17",
        "201811": "33.20",
        "201812": "30.67",
        "201901": "31.94",
        "201902": "32.59",
        "201903": "32.76",
        "201904": "33.63",
        "201905": "33.79",
        "201906": "36.08",
        "201907": "37.63",
        "201908": "36.76",
        "201909": "38.95",
        "201910": "39.53",
        "201911": "39.77",
        "201912": "39.85",
        "202001": "38.74",
        "202002": "38.55",
        "202003": "38.14",
        "202004": "41.93",
        "202005": "41.36",
        "202006": "40.17",
        "202007": "42.99",
        "202008": "44.16",
        "202009": "46.30",
        "202010": "47.53",
        "202011": "49.37",
        "202012": "48.86",
        "202101": "48.59",
        "202102": "46.82",
        "202103": "44.04",
        "202104": "46.49",
        "202105": "46.93",
        "202106": "46.34",
        "202107": "47.05",
        "202108": "49.28",
        "202109": "48.15",
        "202110": "47.55",
        "202111": "48.85",
        "202112": "46.86",
        "202201": "47.26",
        "202202": "45.67",
        "202203": "47.72",
        "202204": "51.83",
        "202205": "46.01",
        "202206": "40.78",
        "202207": "42.53",
        "202208": "44.23",
        "202209": "44.56",
        "202210": "44.95",
        "202211": "48.79",
        "202212": "48.73",
        "202301": "47.79",
        "202302": "47.82",
        "202303": "46.88",
        "202304": "50.07",
        "202305": "50.04",
        "202306": "51.22",
        "202307": "52.29",
        "202308": "53.06",
        "202309": "54.31",
        "202310": "53.43",
        "202311": "53.74",
        "202312": "51.47",
        "202401": "53.83",
        "202402": "57.41",
        "202403": "60.58",
        "202404": "無"
    },
    "quarters": {
        "20014": {
            "year_quarter": 20014,
            "year": 2001,
            "quarter": 4,
            "eps": 0.45,
            "eps_growth_year": 4.72,
            "eps_4q": 1.4,
            "eps_4q_growth_year": 12.84,
            "roe": 6.8,
            "roe_4q": 6.8,
            "gross_profit": 12227000,
            "gross_margin": 21.42,
            "gross_margin_4q_avg": 21.42,
            "net_income": 2061000,
            "net_income_4q": null,
            "revenue": 57079000,
            "revenue_4q": null,
            "common_shares": 447000,
            "book_valuer_per_share": 4.99,
            "book_valuer_per_share_4q_avg": 4.99,
            "equity": 31343000,
            "current_ratio": 91.73,
            "debt_ratio": 59.88,
            "inventory_turnover_ratio": 1.93,
            "account_receivable_turnover_ratio": 35.28,
            "reinvestment_rate": 97.98,
            "research_to_sale_ratio": null,
            "price_fair": 0,
            "eps_avg_yearly": 0,
            "eps_latest_yearly": 0,
            "eps_growth_yearly": 0
        },
        "20021": {
            "year_quarter": 20021,
            "year": 2002,
            "quarter": 1,
            "eps": 0.31,
            "eps_growth_year": 3.87,
            "eps_4q": 1.41,
            "eps_4q_growth_year": 9.62,
            "roe": 4.45,
            "roe_4q": 11.25,
            "gross_profit": 10715000,
            "gross_margin": 22.06,
            "gross_margin_4q_avg": 21.74,
            "net_income": 1410000,
            "net_income_4q": null,
            "revenue": 48565000,
            "revenue_4q": null,
            "common_shares": 1860000,
            "book_valuer_per_share": 5.22,
            "book_valuer_per_share_4q_avg": 5.11,
            "equity": 31964000,
            "current_ratio": 95.25,
            "debt_ratio": 59.76,
            "inventory_turnover_ratio": 1.71,
            "account_receivable_turnover_ratio": 27.52,
            "reinvestment_rate": 96.59,
            "research_to_sale_ratio": null,
            "price_fair": 0,
            "eps_avg_yearly": 0,
            "eps_latest_yearly": 0,
            "eps_growth_yearly": 0
        },
        "20022": {
            "year_quarter": 20022,
            "year": 2002,
            "quarter": 2,
            "eps": 0.36,
            "eps_growth_year": 1.43,
            "eps_4q": 1.42,
            "eps_4q_growth_year": 3.85,
            "roe": 5.1,
            "roe_4q": 16.35,
            "gross_profit": 11774000,
            "gross_margin": 22.14,
            "gross_margin_4q_avg": 21.87,
            "net_income": 1658000,
            "net_income_4q": null,
            "revenue": 53186000,
            "revenue_4q": null,
            "common_shares": 1792000,
            "book_valuer_per_share": 5.49,
            "book_valuer_per_share_4q_avg": 5.23,
            "equity": 33078000,
            "current_ratio": 102.09,
            "debt_ratio": 59.45,
            "inventory_turnover_ratio": 1.81,
            "account_receivable_turnover_ratio": 30.29,
            "reinvestment_rate": 89.84,
            "research_to_sale_ratio": null,
            "price_fair": 0,
            "eps_avg_yearly": 0,
            "eps_latest_yearly": 0,
            "eps_growth_yearly": 0
        },
        "20023": {
            "year_quarter": 20023,
            "year": 2002,
            "quarter": 3,
            "eps": 0.33,
            "eps_growth_year": 8.33,
            "eps_4q": 1.45,
            "eps_4q_growth_year": 4.49,
            "roe": 4.51,
            "roe_4q": 20.86,
            "gross_profit": 11798000,
            "gross_margin": 22.18,
            "gross_margin_4q_avg": 21.95,
            "net_income": 1518000,
            "net_income_4q": null,
            "revenue": 53186000,
            "revenue_4q": null,
            "common_shares": 1839000,
            "book_valuer_per_share": 5.72,
            "book_valuer_per_share_4q_avg": 5.36,
            "equity": 34277000,
            "current_ratio": 99.24,
            "debt_ratio": 61.2,
            "inventory_turnover_ratio": 1.64,
            "account_receivable_turnover_ratio": 31.1,
            "reinvestment_rate": 89.59,
            "research_to_sale_ratio": null,
            "price_fair": 0,
            "eps_avg_yearly": 0,
            "eps_latest_yearly": 0,
            "eps_growth_yearly": 0
        },
        "20024": {
            "year_quarter": 20024,
            "year": 2002,
            "quarter": 4,
            "eps": 0.49,
            "eps_growth_year": 9.38,
            "eps_4q": 1.49,
            "eps_4q_growth_year": 5.97,
            "roe": 6.54,
            "roe_4q": 20.599999999999998,
            "gross_profit": 13822000,
            "gross_margin": 21.35,
            "gross_margin_4q_avg": 21.93,
            "net_income": 2268000,
            "net_income_4q": null,
            "revenue": 64734000,
            "revenue_4q": null,
            "common_shares": 1929000,
            "book_valuer_per_share": 5.96,
            "book_valuer_per_share_4q_avg": 5.6,
            "equity": 35102000,
            "current_ratio": 102.18,
            "debt_ratio": 57.98,
            "inventory_turnover_ratio": 2.03,
            "account_receivable_turnover_ratio": 35.29,
            "reinvestment_rate": 89.74,
            "research_to_sale_ratio": null,
            "price_fair": 68.6,
            "eps_avg_yearly": 1.96,
            "eps_latest_yearly": 1.96,
            "eps_growth_yearly": 193.94
        },
        "20031": {
            "year_quarter": 20031,
            "year": 2003,
            "quarter": 1,
            "eps": 0.36,
            "eps_growth_year": 16.14,
            "eps_4q": 1.54,
            "eps_4q_growth_year": 8.62,
            "roe": 4.61,
            "roe_4q": 20.759999999999998,
            "gross_profit": 11990000,
            "gross_margin": 23,
            "gross_margin_4q_avg": 22.17,
            "net_income": 1637000,
            "net_income_4q": null,
            "revenue": 52126000,
            "revenue_4q": null,
            "common_shares": 1921000,
            "book_valuer_per_share": 6.15,
            "book_valuer_per_share_4q_avg": 5.83,
            "equity": 35848000,
            "current_ratio": 100.94,
            "debt_ratio": 57.9,
            "inventory_turnover_ratio": 1.74,
            "account_receivable_turnover_ratio": 28.34,
            "reinvestment_rate": 89.6,
            "research_to_sale_ratio": null,
            "price_fair": 59.5,
            "eps_avg_yearly": 1.7,
            "eps_latest_yearly": 1.44,
            "eps_growth_yearly": 43.91
        },
        "20032": {
            "year_quarter": 20032,
            "year": 2003,
            "quarter": 2,
            "eps": 0.45,
            "eps_growth_year": 23.9,
            "eps_4q": 1.62,
            "eps_4q_growth_year": 14.31,
            "roe": 5.59,
            "roe_4q": 21.25,
            "gross_profit": 13265000,
            "gross_margin": 23.36,
            "gross_margin_4q_avg": 22.47,
            "net_income": 2035000,
            "net_income_4q": null,
            "revenue": 56781000,
            "revenue_4q": null,
            "common_shares": 1869000,
            "book_valuer_per_share": 6.32,
            "book_valuer_per_share_4q_avg": 6.04,
            "equity": 36966000,
            "current_ratio": 99.21,
            "debt_ratio": 58.27,
            "inventory_turnover_ratio": 1.82,
            "account_receivable_turnover_ratio": 31.43,
            "reinvestment_rate": 89.16,
            "research_to_sale_ratio": null,
            "price_fair": 60.67,
            "eps_avg_yearly": 1.73,
            "eps_latest_yearly": 1.8,
            "eps_growth_yearly": 62.61
        },
        "20033": {
            "year_quarter": 20033,
            "year": 2003,
            "quarter": 3,
            "eps": 0.4,
            "eps_growth_year": 21.46,
            "eps_4q": 1.69,
            "eps_4q_growth_year": 17.2,
            "roe": 4.86,
            "roe_4q": 21.599999999999998,
            "gross_profit": 13119000,
            "gross_margin": 23.53,
            "gross_margin_4q_avg": 22.81,
            "net_income": 1823000,
            "net_income_4q": null,
            "revenue": 55765000,
            "revenue_4q": null,
            "common_shares": 1871000,
            "book_valuer_per_share": 6.54,
            "book_valuer_per_share_4q_avg": 6.24,
            "equity": 38044000,
            "current_ratio": 93.47,
            "debt_ratio": 60.23,
            "inventory_turnover_ratio": 1.59,
            "account_receivable_turnover_ratio": 28.81,
            "reinvestment_rate": 89.96,
            "research_to_sale_ratio": null,
            "price_fair": 59.5,
            "eps_avg_yearly": 1.7,
            "eps_latest_yearly": 1.6,
            "eps_growth_yearly": 35.84
        },
        "20034": {
            "year_quarter": 20034,
            "year": 2003,
            "quarter": 4,
            "eps": 0.55,
            "eps_growth_year": 13.43,
            "eps_4q": 1.76,
            "eps_4q_growth_year": 18.31,
            "roe": 6.49,
            "roe_4q": 21.55,
            "gross_profit": 14904000,
            "gross_margin": 22.28,
            "gross_margin_4q_avg": 23.04,
            "net_income": 2516000,
            "net_income_4q": null,
            "revenue": 66905000,
            "revenue_4q": null,
            "common_shares": 2394000,
            "book_valuer_per_share": 6.84,
            "book_valuer_per_share_4q_avg": 6.46,
            "equity": 39461000,
            "current_ratio": 94.47,
            "debt_ratio": 58.38,
            "inventory_turnover_ratio": 1.93,
            "account_receivable_turnover_ratio": 38.17,
            "reinvestment_rate": 88.9,
            "research_to_sale_ratio": null,
            "price_fair": 63,
            "eps_avg_yearly": 1.8,
            "eps_latest_yearly": 2.2,
            "eps_growth_yearly": 58.67
        },
        "20041": {
            "year_quarter": 20041,
            "year": 2004,
            "quarter": 1,
            "eps": 0.42,
            "eps_growth_year": 16.56,
            "eps_4q": 1.82,
            "eps_4q_growth_year": 18.34,
            "roe": 4.7,
            "roe_4q": 21.64,
            "gross_profit": 13306000,
            "gross_margin": 23.25,
            "gross_margin_4q_avg": 23.11,
            "net_income": 1872000,
            "net_income_4q": null,
            "revenue": 57224000,
            "revenue_4q": null,
            "common_shares": 2405000,
            "book_valuer_per_share": 7.05,
            "book_valuer_per_share_4q_avg": 6.69,
            "equity": 40200000,
            "current_ratio": 98.39,
            "debt_ratio": 58.37,
            "inventory_turnover_ratio": 1.74,
            "account_receivable_turnover_ratio": 44.74,
            "reinvestment_rate": 66.65,
            "research_to_sale_ratio": null,
            "price_fair": 62.3,
            "eps_avg_yearly": 1.78,
            "eps_latest_yearly": 1.68,
            "eps_growth_yearly": 33.14
        },
        "20042": {
            "year_quarter": 20042,
            "year": 2004,
            "quarter": 2,
            "eps": 0.52,
            "eps_growth_year": 16.4,
            "eps_4q": 1.89,
            "eps_4q_growth_year": 16.57,
            "roe": 5.61,
            "roe_4q": 21.66,
            "gross_profit": 14934000,
            "gross_margin": 23.62,
            "gross_margin_4q_avg": 23.17,
            "net_income": 2324000,
            "net_income_4q": null,
            "revenue": 63232000,
            "revenue_4q": null,
            "common_shares": 2492000,
            "book_valuer_per_share": 7.56,
            "book_valuer_per_share_4q_avg": 7,
            "equity": 42594000,
            "current_ratio": 99.1,
            "debt_ratio": 56.94,
            "inventory_turnover_ratio": 1.87,
            "account_receivable_turnover_ratio": 60.57,
            "reinvestment_rate": 67.02,
            "research_to_sale_ratio": null,
            "price_fair": 63.8,
            "eps_avg_yearly": 1.82,
            "eps_latest_yearly": 2.08,
            "eps_growth_yearly": 42.01
        },
        "20043": {
            "year_quarter": 20043,
            "year": 2004,
            "quarter": 3,
            "eps": 0.46,
            "eps_growth_year": 15.55,
            "eps_4q": 1.95,
            "eps_4q_growth_year": 15.38,
            "roe": 4.9,
            "roe_4q": 21.700000000000003,
            "gross_profit": 14743000,
            "gross_margin": 23.39,
            "gross_margin_4q_avg": 23.14,
            "net_income": 2076000,
            "net_income_4q": null,
            "revenue": 63035000,
            "revenue_4q": null,
            "common_shares": 2513000,
            "book_valuer_per_share": 7.56,
            "book_valuer_per_share_4q_avg": 7.25,
            "equity": 42171000,
            "current_ratio": 94.42,
            "debt_ratio": 59.77,
            "inventory_turnover_ratio": 1.69,
            "account_receivable_turnover_ratio": 57.02,
            "reinvestment_rate": 66.83,
            "research_to_sale_ratio": null,
            "price_fair": 63.88,
            "eps_avg_yearly": 1.83,
            "eps_latest_yearly": 1.84,
            "eps_growth_yearly": 30.99
        },
        "20044": {
            "year_quarter": 20044,
            "year": 2004,
            "quarter": 4,
            "eps": 0.63,
            "eps_growth_year": 13.34,
            "eps_4q": 2.03,
            "eps_4q_growth_year": 15.28,
            "roe": 6.54,
            "roe_4q": 21.75,
            "gross_profit": 16951000,
            "gross_margin": 22.54,
            "gross_margin_4q_avg": 23.2,
            "net_income": 2804000,
            "net_income_4q": null,
            "revenue": 75190000,
            "revenue_4q": null,
            "common_shares": 2566000,
            "book_valuer_per_share": 7.83,
            "book_valuer_per_share_4q_avg": 7.5,
            "equity": 43623000,
            "current_ratio": 90.96,
            "debt_ratio": 58.61,
            "inventory_turnover_ratio": 2.01,
            "account_receivable_turnover_ratio": 63.56,
            "reinvestment_rate": 70.87,
            "research_to_sale_ratio": null,
            "price_fair": 66.58,
            "eps_avg_yearly": 1.9,
            "eps_latest_yearly": 2.52,
            "eps_growth_yearly": 43.97
        },
        "20051": {
            "year_quarter": 20051,
            "year": 2005,
            "quarter": 1,
            "eps": 0.5,
            "eps_growth_year": 20.92,
            "eps_4q": 2.12,
            "eps_4q_growth_year": 16.32,
            "roe": 5.12,
            "roe_4q": 22.17,
            "gross_profit": 15465000,
            "gross_margin": 23.63,
            "gross_margin_4q_avg": 23.3,
            "net_income": 2208000,
            "net_income_4q": null,
            "revenue": 65434000,
            "revenue_4q": null,
            "common_shares": 2613000,
            "book_valuer_per_share": 7.6,
            "book_valuer_per_share_4q_avg": 7.64,
            "equity": 42572000,
            "current_ratio": 83.82,
            "debt_ratio": 60.59,
            "inventory_turnover_ratio": 1.82,
            "account_receivable_turnover_ratio": 52.68,
            "reinvestment_rate": 71.52,
            "research_to_sale_ratio": null,
            "price_fair": 66.92,
            "eps_avg_yearly": 1.91,
            "eps_latest_yearly": 2,
            "eps_growth_yearly": 31.32
        },
        "20052": {
            "year_quarter": 20052,
            "year": 2005,
            "quarter": 2,
            "eps": 0.62,
            "eps_growth_year": 19.27,
            "eps_4q": 2.22,
            "eps_4q_growth_year": 17.11,
            "roe": 6.3,
            "roe_4q": 22.86,
            "gross_profit": 16926000,
            "gross_margin": 24.02,
            "gross_margin_4q_avg": 23.4,
            "net_income": 2707000,
            "net_income_4q": null,
            "revenue": 70459000,
            "revenue_4q": null,
            "common_shares": 2643000,
            "book_valuer_per_share": 7.84,
            "book_valuer_per_share_4q_avg": 7.71,
            "equity": 43367000,
            "current_ratio": 81.89,
            "debt_ratio": 60.85,
            "inventory_turnover_ratio": 1.89,
            "account_receivable_turnover_ratio": 56.14,
            "reinvestment_rate": 70.13,
            "research_to_sale_ratio": null,
            "price_fair": 68.73,
            "eps_avg_yearly": 1.96,
            "eps_latest_yearly": 2.48,
            "eps_growth_yearly": 37.2
        },
        "20053": {
            "year_quarter": 20053,
            "year": 2005,
            "quarter": 3,
            "eps": 0.54,
            "eps_growth_year": 15.99,
            "eps_4q": 2.29,
            "eps_4q_growth_year": 17.16,
            "roe": 5.28,
            "roe_4q": 23.24,
            "gross_profit": 16715000,
            "gross_margin": 24.13,
            "gross_margin_4q_avg": 23.58,
            "net_income": 2336000,
            "net_income_4q": null,
            "revenue": 69282000,
            "revenue_4q": null,
            "common_shares": 2723000,
            "book_valuer_per_share": 8.24,
            "book_valuer_per_share_4q_avg": 7.88,
            "equity": 45094000,
            "current_ratio": 86.19,
            "debt_ratio": 62.12,
            "inventory_turnover_ratio": 1.7,
            "account_receivable_turnover_ratio": 51.36,
            "reinvestment_rate": 70.89,
            "research_to_sale_ratio": null,
            "price_fair": 69.3,
            "eps_avg_yearly": 1.98,
            "eps_latest_yearly": 2.16,
            "eps_growth_yearly": 29.8
        },
        "20054": {
            "year_quarter": 20054,
            "year": 2005,
            "quarter": 4,
            "eps": 0.75,
            "eps_growth_year": 18.76,
            "eps_4q": 2.41,
            "eps_4q_growth_year": 18.7,
            "roe": 6.91,
            "roe_4q": 23.610000000000003,
            "gross_profit": 19176000,
            "gross_margin": 23.13,
            "gross_margin_4q_avg": 23.73,
            "net_income": 3266000,
            "net_income_4q": null,
            "revenue": 82899000,
            "revenue_4q": null,
            "common_shares": 2848000,
            "book_valuer_per_share": 9.12,
            "book_valuer_per_share_4q_avg": 8.2,
            "equity": 49396000,
            "current_ratio": 89.98,
            "debt_ratio": 58.89,
            "inventory_turnover_ratio": 2.01,
            "account_receivable_turnover_ratio": 52.92,
            "reinvestment_rate": 74.98,
            "research_to_sale_ratio": null,
            "price_fair": 72.05,
            "eps_avg_yearly": 2.06,
            "eps_latest_yearly": 3,
            "eps_growth_yearly": 39.47
        },
        "20061": {
            "year_quarter": 20061,
            "year": 2006,
            "quarter": 1,
            "eps": 0.59,
            "eps_growth_year": 17.89,
            "eps_4q": 2.5,
            "eps_4q_growth_year": 18.07,
            "roe": 5.34,
            "roe_4q": 23.830000000000002,
            "gross_profit": 16902000,
            "gross_margin": 23.89,
            "gross_margin_4q_avg": 23.79,
            "net_income": 2580000,
            "net_income_4q": null,
            "revenue": 70755000,
            "revenue_4q": null,
            "common_shares": 2827000,
            "book_valuer_per_share": 8.71,
            "book_valuer_per_share_4q_avg": 8.48,
            "equity": 47191000,
            "current_ratio": 80.62,
            "debt_ratio": 61.39,
            "inventory_turnover_ratio": 1.76,
            "account_receivable_turnover_ratio": 43.74,
            "reinvestment_rate": 72.04,
            "research_to_sale_ratio": null,
            "price_fair": 72.8,
            "eps_avg_yearly": 2.08,
            "eps_latest_yearly": 2.36,
            "eps_growth_yearly": 30.56
        },
        "20062": {
            "year_quarter": 20062,
            "year": 2006,
            "quarter": 2,
            "eps": 0.68,
            "eps_growth_year": 9.99,
            "eps_4q": 2.56,
            "eps_4q_growth_year": 15.53,
            "roe": 6.16,
            "roe_4q": 23.69,
            "gross_profit": 18608000,
            "gross_margin": 24.26,
            "gross_margin_4q_avg": 23.85,
            "net_income": 2921000,
            "net_income_4q": null,
            "revenue": 76697000,
            "revenue_4q": null,
            "common_shares": 2874000,
            "book_valuer_per_share": 8.98,
            "book_valuer_per_share_4q_avg": 8.76,
            "equity": 47721000,
            "current_ratio": 82.16,
            "debt_ratio": 61.75,
            "inventory_turnover_ratio": 1.88,
            "account_receivable_turnover_ratio": 49.23,
            "reinvestment_rate": 68.11,
            "research_to_sale_ratio": null,
            "price_fair": 74.29,
            "eps_avg_yearly": 2.12,
            "eps_latest_yearly": 2.72,
            "eps_growth_yearly": 32.59
        },
        "20063": {
            "year_quarter": 20063,
            "year": 2006,
            "quarter": 3,
            "eps": 0.58,
            "eps_growth_year": 7.98,
            "eps_4q": 2.6,
            "eps_4q_growth_year": 13.66,
            "roe": 5.11,
            "roe_4q": 23.52,
            "gross_profit": 18072000,
            "gross_margin": 23.97,
            "gross_margin_4q_avg": 23.81,
            "net_income": 2495000,
            "net_income_4q": null,
            "revenue": 75397000,
            "revenue_4q": null,
            "common_shares": 2925000,
            "book_valuer_per_share": 9.5,
            "book_valuer_per_share_4q_avg": 9.08,
            "equity": 49918000,
            "current_ratio": 89.28,
            "debt_ratio": 62.13,
            "inventory_turnover_ratio": 1.71,
            "account_receivable_turnover_ratio": 44.8,
            "reinvestment_rate": 69.07,
            "research_to_sale_ratio": null,
            "price_fair": 74.73,
            "eps_avg_yearly": 2.14,
            "eps_latest_yearly": 2.32,
            "eps_growth_yearly": 26.88
        },
        "20064": {
            "year_quarter": 20064,
            "year": 2006,
            "quarter": 4,
            "eps": 0.87,
            "eps_growth_year": 16.42,
            "eps_4q": 2.73,
            "eps_4q_growth_year": 13.19,
            "roe": 7.25,
            "roe_4q": 23.86,
            "gross_profit": 20870000,
            "gross_margin": 23.38,
            "gross_margin_4q_avg": 23.88,
            "net_income": 3735000,
            "net_income_4q": null,
            "revenue": 89252000,
            "revenue_4q": null,
            "common_shares": 3013000,
            "book_valuer_per_share": 9.86,
            "book_valuer_per_share_4q_avg": 9.26,
            "equity": 53171000,
            "current_ratio": 89.76,
            "debt_ratio": 61.52,
            "inventory_turnover_ratio": 2.01,
            "account_receivable_turnover_ratio": 41.08,
            "reinvestment_rate": 77.02,
            "research_to_sale_ratio": null,
            "price_fair": 78.05,
            "eps_avg_yearly": 2.23,
            "eps_latest_yearly": 3.48,
            "eps_growth_yearly": 27.25
        },
        "20071": {
            "year_quarter": 20071,
            "year": 2007,
            "quarter": 1,
            "eps": 0.64,
            "eps_growth_year": 7.47,
            "eps_4q": 2.77,
            "eps_4q_growth_year": 10.88,
            "roe": 5.14,
            "roe_4q": 23.66,
            "gross_profit": 19439000,
            "gross_margin": 24.4,
            "gross_margin_4q_avg": 24,
            "net_income": 2739000,
            "net_income_4q": null,
            "revenue": 79676000,
            "revenue_4q": null,
            "common_shares": 3070000,
            "book_valuer_per_share": 9.72,
            "book_valuer_per_share_4q_avg": 9.52,
            "equity": 53314000,
            "current_ratio": 87.43,
            "debt_ratio": 62.05,
            "inventory_turnover_ratio": 1.89,
            "account_receivable_turnover_ratio": 31.84,
            "reinvestment_rate": 76.07,
            "research_to_sale_ratio": null,
            "price_fair": 80.5,
            "eps_avg_yearly": 2.3,
            "eps_latest_yearly": 2.56,
            "eps_growth_yearly": 27.28
        },
        "20072": {
            "year_quarter": 20072,
            "year": 2007,
            "quarter": 2,
            "eps": 0.72,
            "eps_growth_year": 4.79,
            "eps_4q": 2.8,
            "eps_4q_growth_year": 9.47,
            "roe": 5.61,
            "roe_4q": 23.11,
            "gross_profit": 20845000,
            "gross_margin": 24.4,
            "gross_margin_4q_avg": 24.04,
            "net_income": 3075000,
            "net_income_4q": null,
            "revenue": 85430000,
            "revenue_4q": null,
            "common_shares": 3165000,
            "book_valuer_per_share": 10.34,
            "book_valuer_per_share_4q_avg": 9.86,
            "equity": 56372000,
            "current_ratio": 85.28,
            "debt_ratio": 61.07,
            "inventory_turnover_ratio": 2.02,
            "account_receivable_turnover_ratio": 34.5,
            "reinvestment_rate": 77.83,
            "research_to_sale_ratio": null,
            "price_fair": 80.86,
            "eps_avg_yearly": 2.37,
            "eps_latest_yearly": 2.88,
            "eps_growth_yearly": 24.15
        },
        "20073": {
            "year_quarter": 20073,
            "year": 2007,
            "quarter": 3,
            "eps": 0.62,
            "eps_growth_year": 7,
            "eps_4q": 2.84,
            "eps_4q_growth_year": 9.23,
            "roe": 4.65,
            "roe_4q": 22.650000000000002,
            "gross_profit": 20701000,
            "gross_margin": 24.51,
            "gross_margin_4q_avg": 24.17,
            "net_income": 2678000,
            "net_income_4q": null,
            "revenue": 84466000,
            "revenue_4q": null,
            "common_shares": 3237000,
            "book_valuer_per_share": 10.92,
            "book_valuer_per_share_4q_avg": 10.21,
            "equity": 58763000,
            "current_ratio": 85.32,
            "debt_ratio": 61.11,
            "inventory_turnover_ratio": 1.81,
            "account_receivable_turnover_ratio": 33.79,
            "reinvestment_rate": 79.77,
            "research_to_sale_ratio": null,
            "price_fair": 81.05,
            "eps_avg_yearly": 2.42,
            "eps_latest_yearly": 2.48,
            "eps_growth_yearly": 23.46
        },
        "20074": {
            "year_quarter": 20074,
            "year": 2007,
            "quarter": 4,
            "eps": 0.95,
            "eps_growth_year": 9.18,
            "eps_4q": 2.92,
            "eps_4q_growth_year": 7.24,
            "roe": 6.83,
            "roe_4q": 22.23,
            "gross_profit": 23513000,
            "gross_margin": 23.73,
            "gross_margin_4q_avg": 24.26,
            "net_income": 4111000,
            "net_income_4q": null,
            "revenue": 99078000,
            "revenue_4q": null,
            "common_shares": 413000,
            "book_valuer_per_share": 11.57,
            "book_valuer_per_share_4q_avg": 10.64,
            "equity": 61573000,
            "current_ratio": 90.09,
            "debt_ratio": 59.38,
            "inventory_turnover_ratio": 2.09,
            "account_receivable_turnover_ratio": 37.27,
            "reinvestment_rate": 80.14,
            "research_to_sale_ratio": null,
            "price_fair": 88.29,
            "eps_avg_yearly": 2.52,
            "eps_latest_yearly": 3.8,
            "eps_growth_yearly": 27.39
        },
        "20081": {
            "year_quarter": 20081,
            "year": 2008,
            "quarter": 1,
            "eps": 0.68,
            "eps_growth_year": 6.37,
            "eps_4q": 2.96,
            "eps_4q_growth_year": 6.99,
            "roe": 4.78,
            "roe_4q": 21.869999999999997,
            "gross_profit": 21067000,
            "gross_margin": 24.39,
            "gross_margin_4q_avg": 24.26,
            "net_income": 2901000,
            "net_income_4q": null,
            "revenue": 86378000,
            "revenue_4q": null,
            "common_shares": 3284000,
            "book_valuer_per_share": 11.03,
            "book_valuer_per_share_4q_avg": 10.97,
            "equity": 59911000,
            "current_ratio": 86.98,
            "debt_ratio": 61.45,
            "inventory_turnover_ratio": 1.9,
            "account_receivable_turnover_ratio": 29.97,
            "reinvestment_rate": 77.38,
            "research_to_sale_ratio": null,
            "price_fair": 90.56,
            "eps_avg_yearly": 2.59,
            "eps_latest_yearly": 2.72,
            "eps_growth_yearly": 26.19
        },
        "20082": {
            "year_quarter": 20082,
            "year": 2008,
            "quarter": 2,
            "eps": 0.75,
            "eps_growth_year": 5.4,
            "eps_4q": 3,
            "eps_4q_growth_year": 7.12,
            "roe": 5.24,
            "roe_4q": 21.5,
            "gross_profit": 22410000,
            "gross_margin": 24.1,
            "gross_margin_4q_avg": 24.18,
            "net_income": 3203000,
            "net_income_4q": null,
            "revenue": 92999000,
            "revenue_4q": null,
            "common_shares": 3412000,
            "book_valuer_per_share": 11.71,
            "book_valuer_per_share_4q_avg": 11.31,
            "equity": 62286000,
            "current_ratio": 83.96,
            "debt_ratio": 60.31,
            "inventory_turnover_ratio": 2.03,
            "account_receivable_turnover_ratio": 32.68,
            "reinvestment_rate": 77.89,
            "research_to_sale_ratio": null,
            "price_fair": 86.79,
            "eps_avg_yearly": 2.65,
            "eps_latest_yearly": 3,
            "eps_growth_yearly": 22.81
        },
        "20083": {
            "year_quarter": 20083,
            "year": 2008,
            "quarter": 3,
            "eps": 0.7,
            "eps_growth_year": 12.88,
            "eps_4q": 3.08,
            "eps_4q_growth_year": 8.41,
            "roe": 4.7,
            "roe_4q": 21.550000000000004,
            "gross_profit": 22614000,
            "gross_margin": 24.62,
            "gross_margin_4q_avg": 24.21,
            "net_income": 2945000,
            "net_income_4q": null,
            "revenue": 91865000,
            "revenue_4q": null,
            "common_shares": 3421000,
            "book_valuer_per_share": 12.03,
            "book_valuer_per_share_4q_avg": 11.59,
            "equity": 63082000,
            "current_ratio": 84.52,
            "debt_ratio": 61.92,
            "inventory_turnover_ratio": 1.88,
            "account_receivable_turnover_ratio": 31.52,
            "reinvestment_rate": 76.86,
            "research_to_sale_ratio": null,
            "price_fair": 92.06,
            "eps_avg_yearly": 2.71,
            "eps_latest_yearly": 2.8,
            "eps_growth_yearly": 24.03
        },
        "20084": {
            "year_quarter": 20084,
            "year": 2008,
            "quarter": 4,
            "eps": 1.03,
            "eps_growth_year": 8.44,
            "eps_4q": 3.16,
            "eps_4q_growth_year": 8.19,
            "roe": 6.6,
            "roe_4q": 21.32,
            "gross_profit": 26066000,
            "gross_margin": 24.28,
            "gross_margin_4q_avg": 24.35,
            "net_income": 4211000,
            "net_income_4q": null,
            "revenue": 107343000,
            "revenue_4q": null,
            "common_shares": 3425000,
            "book_valuer_per_share": 12.27,
            "book_valuer_per_share_4q_avg": 11.76,
            "equity": 64608000,
            "current_ratio": 82.12,
            "debt_ratio": 60.49,
            "inventory_turnover_ratio": 2.18,
            "account_receivable_turnover_ratio": 32.02,
            "reinvestment_rate": 72.71,
            "research_to_sale_ratio": null,
            "price_fair": 98.18,
            "eps_avg_yearly": 2.81,
            "eps_latest_yearly": 4.12,
            "eps_growth_yearly": 26.58
        },
        "20091": {
            "year_quarter": 20091,
            "year": 2009,
            "quarter": 1,
            "eps": 0.76,
            "eps_growth_year": 12.53,
            "eps_4q": 3.25,
            "eps_4q_growth_year": 9.57,
            "roe": 4.93,
            "roe_4q": 21.47,
            "gross_profit": 23568000,
            "gross_margin": 24.82,
            "gross_margin_4q_avg": 24.46,
            "net_income": 3151000,
            "net_income_4q": null,
            "revenue": 94940000,
            "revenue_4q": null,
            "common_shares": 3628000,
            "book_valuer_per_share": 11.87,
            "book_valuer_per_share_4q_avg": 11.97,
            "equity": 63230000,
            "current_ratio": 83.03,
            "debt_ratio": 62.25,
            "inventory_turnover_ratio": 2.02,
            "account_receivable_turnover_ratio": 27.55,
            "reinvestment_rate": 69.14,
            "research_to_sale_ratio": null,
            "price_fair": 100.45,
            "eps_avg_yearly": 2.87,
            "eps_latest_yearly": 3.04,
            "eps_growth_yearly": 25.18
        },
        "20092": {
            "year_quarter": 20092,
            "year": 2009,
            "quarter": 2,
            "eps": 0.86,
            "eps_growth_year": 13.98,
            "eps_4q": 3.35,
            "eps_4q_growth_year": 11.67,
            "roe": 5.43,
            "roe_4q": 21.66,
            "gross_profit": 25224000,
            "gross_margin": 24.65,
            "gross_margin_4q_avg": 24.59,
            "net_income": 3531000,
            "net_income_4q": null,
            "revenue": 102342000,
            "revenue_4q": null,
            "common_shares": 3986000,
            "book_valuer_per_share": 12.81,
            "book_valuer_per_share_4q_avg": 12.25,
            "equity": 66793000,
            "current_ratio": 90.62,
            "debt_ratio": 59.98,
            "inventory_turnover_ratio": 2.18,
            "account_receivable_turnover_ratio": 31.64,
            "reinvestment_rate": 64.12,
            "research_to_sale_ratio": null,
            "price_fair": 95.15,
            "eps_avg_yearly": 2.93,
            "eps_latest_yearly": 3.44,
            "eps_growth_yearly": 22.47
        },
        "20093": {
            "year_quarter": 20093,
            "year": 2009,
            "quarter": 3,
            "eps": 0.77,
            "eps_growth_year": 9.6,
            "eps_4q": 3.42,
            "eps_4q_growth_year": 10.96,
            "roe": 4.75,
            "roe_4q": 21.71,
            "gross_profit": 24724000,
            "gross_margin": 25.14,
            "gross_margin_4q_avg": 24.72,
            "net_income": 3146000,
            "net_income_4q": null,
            "revenue": 98345000,
            "revenue_4q": null,
            "common_shares": 4219000,
            "book_valuer_per_share": 12.78,
            "book_valuer_per_share_4q_avg": 12.43,
            "equity": 65539000,
            "current_ratio": 87.58,
            "debt_ratio": 60.95,
            "inventory_turnover_ratio": 1.94,
            "account_receivable_turnover_ratio": 30.4,
            "reinvestment_rate": 54.34,
            "research_to_sale_ratio": null,
            "price_fair": 98.84,
            "eps_avg_yearly": 2.99,
            "eps_latest_yearly": 3.08,
            "eps_growth_yearly": 23.08
        },
        "20094": {
            "year_quarter": 20094,
            "year": 2009,
            "quarter": 4,
            "eps": 0.96,
            "eps_growth_year": -6.28,
            "eps_4q": 3.36,
            "eps_4q_growth_year": 6.11,
            "roe": 6,
            "roe_4q": 21.11,
            "gross_profit": 26802000,
            "gross_margin": 24.65,
            "gross_margin_4q_avg": 24.82,
            "net_income": 3926000,
            "net_income_4q": null,
            "revenue": 108747000,
            "revenue_4q": null,
            "common_shares": 4313000,
            "book_valuer_per_share": 12.75,
            "book_valuer_per_share_4q_avg": 12.55,
            "equity": 65285000,
            "current_ratio": 88.37,
            "debt_ratio": 60.05,
            "inventory_turnover_ratio": 2.19,
            "account_receivable_turnover_ratio": 30.4,
            "reinvestment_rate": 49.72,
            "research_to_sale_ratio": null,
            "price_fair": 89.77,
            "eps_avg_yearly": 3.04,
            "eps_latest_yearly": 3.84,
            "eps_growth_yearly": 19.53
        },
        "20101": {
            "year_quarter": 20101,
            "year": 2010,
            "quarter": 1,
            "eps": 0.76,
            "eps_growth_year": 0.11,
            "eps_4q": 3.36,
            "eps_4q_growth_year": 3.36,
            "roe": 4.9,
            "roe_4q": 21.08,
            "gross_profit": 23819000,
            "gross_margin": 25.28,
            "gross_margin_4q_avg": 24.93,
            "net_income": 3121000,
            "net_income_4q": null,
            "revenue": 94214000,
            "revenue_4q": null,
            "common_shares": 4048000,
            "book_valuer_per_share": 12.15,
            "book_valuer_per_share_4q_avg": 12.62,
            "equity": 62231000,
            "current_ratio": 84.66,
            "debt_ratio": 61.61,
            "inventory_turnover_ratio": 2.04,
            "account_receivable_turnover_ratio": 25.95,
            "reinvestment_rate": 48.35,
            "research_to_sale_ratio": null,
            "price_fair": 91.41,
            "eps_avg_yearly": 3.08,
            "eps_latest_yearly": 3.04,
            "eps_growth_yearly": 19.65
        },
        "20102": {
            "year_quarter": 20102,
            "year": 2010,
            "quarter": 2,
            "eps": 0.89,
            "eps_growth_year": 3.81,
            "eps_4q": 3.39,
            "eps_4q_growth_year": 1.08,
            "roe": 5.56,
            "roe_4q": 21.21,
            "gross_profit": 25820000,
            "gross_margin": 25.6,
            "gross_margin_4q_avg": 25.17,
            "net_income": 3586000,
            "net_income_4q": null,
            "revenue": 100876000,
            "revenue_4q": null,
            "common_shares": 4173000,
            "book_valuer_per_share": 13.11,
            "book_valuer_per_share_4q_avg": 12.7,
            "equity": 66695000,
            "current_ratio": 85.16,
            "debt_ratio": 60.44,
            "inventory_turnover_ratio": 2.22,
            "account_receivable_turnover_ratio": 28.66,
            "reinvestment_rate": 50.89,
            "research_to_sale_ratio": null,
            "price_fair": 94.42,
            "eps_avg_yearly": 3.14,
            "eps_latest_yearly": 3.56,
            "eps_growth_yearly": 20.12
        },
        "20103": {
            "year_quarter": 20103,
            "year": 2010,
            "quarter": 3,
            "eps": 0.82,
            "eps_growth_year": 6.12,
            "eps_4q": 3.44,
            "eps_4q_growth_year": 0.47,
            "roe": 4.87,
            "roe_4q": 21.33,
            "gross_profit": 25458000,
            "gross_margin": 25.62,
            "gross_margin_4q_avg": 25.29,
            "net_income": 3265000,
            "net_income_4q": null,
            "revenue": 99373000,
            "revenue_4q": null,
            "common_shares": 4134000,
            "book_valuer_per_share": 13.42,
            "book_valuer_per_share_4q_avg": 12.86,
            "equity": 67280000,
            "current_ratio": 87.09,
            "debt_ratio": 61,
            "inventory_turnover_ratio": 2.07,
            "account_receivable_turnover_ratio": 26.64,
            "reinvestment_rate": 42.38,
            "research_to_sale_ratio": null,
            "price_fair": 101.69,
            "eps_avg_yearly": 3.2,
            "eps_latest_yearly": 3.28,
            "eps_growth_yearly": 21.83
        },
        "20104": {
            "year_quarter": 20104,
            "year": 2010,
            "quarter": 4,
            "eps": 1.31,
            "eps_growth_year": 35.88,
            "eps_4q": 3.78,
            "eps_4q_growth_year": 12.71,
            "roe": 7.25,
            "roe_4q": 22.58,
            "gross_profit": 28544000,
            "gross_margin": 25.12,
            "gross_margin_4q_avg": 25.41,
            "net_income": 4990000,
            "net_income_4q": null,
            "revenue": 113622000,
            "revenue_4q": null,
            "common_shares": 378000,
            "book_valuer_per_share": 14.35,
            "book_valuer_per_share_4q_avg": 13.26,
            "equity": 70468000,
            "current_ratio": 86.48,
            "debt_ratio": 58.65,
            "inventory_turnover_ratio": 2.4,
            "account_receivable_turnover_ratio": 28.69,
            "reinvestment_rate": 39.54,
            "research_to_sale_ratio": null,
            "price_fair": 113.25,
            "eps_avg_yearly": 3.31,
            "eps_latest_yearly": 5.24,
            "eps_growth_yearly": 24.27
        },
        "20111": {
            "year_quarter": 20111,
            "year": 2011,
            "quarter": 1,
            "eps": 0.87,
            "eps_growth_year": 14.22,
            "eps_4q": 3.89,
            "eps_4q_growth_year": 15.92,
            "roe": 5.05,
            "roe_4q": 22.73,
            "gross_profit": 25193000,
            "gross_margin": 25.24,
            "gross_margin_4q_avg": 25.4,
            "net_income": 3444000,
            "net_income_4q": null,
            "revenue": 99811000,
            "revenue_4q": null,
            "common_shares": 4059000,
            "book_valuer_per_share": 13.43,
            "book_valuer_per_share_4q_avg": 13.58,
            "equity": 66023000,
            "current_ratio": 79.62,
            "debt_ratio": 62.07,
            "inventory_turnover_ratio": 2.2,
            "account_receivable_turnover_ratio": 23.82,
            "reinvestment_rate": 34.53,
            "research_to_sale_ratio": null,
            "price_fair": 109.21,
            "eps_avg_yearly": 3.36,
            "eps_latest_yearly": 3.48,
            "eps_growth_yearly": 22.48
        },
        "20112": {
            "year_quarter": 20112,
            "year": 2011,
            "quarter": 2,
            "eps": 0.97,
            "eps_growth_year": 8.75,
            "eps_4q": 3.97,
            "eps_4q_growth_year": 17.1,
            "roe": 5.74,
            "roe_4q": 22.91,
            "gross_profit": 26288000,
            "gross_margin": 25.34,
            "gross_margin_4q_avg": 25.33,
            "net_income": 3747000,
            "net_income_4q": null,
            "revenue": 103726000,
            "revenue_4q": null,
            "common_shares": 364000,
            "book_valuer_per_share": 13.31,
            "book_valuer_per_share_4q_avg": 13.63,
            "equity": 64646000,
            "current_ratio": 80.79,
            "debt_ratio": 63.47,
            "inventory_turnover_ratio": 2.22,
            "account_receivable_turnover_ratio": 23.67,
            "reinvestment_rate": 30.72,
            "research_to_sale_ratio": null,
            "price_fair": 110.38,
            "eps_avg_yearly": 3.43,
            "eps_latest_yearly": 3.88,
            "eps_growth_yearly": 22.23
        },
        "20113": {
            "year_quarter": 20113,
            "year": 2011,
            "quarter": 3,
            "eps": 0.95,
            "eps_growth_year": 15.95,
            "eps_4q": 4.1,
            "eps_4q_growth_year": 19.28,
            "roe": 5.52,
            "roe_4q": 23.56,
            "gross_profit": 26133000,
            "gross_margin": 25.63,
            "gross_margin_4q_avg": 25.33,
            "net_income": 3590000,
            "net_income_4q": null,
            "revenue": 101952000,
            "revenue_4q": null,
            "common_shares": 3969000,
            "book_valuer_per_share": 13.66,
            "book_valuer_per_share_4q_avg": 13.69,
            "equity": 65525000,
            "current_ratio": 87.08,
            "debt_ratio": 64.94,
            "inventory_turnover_ratio": 2,
            "account_receivable_turnover_ratio": 22.9,
            "reinvestment_rate": 30.73,
            "research_to_sale_ratio": null,
            "price_fair": 122.76,
            "eps_avg_yearly": 3.51,
            "eps_latest_yearly": 3.8,
            "eps_growth_yearly": 25.18
        },
        "20114": {
            "year_quarter": 20114,
            "year": 2011,
            "quarter": 4,
            "eps": 1.41,
            "eps_growth_year": 7.67,
            "eps_4q": 4.2,
            "eps_4q_growth_year": 11.03,
            "roe": 7.72,
            "roe_4q": 24.029999999999998,
            "gross_profit": 29289000,
            "gross_margin": 25.17,
            "gross_margin_4q_avg": 25.35,
            "net_income": 5178000,
            "net_income_4q": null,
            "revenue": 116360000,
            "revenue_4q": null,
            "common_shares": 352000,
            "book_valuer_per_share": 14.73,
            "book_valuer_per_share_4q_avg": 13.78,
            "equity": 68542000,
            "current_ratio": 88.75,
            "debt_ratio": 62.09,
            "inventory_turnover_ratio": 2.25,
            "account_receivable_turnover_ratio": 24.59,
            "reinvestment_rate": 29.34,
            "research_to_sale_ratio": null,
            "price_fair": 123.1,
            "eps_avg_yearly": 3.62,
            "eps_latest_yearly": 5.64,
            "eps_growth_yearly": 23.98
        },
        "20121": {
            "year_quarter": 20121,
            "year": 2012,
            "quarter": 1,
            "eps": 0.98,
            "eps_growth_year": 11.74,
            "eps_4q": 4.3,
            "eps_4q_growth_year": 10.57,
            "roe": 5.36,
            "roe_4q": 24.340000000000003,
            "gross_profit": 26012000,
            "gross_margin": 24.97,
            "gross_margin_4q_avg": 25.28,
            "net_income": 3578000,
            "net_income_4q": null,
            "revenue": 104189000,
            "revenue_4q": null,
            "common_shares": 348000,
            "book_valuer_per_share": 13.83,
            "book_valuer_per_share_4q_avg": 13.88,
            "equity": 65006000,
            "current_ratio": 90.21,
            "debt_ratio": 65.09,
            "inventory_turnover_ratio": 2.09,
            "account_receivable_turnover_ratio": 21.1,
            "reinvestment_rate": 26.7,
            "research_to_sale_ratio": null,
            "price_fair": 123.73,
            "eps_avg_yearly": 3.7,
            "eps_latest_yearly": 3.92,
            "eps_growth_yearly": 23.46
        },
        "20122": {
            "year_quarter": 20122,
            "year": 2012,
            "quarter": 2,
            "eps": 1.09,
            "eps_growth_year": 12.43,
            "eps_4q": 4.42,
            "eps_4q_growth_year": 11.43,
            "roe": 5.92,
            "roe_4q": 24.52,
            "gross_profit": 27596000,
            "gross_margin": 25.23,
            "gross_margin_4q_avg": 25.25,
            "net_income": 3937000,
            "net_income_4q": null,
            "revenue": 109366000,
            "revenue_4q": null,
            "common_shares": 346000,
            "book_valuer_per_share": 13.41,
            "book_valuer_per_share_4q_avg": 13.91,
            "equity": 67941000,
            "current_ratio": 85.8,
            "debt_ratio": 64.96,
            "inventory_turnover_ratio": 2.11,
            "account_receivable_turnover_ratio": 21.76,
            "reinvestment_rate": 25.39,
            "research_to_sale_ratio": null,
            "price_fair": 127.46,
            "eps_avg_yearly": 3.78,
            "eps_latest_yearly": 4.36,
            "eps_growth_yearly": 23.7
        },
        "20123": {
            "year_quarter": 20123,
            "year": 2012,
            "quarter": 3,
            "eps": 0.97,
            "eps_growth_year": 2.19,
            "eps_4q": 4.44,
            "eps_4q_growth_year": 8.4,
            "roe": 5.18,
            "roe_4q": 24.18,
            "gross_profit": 27635000,
            "gross_margin": 25.07,
            "gross_margin_4q_avg": 25.11,
            "net_income": 3501000,
            "net_income_4q": null,
            "revenue": 110226000,
            "revenue_4q": null,
            "common_shares": 344000,
            "book_valuer_per_share": 13.6,
            "book_valuer_per_share_4q_avg": 13.89,
            "equity": 67163000,
            "current_ratio": 88.02,
            "debt_ratio": 65.56,
            "inventory_turnover_ratio": 1.99,
            "account_receivable_turnover_ratio": 22,
            "reinvestment_rate": 21.79,
            "research_to_sale_ratio": null,
            "price_fair": 125.55,
            "eps_avg_yearly": 3.85,
            "eps_latest_yearly": 3.88,
            "eps_growth_yearly": 22.61
        },
        "20124": {
            "year_quarter": 20124,
            "year": 2012,
            "quarter": 4,
            "eps": 1.51,
            "eps_growth_year": 7.06,
            "eps_4q": 4.54,
            "eps_4q_growth_year": 8.18,
            "roe": 7.85,
            "roe_4q": 24.31,
            "gross_profit": 30580000,
            "gross_margin": 24.83,
            "gross_margin_4q_avg": 25.03,
            "net_income": 5438000,
            "net_income_4q": null,
            "revenue": 123169000,
            "revenue_4q": null,
            "common_shares": 342000,
            "book_valuer_per_share": 14.82,
            "book_valuer_per_share_4q_avg": 13.92,
            "equity": 71315000,
            "current_ratio": 88.24,
            "debt_ratio": 63.13,
            "inventory_turnover_ratio": 2.18,
            "account_receivable_turnover_ratio": 23.04,
            "reinvestment_rate": 23.44,
            "research_to_sale_ratio": null,
            "price_fair": 137.93,
            "eps_avg_yearly": 3.97,
            "eps_latest_yearly": 6.04,
            "eps_growth_yearly": 24.74
        },
        "20131": {
            "year_quarter": 20131,
            "year": 2013,
            "quarter": 1,
            "eps": 1.09,
            "eps_growth_year": 12,
            "eps_4q": 4.66,
            "eps_4q_growth_year": 8.32,
            "roe": 5.55,
            "roe_4q": 24.5,
            "gross_profit": 27832000,
            "gross_margin": 24.63,
            "gross_margin_4q_avg": 24.94,
            "net_income": 3894000,
            "net_income_4q": null,
            "revenue": 113010000,
            "revenue_4q": null,
            "common_shares": 339000,
            "book_valuer_per_share": 14.13,
            "book_valuer_per_share_4q_avg": 13.99,
            "equity": 68964000,
            "current_ratio": 83.04,
            "debt_ratio": 65.01,
            "inventory_turnover_ratio": 2.08,
            "account_receivable_turnover_ratio": 19.64,
            "reinvestment_rate": 24.02,
            "research_to_sale_ratio": null,
            "price_fair": 139.17,
            "eps_avg_yearly": 4.05,
            "eps_latest_yearly": 4.36,
            "eps_growth_yearly": 24.34
        },
        "20132": {
            "year_quarter": 20132,
            "year": 2013,
            "quarter": 2,
            "eps": 1.18,
            "eps_growth_year": 8.36,
            "eps_4q": 4.75,
            "eps_4q_growth_year": 7.43,
            "roe": 5.98,
            "roe_4q": 24.560000000000002,
            "gross_profit": 28639000,
            "gross_margin": 25.06,
            "gross_margin_4q_avg": 24.9,
            "net_income": 4161000,
            "net_income_4q": null,
            "revenue": 114282000,
            "revenue_4q": null,
            "common_shares": 338000,
            "book_valuer_per_share": 14.89,
            "book_valuer_per_share_4q_avg": 14.36,
            "equity": 70278000,
            "current_ratio": 82.35,
            "debt_ratio": 64.08,
            "inventory_turnover_ratio": 2.09,
            "account_receivable_turnover_ratio": 20.89,
            "reinvestment_rate": 26.37,
            "research_to_sale_ratio": null,
            "price_fair": 136.86,
            "eps_avg_yearly": 4.13,
            "eps_latest_yearly": 4.72,
            "eps_growth_yearly": 23.12
        },
        "20133": {
            "year_quarter": 20133,
            "year": 2013,
            "quarter": 3,
            "eps": 1.07,
            "eps_growth_year": 10.75,
            "eps_4q": 4.85,
            "eps_4q_growth_year": 9.27,
            "roe": 5.28,
            "roe_4q": 24.660000000000004,
            "gross_profit": 28330000,
            "gross_margin": 24.89,
            "gross_margin_4q_avg": 24.85,
            "net_income": 3809000,
            "net_income_4q": null,
            "revenue": 113800000,
            "revenue_4q": null,
            "common_shares": 336000,
            "book_valuer_per_share": 15.88,
            "book_valuer_per_share_4q_avg": 14.93,
            "equity": 73891000,
            "current_ratio": 82.54,
            "debt_ratio": 64.1,
            "inventory_turnover_ratio": 1.94,
            "account_receivable_turnover_ratio": 20.82,
            "reinvestment_rate": 29.88,
            "research_to_sale_ratio": null,
            "price_fair": 140.54,
            "eps_avg_yearly": 4.21,
            "eps_latest_yearly": 4.28,
            "eps_growth_yearly": 23.4
        },
        "20134": {
            "year_quarter": 20134,
            "year": 2013,
            "quarter": 4,
            "eps": 1.67,
            "eps_growth_year": 10.44,
            "eps_4q": 5.01,
            "eps_4q_growth_year": 10.34,
            "roe": 7.81,
            "roe_4q": 24.62,
            "gross_profit": 31705000,
            "gross_margin": 24.81,
            "gross_margin_4q_avg": 24.85,
            "net_income": 5863000,
            "net_income_4q": null,
            "revenue": 127776000,
            "revenue_4q": null,
            "common_shares": 332000,
            "book_valuer_per_share": 16.85,
            "book_valuer_per_share_4q_avg": 15.44,
            "equity": 76343000,
            "current_ratio": 83.46,
            "debt_ratio": 62.41,
            "inventory_turnover_ratio": 2.1,
            "account_receivable_turnover_ratio": 20.72,
            "reinvestment_rate": 30.41,
            "research_to_sale_ratio": null,
            "price_fair": 153.48,
            "eps_avg_yearly": 4.39,
            "eps_latest_yearly": 6.68,
            "eps_growth_yearly": 31.25
        },
        "20141": {
            "year_quarter": 20141,
            "year": 2014,
            "quarter": 1,
            "eps": 1.14,
            "eps_growth_year": 4.14,
            "eps_4q": 5.06,
            "eps_4q_growth_year": 8.54,
            "roe": 5.36,
            "roe_4q": 24.43,
            "gross_profit": 28079000,
            "gross_margin": 24.62,
            "gross_margin_4q_avg": 24.85,
            "net_income": 3932000,
            "net_income_4q": null,
            "revenue": 114070000,
            "revenue_4q": null,
            "common_shares": 329000,
            "book_valuer_per_share": 15.37,
            "book_valuer_per_share_4q_avg": 15.75,
            "equity": 70249000,
            "current_ratio": 81.81,
            "debt_ratio": 65.26,
            "inventory_turnover_ratio": 1.98,
            "account_receivable_turnover_ratio": 17.6,
            "reinvestment_rate": 23.71,
            "research_to_sale_ratio": null,
            "price_fair": 156.8,
            "eps_avg_yearly": 4.48,
            "eps_latest_yearly": 4.56,
            "eps_growth_yearly": 28.53
        },
        "20142": {
            "year_quarter": 20142,
            "year": 2014,
            "quarter": 2,
            "eps": 1.23,
            "eps_growth_year": 4.43,
            "eps_4q": 5.11,
            "eps_4q_growth_year": 7.56,
            "roe": 5.93,
            "roe_4q": 24.38,
            "gross_profit": 29410000,
            "gross_margin": 25.17,
            "gross_margin_4q_avg": 24.87,
            "net_income": 4205000,
            "net_income_4q": null,
            "revenue": 116830000,
            "revenue_4q": null,
            "common_shares": 327000,
            "book_valuer_per_share": 16.04,
            "book_valuer_per_share_4q_avg": 16.04,
            "equity": 71661000,
            "current_ratio": 83.09,
            "debt_ratio": 64.34,
            "inventory_turnover_ratio": 2.03,
            "account_receivable_turnover_ratio": 19.17,
            "reinvestment_rate": 21.36,
            "research_to_sale_ratio": null,
            "price_fair": 159.78,
            "eps_avg_yearly": 4.57,
            "eps_latest_yearly": 4.92,
            "eps_growth_yearly": 26.22
        },
        "20143": {
            "year_quarter": 20143,
            "year": 2014,
            "quarter": 3,
            "eps": 1.14,
            "eps_growth_year": 6.27,
            "eps_4q": 5.18,
            "eps_4q_growth_year": 6.64,
            "roe": 5.34,
            "roe_4q": 24.439999999999998,
            "gross_profit": 29001000,
            "gross_margin": 25.07,
            "gross_margin_4q_avg": 24.92,
            "net_income": 3870000,
            "net_income_4q": null,
            "revenue": 115688000,
            "revenue_4q": null,
            "common_shares": 324000,
            "book_valuer_per_share": 16.55,
            "book_valuer_per_share_4q_avg": 16.2,
            "equity": 73393000,
            "current_ratio": 87.17,
            "debt_ratio": 65.03,
            "inventory_turnover_ratio": 1.88,
            "account_receivable_turnover_ratio": 18.96,
            "reinvestment_rate": 21.37,
            "research_to_sale_ratio": null,
            "price_fair": 162.58,
            "eps_avg_yearly": 4.65,
            "eps_latest_yearly": 4.56,
            "eps_growth_yearly": 26.36
        },
        "20144": {
            "year_quarter": 20144,
            "year": 2014,
            "quarter": 4,
            "eps": 1.33,
            "eps_growth_year": -20.22,
            "eps_4q": 4.84,
            "eps_4q_growth_year": -3.44,
            "roe": 6.07,
            "roe_4q": 22.7,
            "gross_profit": 31735000,
            "gross_margin": 24.47,
            "gross_margin_4q_avg": 24.83,
            "net_income": 4544000,
            "net_income_4q": null,
            "revenue": 129706000,
            "revenue_4q": null,
            "common_shares": 323000,
            "book_valuer_per_share": 17.55,
            "book_valuer_per_share_4q_avg": 16.38,
            "equity": 76255000,
            "current_ratio": 88.23,
            "debt_ratio": 62.76,
            "inventory_turnover_ratio": 2.07,
            "account_receivable_turnover_ratio": 20.14,
            "reinvestment_rate": 21.58,
            "research_to_sale_ratio": null,
            "price_fair": 118.99,
            "eps_avg_yearly": 4.65,
            "eps_latest_yearly": 5.32,
            "eps_growth_yearly": 15.59
        },
        "20151": {
            "year_quarter": 20151,
            "year": 2015,
            "quarter": 1,
            "eps": 1.1,
            "eps_growth_year": -3.07,
            "eps_4q": 4.8,
            "eps_4q_growth_year": -4.99,
            "roe": 4.97,
            "roe_4q": 22.31,
            "gross_profit": 28246000,
            "gross_margin": 24.57,
            "gross_margin_4q_avg": 24.82,
            "net_income": 3711000,
            "net_income_4q": null,
            "revenue": 114960000,
            "revenue_4q": null,
            "common_shares": 323000,
            "book_valuer_per_share": 16.59,
            "book_valuer_per_share_4q_avg": 16.68,
            "equity": 73088000,
            "current_ratio": 87.88,
            "debt_ratio": 63.91,
            "inventory_turnover_ratio": 1.92,
            "account_receivable_turnover_ratio": 18,
            "reinvestment_rate": 19.85,
            "research_to_sale_ratio": null,
            "price_fair": 139.64,
            "eps_avg_yearly": 4.71,
            "eps_latest_yearly": 4.4,
            "eps_growth_yearly": 19.66
        },
        "20152": {
            "year_quarter": 20152,
            "year": 2015,
            "quarter": 2,
            "eps": 1.21,
            "eps_growth_year": -1.93,
            "eps_4q": 4.78,
            "eps_4q_growth_year": -6.43,
            "roe": 5.42,
            "roe_4q": 21.8,
            "gross_profit": 30115000,
            "gross_margin": 25.07,
            "gross_margin_4q_avg": 24.8,
            "net_income": 4089000,
            "net_income_4q": null,
            "revenue": 120125000,
            "revenue_4q": null,
            "common_shares": 323000,
            "book_valuer_per_share": 17.97,
            "book_valuer_per_share_4q_avg": 17.17,
            "equity": 77746000,
            "current_ratio": 88.8,
            "debt_ratio": 61.89,
            "inventory_turnover_ratio": 1.98,
            "account_receivable_turnover_ratio": 19.63,
            "reinvestment_rate": 17.4,
            "research_to_sale_ratio": null,
            "price_fair": 139.64,
            "eps_avg_yearly": 4.77,
            "eps_latest_yearly": 4.84,
            "eps_growth_yearly": 19.29
        },
        "20153": {
            "year_quarter": 20153,
            "year": 2015,
            "quarter": 3,
            "eps": 1.15,
            "eps_growth_year": 0.63,
            "eps_4q": 4.79,
            "eps_4q_growth_year": -7.51,
            "roe": 4.88,
            "roe_4q": 21.34,
            "gross_profit": 29754000,
            "gross_margin": 25,
            "gross_margin_4q_avg": 24.78,
            "net_income": 3826000,
            "net_income_4q": null,
            "revenue": 119001000,
            "revenue_4q": null,
            "common_shares": 323000,
            "book_valuer_per_share": 18.66,
            "book_valuer_per_share_4q_avg": 17.69,
            "equity": 79109000,
            "current_ratio": 92.01,
            "debt_ratio": 61.95,
            "inventory_turnover_ratio": 1.84,
            "account_receivable_turnover_ratio": 19.45,
            "reinvestment_rate": 13.69,
            "research_to_sale_ratio": null,
            "price_fair": 137.61,
            "eps_avg_yearly": 4.82,
            "eps_latest_yearly": 4.6,
            "eps_growth_yearly": 18.57
        },
        "20154": {
            "year_quarter": 20154,
            "year": 2015,
            "quarter": 4,
            "eps": 1.53,
            "eps_growth_year": 15.18,
            "eps_4q": 4.99,
            "eps_4q_growth_year": 3.1,
            "roe": 6.46,
            "roe_4q": 21.729999999999997,
            "gross_profit": 32450000,
            "gross_margin": 24.66,
            "gross_margin_4q_avg": 24.83,
            "net_income": 5188000,
            "net_income_4q": null,
            "revenue": 131565000,
            "revenue_4q": null,
            "common_shares": 323000,
            "book_valuer_per_share": 19.61,
            "book_valuer_per_share_4q_avg": 18.21,
            "equity": 81394000,
            "current_ratio": 96.97,
            "debt_ratio": 60,
            "inventory_turnover_ratio": 2.05,
            "account_receivable_turnover_ratio": 20.45,
            "reinvestment_rate": 10.69,
            "research_to_sale_ratio": null,
            "price_fair": 119.83,
            "eps_avg_yearly": 4.85,
            "eps_latest_yearly": 6.12,
            "eps_growth_yearly": 14.72
        },
        "20161": {
            "year_quarter": 20161,
            "year": 2016,
            "quarter": 1,
            "eps": 1.03,
            "eps_growth_year": -6.58,
            "eps_4q": 4.92,
            "eps_4q_growth_year": 2.34,
            "roe": 4.16,
            "roe_4q": 20.92,
            "gross_profit": 28343000,
            "gross_margin": 24.68,
            "gross_margin_4q_avg": 24.85,
            "net_income": 3283000,
            "net_income_4q": null,
            "revenue": 114826000,
            "revenue_4q": null,
            "common_shares": 323000,
            "book_valuer_per_share": 18.3,
            "book_valuer_per_share_4q_avg": 18.64,
            "equity": 76574000,
            "current_ratio": 89.24,
            "debt_ratio": 61.86,
            "inventory_turnover_ratio": 1.89,
            "account_receivable_turnover_ratio": 18.24,
            "reinvestment_rate": 5.87,
            "research_to_sale_ratio": null,
            "price_fair": 117.49,
            "eps_avg_yearly": 4.86,
            "eps_latest_yearly": 4.12,
            "eps_growth_yearly": 14.18
        },
        "20162": {
            "year_quarter": 20162,
            "year": 2016,
            "quarter": 2,
            "eps": 1.08,
            "eps_growth_year": -11.15,
            "eps_4q": 4.78,
            "eps_4q_growth_year": 0.03,
            "roe": 4.68,
            "roe_4q": 20.18,
            "gross_profit": 30173000,
            "gross_margin": 25.1,
            "gross_margin_4q_avg": 24.86,
            "net_income": 3635000,
            "net_income_4q": null,
            "revenue": 120229000,
            "revenue_4q": null,
            "common_shares": 321000,
            "book_valuer_per_share": 19,
            "book_valuer_per_share_4q_avg": 18.89,
            "equity": 78871000,
            "current_ratio": 89.07,
            "debt_ratio": 60.29,
            "inventory_turnover_ratio": 1.97,
            "account_receivable_turnover_ratio": 21.69,
            "reinvestment_rate": 8.8,
            "research_to_sale_ratio": null,
            "price_fair": 109.69,
            "eps_avg_yearly": 4.86,
            "eps_latest_yearly": 4.32,
            "eps_growth_yearly": 12.58
        },
        "20163": {
            "year_quarter": 20163,
            "year": 2016,
            "quarter": 3,
            "eps": 1.03,
            "eps_growth_year": -10.39,
            "eps_4q": 4.66,
            "eps_4q_growth_year": -2.6,
            "roe": 4.31,
            "roe_4q": 19.61,
            "gross_profit": 29962000,
            "gross_margin": 25.52,
            "gross_margin_4q_avg": 24.99,
            "net_income": 3414000,
            "net_income_4q": null,
            "revenue": 117408000,
            "revenue_4q": null,
            "common_shares": 321000,
            "book_valuer_per_share": 19.48,
            "book_valuer_per_share_4q_avg": 19.1,
            "equity": 79571000,
            "current_ratio": 92.37,
            "debt_ratio": 61.21,
            "inventory_turnover_ratio": 1.83,
            "account_receivable_turnover_ratio": 22.83,
            "reinvestment_rate": 6.68,
            "research_to_sale_ratio": null,
            "price_fair": 117.8,
            "eps_avg_yearly": 4.87,
            "eps_latest_yearly": 4.12,
            "eps_growth_yearly": 14.18
        },
        "20164": {
            "year_quarter": 20164,
            "year": 2016,
            "quarter": 4,
            "eps": 1.44,
            "eps_growth_year": -5.92,
            "eps_4q": 4.57,
            "eps_4q_growth_year": -8.36,
            "roe": 5.93,
            "roe_4q": 19.08,
            "gross_profit": 32668000,
            "gross_margin": 25.19,
            "gross_margin_4q_avg": 25.12,
            "net_income": 4748000,
            "net_income_4q": null,
            "revenue": 129667000,
            "revenue_4q": null,
            "common_shares": 317000,
            "book_valuer_per_share": 20.19,
            "book_valuer_per_share_4q_avg": 19.24,
            "equity": 80546000,
            "current_ratio": 93.22,
            "debt_ratio": 59.64,
            "inventory_turnover_ratio": 2.04,
            "account_receivable_turnover_ratio": 24.38,
            "reinvestment_rate": 4.44,
            "research_to_sale_ratio": null,
            "price_fair": 98.13,
            "eps_avg_yearly": 4.86,
            "eps_latest_yearly": 5.76,
            "eps_growth_yearly": 10.21
        },
        "20171": {
            "year_quarter": 20171,
            "year": 2017,
            "quarter": 1,
            "eps": 0.98,
            "eps_growth_year": -5.24,
            "eps_4q": 4.52,
            "eps_4q_growth_year": -8.1,
            "roe": 4.13,
            "roe_4q": 19.049999999999997,
            "gross_profit": 29360000,
            "gross_margin": 25.33,
            "gross_margin_4q_avg": 25.29,
            "net_income": 3216000,
            "net_income_4q": null,
            "revenue": 115904000,
            "revenue_4q": null,
            "common_shares": 313000,
            "book_valuer_per_share": 18.7,
            "book_valuer_per_share_4q_avg": 19.34,
            "equity": 75183000,
            "current_ratio": 84.09,
            "debt_ratio": 62.16,
            "inventory_turnover_ratio": 1.95,
            "account_receivable_turnover_ratio": 21.44,
            "reinvestment_rate": 4.19,
            "research_to_sale_ratio": null,
            "price_fair": 92.59,
            "eps_avg_yearly": 4.83,
            "eps_latest_yearly": 3.92,
            "eps_growth_yearly": 9.18
        },
        "20172": {
            "year_quarter": 20172,
            "year": 2017,
            "quarter": 2,
            "eps": 1.21,
            "eps_growth_year": 12.47,
            "eps_4q": 4.65,
            "eps_4q_growth_year": -2.71,
            "roe": 5.13,
            "roe_4q": 19.5,
            "gross_profit": 31369000,
            "gross_margin": 25.96,
            "gross_margin_4q_avg": 25.5,
            "net_income": 3889000,
            "net_income_4q": null,
            "revenue": 120854000,
            "revenue_4q": null,
            "common_shares": 310000,
            "book_valuer_per_share": 19.43,
            "book_valuer_per_share_4q_avg": 19.45,
            "equity": 76525000,
            "current_ratio": 85.48,
            "debt_ratio": 61.33,
            "inventory_turnover_ratio": 2.03,
            "account_receivable_turnover_ratio": 23.1,
            "reinvestment_rate": 0.23,
            "research_to_sale_ratio": null,
            "price_fair": 111.12,
            "eps_avg_yearly": 4.84,
            "eps_latest_yearly": 4.84,
            "eps_growth_yearly": 12.98
        },
        "20173": {
            "year_quarter": 20173,
            "year": 2017,
            "quarter": 3,
            "eps": 0.98,
            "eps_growth_year": -4.65,
            "eps_4q": 4.61,
            "eps_4q_growth_year": -1.25,
            "roe": 4.15,
            "roe_4q": 19.34,
            "gross_profit": 30695000,
            "gross_margin": 25.97,
            "gross_margin_4q_avg": 25.61,
            "net_income": 3202000,
            "net_income_4q": null,
            "revenue": 118179000,
            "revenue_4q": null,
            "common_shares": 308000,
            "book_valuer_per_share": 19.45,
            "book_valuer_per_share_4q_avg": 19.44,
            "equity": 77693000,
            "current_ratio": 85.53,
            "debt_ratio": 62.44,
            "inventory_turnover_ratio": 1.88,
            "account_receivable_turnover_ratio": 22.26,
            "reinvestment_rate": -2.38,
            "research_to_sale_ratio": null,
            "price_fair": 98.95,
            "eps_avg_yearly": 4.81,
            "eps_latest_yearly": 3.92,
            "eps_growth_yearly": 10.56
        },
        "20174": {
            "year_quarter": 20174,
            "year": 2017,
            "quarter": 4,
            "eps": 1.22,
            "eps_growth_year": -15.31,
            "eps_4q": 4.38,
            "eps_4q_growth_year": -4.12,
            "roe": 5.13,
            "roe_4q": 18.54,
            "gross_profit": 33193000,
            "gross_margin": 25.35,
            "gross_margin_4q_avg": 25.65,
            "net_income": 3986000,
            "net_income_4q": null,
            "revenue": 130936000,
            "revenue_4q": null,
            "common_shares": 305000,
            "book_valuer_per_share": 19.93,
            "book_valuer_per_share_4q_avg": 19.38,
            "equity": 77798000,
            "current_ratio": 86.2,
            "debt_ratio": 60.87,
            "inventory_turnover_ratio": 2.1,
            "account_receivable_turnover_ratio": 23.43,
            "reinvestment_rate": -3.46,
            "research_to_sale_ratio": null,
            "price_fair": 59.52,
            "eps_avg_yearly": 4.7,
            "eps_latest_yearly": 4.88,
            "eps_growth_yearly": 2.66
        },
        "20181": {
            "year_quarter": 20181,
            "year": 2018,
            "quarter": 1,
            "eps": 1,
            "eps_growth_year": 2.17,
            "eps_4q": 4.41,
            "eps_4q_growth_year": -2.5,
            "roe": 4.16,
            "roe_4q": 18.57,
            "gross_profit": 29854000,
            "gross_margin": 25.4,
            "gross_margin_4q_avg": 25.67,
            "net_income": 3152000,
            "net_income_4q": null,
            "revenue": 117542000,
            "revenue_4q": null,
            "common_shares": 302000,
            "book_valuer_per_share": 18.56,
            "book_valuer_per_share_4q_avg": 19.34,
            "equity": 73691000,
            "current_ratio": 77.28,
            "debt_ratio": 63.1,
            "inventory_turnover_ratio": 2.03,
            "account_receivable_turnover_ratio": 21.2,
            "reinvestment_rate": -2.84,
            "research_to_sale_ratio": null,
            "price_fair": 75.06,
            "eps_avg_yearly": 4.67,
            "eps_latest_yearly": 4,
            "eps_growth_yearly": 6.09
        },
        "20182": {
            "year_quarter": 20182,
            "year": 2018,
            "quarter": 2,
            "eps": 1.14,
            "eps_growth_year": -6.14,
            "eps_4q": 4.33,
            "eps_4q_growth_year": -6.91,
            "roe": 4.14,
            "roe_4q": 17.58,
            "gross_profit": 31834000,
            "gross_margin": 25.81,
            "gross_margin_4q_avg": 25.63,
            "net_income": 3104000,
            "net_income_4q": null,
            "revenue": 123355000,
            "revenue_4q": null,
            "common_shares": 299000,
            "book_valuer_per_share": 19.5,
            "book_valuer_per_share_4q_avg": 19.36,
            "equity": 76389000,
            "current_ratio": 77.96,
            "debt_ratio": 62.1,
            "inventory_turnover_ratio": 2.11,
            "account_receivable_turnover_ratio": 23.17,
            "reinvestment_rate": -2.96,
            "research_to_sale_ratio": null,
            "price_fair": 81.78,
            "eps_avg_yearly": 4.64,
            "eps_latest_yearly": 4.56,
            "eps_growth_yearly": 7.62
        },
        "20183": {
            "year_quarter": 20183,
            "year": 2018,
            "quarter": 3,
            "eps": 0.88,
            "eps_growth_year": -10.04,
            "eps_4q": 4.23,
            "eps_4q_growth_year": -8.08,
            "roe": 2.5,
            "roe_4q": 15.93,
            "gross_profit": 31632000,
            "gross_margin": 25.68,
            "gross_margin_4q_avg": 25.56,
            "net_income": 1904000,
            "net_income_4q": null,
            "revenue": 123179000,
            "revenue_4q": null,
            "common_shares": 297000,
            "book_valuer_per_share": 19.52,
            "book_valuer_per_share_4q_avg": 19.38,
            "equity": 76145000,
            "current_ratio": 81.27,
            "debt_ratio": 63.64,
            "inventory_turnover_ratio": 1.96,
            "account_receivable_turnover_ratio": 21.88,
            "reinvestment_rate": -4.26,
            "research_to_sale_ratio": null,
            "price_fair": 62.91,
            "eps_avg_yearly": 4.58,
            "eps_latest_yearly": 3.52,
            "eps_growth_yearly": 3.74
        },
        "20184": {
            "year_quarter": 20184,
            "year": 2018,
            "quarter": 4,
            "eps": 0.91,
            "eps_growth_year": -25.45,
            "eps_4q": 3.92,
            "eps_4q_growth_year": -10.53,
            "roe": 2.81,
            "roe_4q": 13.61,
            "gross_profit": 33627000,
            "gross_margin": 24.68,
            "gross_margin_4q_avg": 25.39,
            "net_income": 2163000,
            "net_income_4q": null,
            "revenue": 136267000,
            "revenue_4q": null,
            "common_shares": 295000,
            "book_valuer_per_share": 20.2,
            "book_valuer_per_share_4q_avg": 19.45,
            "equity": 77869000,
            "current_ratio": 75.98,
            "debt_ratio": 61.93,
            "inventory_turnover_ratio": 2.19,
            "account_receivable_turnover_ratio": 23.74,
            "reinvestment_rate": -4.8,
            "research_to_sale_ratio": null,
            "price_fair": 44.73,
            "eps_avg_yearly": 4.47,
            "eps_latest_yearly": 3.64,
            "eps_growth_yearly": 0.43
        },
        "20191": {
            "year_quarter": 20191,
            "year": 2019,
            "quarter": 1,
            "eps": 0.67,
            "eps_growth_year": -32.68,
            "eps_4q": 3.6,
            "eps_4q_growth_year": -18.36,
            "roe": 2.78,
            "roe_4q": 12.23,
            "gross_profit": 30983000,
            "gross_margin": 25.25,
            "gross_margin_4q_avg": 25.36,
            "net_income": 2134000,
            "net_income_4q": null,
            "revenue": 122690000,
            "revenue_4q": null,
            "common_shares": 294000,
            "book_valuer_per_share": 19.21,
            "book_valuer_per_share_4q_avg": 19.61,
            "equity": 75552000,
            "current_ratio": 73.36,
            "debt_ratio": 63.13,
            "inventory_turnover_ratio": 2.11,
            "account_receivable_turnover_ratio": 24.1,
            "reinvestment_rate": -6.85,
            "research_to_sale_ratio": null,
            "price_fair": 13.1,
            "eps_avg_yearly": 4.37,
            "eps_latest_yearly": 2.68,
            "eps_growth_yearly": -1.84
        },
        "20192": {
            "year_quarter": 20192,
            "year": 2019,
            "quarter": 2,
            "eps": 0.81,
            "eps_growth_year": -28.79,
            "eps_4q": 3.27,
            "eps_4q_growth_year": -24.51,
            "roe": -0.82,
            "roe_4q": 7.27,
            "gross_profit": 32457000,
            "gross_margin": 25.35,
            "gross_margin_4q_avg": 25.24,
            "net_income": -604000,
            "net_income_4q": null,
            "revenue": 128028000,
            "revenue_4q": null,
            "common_shares": 294000,
            "book_valuer_per_share": 18.18,
            "book_valuer_per_share_4q_avg": 19.28,
            "equity": 71185000,
            "current_ratio": 92.59,
            "debt_ratio": 65.45,
            "inventory_turnover_ratio": 2.24,
            "account_receivable_turnover_ratio": 26.76,
            "reinvestment_rate": -12.32,
            "research_to_sale_ratio": null,
            "price_fair": 42.65,
            "eps_avg_yearly": 4.27,
            "eps_latest_yearly": 3.24,
            "eps_growth_yearly": 0.88
        },
        "20193": {
            "year_quarter": 20193,
            "year": 2019,
            "quarter": 3,
            "eps": 0.57,
            "eps_growth_year": -35.78,
            "eps_4q": 2.95,
            "eps_4q_growth_year": -30.2,
            "roe": 2.47,
            "roe_4q": 7.24,
            "gross_profit": 31778000,
            "gross_margin": 25.44,
            "gross_margin_4q_avg": 25.18,
            "net_income": 1770000,
            "net_income_4q": null,
            "revenue": 124894000,
            "revenue_4q": null,
            "common_shares": 291000,
            "book_valuer_per_share": 14.06,
            "book_valuer_per_share_4q_avg": 17.91,
            "equity": 71996000,
            "current_ratio": 80.99,
            "debt_ratio": 68.23,
            "inventory_turnover_ratio": 2.02,
            "account_receivable_turnover_ratio": 23.16,
            "reinvestment_rate": -10.51,
            "research_to_sale_ratio": null,
            "price_fair": 12.36,
            "eps_avg_yearly": 4.12,
            "eps_latest_yearly": 2.28,
            "eps_growth_yearly": -5.28
        },
        "20194": {
            "year_quarter": 20194,
            "year": 2019,
            "quarter": 4,
            "eps": 1.44,
            "eps_growth_year": 58.39,
            "eps_4q": 3.49,
            "eps_4q_growth_year": -11.13,
            "roe": 5.98,
            "roe_4q": 10.41,
            "gross_profit": 33886000,
            "gross_margin": 24.41,
            "gross_margin_4q_avg": 25.11,
            "net_income": 4321000,
            "net_income_4q": null,
            "revenue": 138793000,
            "revenue_4q": null,
            "common_shares": 288000,
            "book_valuer_per_share": 14.36,
            "book_valuer_per_share_4q_avg": 16.45,
            "equity": 72496000,
            "current_ratio": 79.89,
            "debt_ratio": 66.94,
            "inventory_turnover_ratio": 2.22,
            "account_receivable_turnover_ratio": 23,
            "reinvestment_rate": -8.66,
            "research_to_sale_ratio": null,
            "price_fair": 141.83,
            "eps_avg_yearly": 4.1,
            "eps_latest_yearly": 5.76,
            "eps_growth_yearly": 24.61
        },
        "20201": {
            "year_quarter": 20201,
            "year": 2020,
            "quarter": 1,
            "eps": 1.33,
            "eps_growth_year": 98.28,
            "eps_4q": 4.15,
            "eps_4q_growth_year": 15.27,
            "roe": 5.55,
            "roe_4q": 13.180000000000001,
            "gross_profit": 30891000,
            "gross_margin": 24.93,
            "gross_margin_4q_avg": 25.03,
            "net_income": 3906000,
            "net_income_4q": null,
            "revenue": 123925000,
            "revenue_4q": null,
            "common_shares": 286000,
            "book_valuer_per_share": 12.85,
            "book_valuer_per_share_4q_avg": 14.86,
            "equity": 68205000,
            "current_ratio": 77.28,
            "debt_ratio": 70.92,
            "inventory_turnover_ratio": 2.09,
            "account_receivable_turnover_ratio": 21.32,
            "reinvestment_rate": 17.37,
            "research_to_sale_ratio": null,
            "price_fair": 146.04,
            "eps_avg_yearly": 4.17,
            "eps_latest_yearly": 5.32,
            "eps_growth_yearly": 30.87
        },
        "20202": {
            "year_quarter": 20202,
            "year": 2020,
            "quarter": 2,
            "eps": 1.26,
            "eps_growth_year": 55.62,
            "eps_4q": 4.6,
            "eps_4q_growth_year": 40.54,
            "roe": 5.31,
            "roe_4q": 19.31,
            "gross_profit": 32454000,
            "gross_margin": 24.89,
            "gross_margin_4q_avg": 24.92,
            "net_income": 3680000,
            "net_income_4q": null,
            "revenue": 130377000,
            "revenue_4q": null,
            "common_shares": 285000,
            "book_valuer_per_share": 13.65,
            "book_valuer_per_share_4q_avg": 13.73,
            "equity": 70327000,
            "current_ratio": 76.44,
            "debt_ratio": 70.06,
            "inventory_turnover_ratio": 2.2,
            "account_receivable_turnover_ratio": 24.31,
            "reinvestment_rate": 17.73,
            "research_to_sale_ratio": null,
            "price_fair": 147.61,
            "eps_avg_yearly": 4.22,
            "eps_latest_yearly": 5.04,
            "eps_growth_yearly": 28.34
        },
        "20203": {
            "year_quarter": 20203,
            "year": 2020,
            "quarter": 3,
            "eps": 1.23,
            "eps_growth_year": 117.33,
            "eps_4q": 5.26,
            "eps_4q_growth_year": 77.97,
            "roe": 4.68,
            "roe_4q": 21.52,
            "gross_profit": 32091000,
            "gross_margin": 25.07,
            "gross_margin_4q_avg": 24.83,
            "net_income": 3321000,
            "net_income_4q": null,
            "revenue": 127991000,
            "revenue_4q": null,
            "common_shares": 284000,
            "book_valuer_per_share": 14.42,
            "book_valuer_per_share_4q_avg": 13.82,
            "equity": 71649000,
            "current_ratio": 81.06,
            "debt_ratio": 70.13,
            "inventory_turnover_ratio": 2,
            "account_receivable_turnover_ratio": 23.28,
            "reinvestment_rate": 17.8,
            "research_to_sale_ratio": null,
            "price_fair": 149.36,
            "eps_avg_yearly": 4.27,
            "eps_latest_yearly": 4.92,
            "eps_growth_yearly": 28.91
        },
        "20204": {
            "year_quarter": 20204,
            "year": 2020,
            "quarter": 4,
            "eps": 1.48,
            "eps_growth_year": 2.49,
            "eps_4q": 5.29,
            "eps_4q_growth_year": 51.89,
            "roe": 5.87,
            "roe_4q": 21.41,
            "gross_profit": 33923000,
            "gross_margin": 23.94,
            "gross_margin_4q_avg": 24.71,
            "net_income": 4294000,
            "net_income_4q": null,
            "revenue": 141671000,
            "revenue_4q": null,
            "common_shares": 284000,
            "book_valuer_per_share": 15.39,
            "book_valuer_per_share_4q_avg": 14.08,
            "equity": 74669000,
            "current_ratio": 79.45,
            "debt_ratio": 68.43,
            "inventory_turnover_ratio": 2.25,
            "account_receivable_turnover_ratio": 23.82,
            "reinvestment_rate": 21.29,
            "research_to_sale_ratio": null,
            "price_fair": 145.59,
            "eps_avg_yearly": 4.28,
            "eps_latest_yearly": 5.92,
            "eps_growth_yearly": 24.04
        },
        "20211": {
            "year_quarter": 20211,
            "year": 2021,
            "quarter": 1,
            "eps": 1.64,
            "eps_growth_year": 23.12,
            "eps_4q": 5.6,
            "eps_4q_growth_year": 35.14,
            "roe": 5.7,
            "roe_4q": 21.56,
            "gross_profit": 32596000,
            "gross_margin": 24.21,
            "gross_margin_4q_avg": 24.53,
            "net_income": 4074000,
            "net_income_4q": null,
            "revenue": 134622000,
            "revenue_4q": null,
            "common_shares": 284000,
            "book_valuer_per_share": 13.71,
            "book_valuer_per_share_4q_avg": 14.29,
            "equity": 68240000,
            "current_ratio": 76.62,
            "debt_ratio": 70.7,
            "inventory_turnover_ratio": 2.38,
            "account_receivable_turnover_ratio": 23.8,
            "reinvestment_rate": 15.81,
            "research_to_sale_ratio": null,
            "price_fair": 155.49,
            "eps_avg_yearly": 4.44,
            "eps_latest_yearly": 6.56,
            "eps_growth_yearly": 34.72
        },
        "20212": {
            "year_quarter": 20212,
            "year": 2021,
            "quarter": 2,
            "eps": 2.77,
            "eps_growth_year": 120.2,
            "eps_4q": 7.12,
            "eps_4q_growth_year": 54.82,
            "roe": 8.97,
            "roe_4q": 25.220000000000002,
            "gross_profit": 35053000,
            "gross_margin": 25.45,
            "gross_margin_4q_avg": 24.67,
            "net_income": 6439000,
            "net_income_4q": null,
            "revenue": 137742000,
            "revenue_4q": null,
            "common_shares": 283000,
            "book_valuer_per_share": 16.15,
            "book_valuer_per_share_4q_avg": 14.92,
            "equity": 75310000,
            "current_ratio": 79.31,
            "debt_ratio": 68.27,
            "inventory_turnover_ratio": 2.5,
            "account_receivable_turnover_ratio": 27.17,
            "reinvestment_rate": 14.79,
            "research_to_sale_ratio": null,
            "price_fair": 169.14,
            "eps_avg_yearly": 4.83,
            "eps_latest_yearly": 11.08,
            "eps_growth_yearly": 46.08
        },
        "20213": {
            "year_quarter": 20213,
            "year": 2021,
            "quarter": 3,
            "eps": 2.21,
            "eps_growth_year": 80.08,
            "eps_4q": 8.1,
            "eps_4q_growth_year": 54,
            "roe": 6.64,
            "roe_4q": 27.18,
            "gross_profit": 34369000,
            "gross_margin": 25.51,
            "gross_margin_4q_avg": 24.78,
            "net_income": 5201000,
            "net_income_4q": null,
            "revenue": 134708000,
            "revenue_4q": null,
            "common_shares": 283000,
            "book_valuer_per_share": 18.08,
            "book_valuer_per_share_4q_avg": 15.83,
            "equity": 81431000,
            "current_ratio": 83.52,
            "debt_ratio": 67.54,
            "inventory_turnover_ratio": 2.16,
            "account_receivable_turnover_ratio": 24.76,
            "reinvestment_rate": 18.49,
            "research_to_sale_ratio": null,
            "price_fair": 179.9,
            "eps_avg_yearly": 5.14,
            "eps_latest_yearly": 8.84,
            "eps_growth_yearly": 45.78
        },
        "20214": {
            "year_quarter": 20214,
            "year": 2021,
            "quarter": 4,
            "eps": 1.19,
            "eps_growth_year": -19.31,
            "eps_4q": 7.81,
            "eps_4q_growth_year": 47.58,
            "roe": -2.47,
            "roe_4q": 18.84,
            "gross_profit": 36818000,
            "gross_margin": 24.21,
            "gross_margin_4q_avg": 24.85,
            "net_income": -2008000,
            "net_income_4q": null,
            "revenue": 152079000,
            "revenue_4q": null,
            "common_shares": 282000,
            "book_valuer_per_share": 18.41,
            "book_valuer_per_share_4q_avg": 16.59,
            "equity": 80925000,
            "current_ratio": 97.22,
            "debt_ratio": 67.95,
            "inventory_turnover_ratio": 2.38,
            "account_receivable_turnover_ratio": 24.76,
            "reinvestment_rate": -8.9,
            "research_to_sale_ratio": null,
            "price_fair": 179.64,
            "eps_avg_yearly": 5.13,
            "eps_latest_yearly": 4.76,
            "eps_growth_yearly": 28.12
        },
        "20221": {
            "year_quarter": 20221,
            "year": 2022,
            "quarter": 1,
            "eps": 1.3,
            "eps_growth_year": -20.62,
            "eps_4q": 7.48,
            "eps_4q_growth_year": 33.44,
            "roe": 3.53,
            "roe_4q": 16.67,
            "gross_profit": 35038000,
            "gross_margin": 25.33,
            "gross_margin_4q_avg": 25.13,
            "net_income": 2811000,
            "net_income_4q": null,
            "revenue": 138310000,
            "revenue_4q": null,
            "common_shares": 280000,
            "book_valuer_per_share": 17.63,
            "book_valuer_per_share_4q_avg": 17.57,
            "equity": 78335000,
            "current_ratio": 94.74,
            "debt_ratio": 66.89,
            "inventory_turnover_ratio": 2.26,
            "account_receivable_turnover_ratio": 22.47,
            "reinvestment_rate": -13.97,
            "research_to_sale_ratio": null,
            "price_fair": 182.26,
            "eps_avg_yearly": 5.21,
            "eps_latest_yearly": 5.2,
            "eps_growth_yearly": 34.94
        },
        "20222": {
            "year_quarter": 20222,
            "year": 2022,
            "quarter": 2,
            "eps": 1.84,
            "eps_growth_year": -33.77,
            "eps_4q": 6.54,
            "eps_4q_growth_year": -8.08,
            "roe": 5.49,
            "roe_4q": 13.189999999999998,
            "gross_profit": 35865000,
            "gross_margin": 25.43,
            "gross_margin_4q_avg": 25.12,
            "net_income": 4364000,
            "net_income_4q": null,
            "revenue": 141048000,
            "revenue_4q": null,
            "common_shares": 278000,
            "book_valuer_per_share": 18.41,
            "book_valuer_per_share_4q_avg": 18.13,
            "equity": 80529000,
            "current_ratio": 96.45,
            "debt_ratio": 66.24,
            "inventory_turnover_ratio": 2.23,
            "account_receivable_turnover_ratio": 23.71,
            "reinvestment_rate": -11.56,
            "research_to_sale_ratio": null,
            "price_fair": 188.39,
            "eps_avg_yearly": 5.38,
            "eps_latest_yearly": 7.36,
            "eps_growth_yearly": 41.82
        },
        "20223": {
            "year_quarter": 20223,
            "year": 2022,
            "quarter": 3,
            "eps": 1.81,
            "eps_growth_year": -17.99,
            "eps_4q": 6.14,
            "eps_4q_growth_year": -24.16,
            "roe": 3.85,
            "roe_4q": 10.399999999999999,
            "gross_profit": 35502000,
            "gross_margin": 25.26,
            "gross_margin_4q_avg": 25.06,
            "net_income": 3132000,
            "net_income_4q": null,
            "revenue": 140525000,
            "revenue_4q": null,
            "common_shares": 277000,
            "book_valuer_per_share": 19.2,
            "book_valuer_per_share_4q_avg": 18.41,
            "equity": 82274000,
            "current_ratio": 94.69,
            "debt_ratio": 66.4,
            "inventory_turnover_ratio": 2,
            "account_receivable_turnover_ratio": 20.89,
            "reinvestment_rate": -8.9,
            "research_to_sale_ratio": null,
            "price_fair": 196.53,
            "eps_avg_yearly": 5.62,
            "eps_latest_yearly": 7.24,
            "eps_growth_yearly": 47.12
        },
        "20224": {
            "year_quarter": 20224,
            "year": 2022,
            "quarter": 4,
            "eps": 1.42,
            "eps_growth_year": 18.98,
            "eps_4q": 6.37,
            "eps_4q_growth_year": -18.5,
            "roe": 4.39,
            "roe_4q": 17.26,
            "gross_profit": 37349000,
            "gross_margin": 24.43,
            "gross_margin_4q_avg": 25.11,
            "net_income": 3633000,
            "net_income_4q": null,
            "revenue": 152871000,
            "revenue_4q": null,
            "common_shares": 276000,
            "book_valuer_per_share": 19.64,
            "book_valuer_per_share_4q_avg": 18.72,
            "equity": 83253000,
            "current_ratio": 92.78,
            "debt_ratio": 66,
            "inventory_turnover_ratio": 2.03,
            "account_receivable_turnover_ratio": 19.56,
            "reinvestment_rate": -4.2,
            "research_to_sale_ratio": null,
            "price_fair": 200.99,
            "eps_avg_yearly": 5.74,
            "eps_latest_yearly": 5.68,
            "eps_growth_yearly": 40.88
        },
        "20231": {
            "year_quarter": 20231,
            "year": 2023,
            "quarter": 1,
            "eps": 0.74,
            "eps_growth_year": -42.9,
            "eps_4q": 5.81,
            "eps_4q_growth_year": -22.28,
            "roe": 2.63,
            "roe_4q": 16.36,
            "gross_profit": 34722000,
            "gross_margin": 24.53,
            "gross_margin_4q_avg": 24.91,
            "net_income": 2103000,
            "net_income_4q": null,
            "revenue": 141569000,
            "revenue_4q": null,
            "common_shares": 275000,
            "book_valuer_per_share": 17.27,
            "book_valuer_per_share_4q_avg": 18.63,
            "equity": 76896000,
            "current_ratio": 86.21,
            "debt_ratio": 68.76,
            "inventory_turnover_ratio": 1.81,
            "account_receivable_turnover_ratio": 17.75,
            "reinvestment_rate": 4.26,
            "research_to_sale_ratio": null,
            "price_fair": 201.6,
            "eps_avg_yearly": 5.76,
            "eps_latest_yearly": 2.96,
            "eps_growth_yearly": 35.5
        },
        "20232": {
            "year_quarter": 20232,
            "year": 2023,
            "quarter": 2,
            "eps": 1.82,
            "eps_growth_year": -0.86,
            "eps_4q": 5.79,
            "eps_4q_growth_year": -11.4,
            "roe": 6.66,
            "roe_4q": 17.53,
            "gross_profit": 37021000,
            "gross_margin": 24.22,
            "gross_margin_4q_avg": 24.61,
            "net_income": 5147000,
            "net_income_4q": null,
            "revenue": 152859000,
            "revenue_4q": null,
            "common_shares": 272000,
            "book_valuer_per_share": 17.97,
            "book_valuer_per_share_4q_avg": 18.52,
            "equity": 77569000,
            "current_ratio": 84.25,
            "debt_ratio": 68.62,
            "inventory_turnover_ratio": 1.91,
            "account_receivable_turnover_ratio": 20.12,
            "reinvestment_rate": 5.32,
            "research_to_sale_ratio": null,
            "price_fair": 210.44,
            "eps_avg_yearly": 6.01,
            "eps_latest_yearly": 7.28,
            "eps_growth_yearly": 66.76
        },
        "20233": {
            "year_quarter": 20233,
            "year": 2023,
            "quarter": 3,
            "eps": 0.13,
            "eps_growth_year": -92.95,
            "eps_4q": 4.11,
            "eps_4q_growth_year": -33.13,
            "roe": -2.36,
            "roe_4q": 11.32,
            "gross_profit": 37200000,
            "gross_margin": 24.34,
            "gross_margin_4q_avg": 24.38,
            "net_income": -1767000,
            "net_income_4q": null,
            "revenue": 152813000,
            "revenue_4q": null,
            "common_shares": 270000,
            "book_valuer_per_share": 16.33,
            "book_valuer_per_share_4q_avg": 17.8,
            "equity": 72253000,
            "current_ratio": 86.46,
            "debt_ratio": 70.83,
            "inventory_turnover_ratio": 1.86,
            "account_receivable_turnover_ratio": 19.42,
            "reinvestment_rate": 7.74,
            "research_to_sale_ratio": null,
            "price_fair": 206.59,
            "eps_avg_yearly": 5.9,
            "eps_latest_yearly": 0.52,
            "eps_growth_yearly": 50.96
        },
        "20234": {
            "year_quarter": 20234,
            "year": 2023,
            "quarter": 4,
            "eps": 0.77,
            "eps_growth_year": -45.49,
            "eps_4q": 3.46,
            "eps_4q_growth_year": -45.62,
            "roe": 7.8,
            "roe_4q": 14.73,
            "gross_profit": 38625000,
            "gross_margin": 23.54,
            "gross_margin_4q_avg": 24.16,
            "net_income": 5809000,
            "net_income_4q": null,
            "revenue": 164048000,
            "revenue_4q": null,
            "common_shares": 269000,
            "book_valuer_per_share": 6.01,
            "book_valuer_per_share_4q_avg": 14.4,
            "equity": 76693000,
            "current_ratio": 82.06,
            "debt_ratio": 68.46,
            "inventory_turnover_ratio": 2.07,
            "account_receivable_turnover_ratio": 20.31,
            "reinvestment_rate": -11.02,
            "research_to_sale_ratio": null,
            "price_fair": 200.73,
            "eps_avg_yearly": 5.74,
            "eps_latest_yearly": 3.08,
            "eps_growth_yearly": 135.87
        },
        "20241": {
            "year_quarter": 20241,
            "year": 2024,
            "quarter": 1,
            "eps": 0.21,
            "eps_growth_year": -72.24,
            "eps_4q": 2.93,
            "eps_4q_growth_year": -49.64,
            "roe": 2.54,
            "roe_4q": 14.64,
            "gross_profit": 37017000,
            "gross_margin": 24.31,
            "gross_margin_4q_avg": 24.1,
            "net_income": 1896000,
            "net_income_4q": null,
            "revenue": 152301000,
            "revenue_4q": null,
            "common_shares": 269000,
            "book_valuer_per_share": 5.46,
            "book_valuer_per_share_4q_avg": 11.44,
            "equity": 72405000,
            "current_ratio": 82.21,
            "debt_ratio": 70.45,
            "inventory_turnover_ratio": 2.03,
            "account_receivable_turnover_ratio": 19.55,
            "reinvestment_rate": -8.97,
            "research_to_sale_ratio": null,
            "price_fair": 190.93,
            "eps_avg_yearly": 5.46,
            "eps_latest_yearly": 0.84,
            "eps_growth_yearly": 119.6
        },
        "20242": {
            "year_quarter": 20242,
            "year": 2024,
            "quarter": 2,
            "eps": 0.97,
            "eps_growth_year": -46.51,
            "eps_4q": 2.08,
            "eps_4q_growth_year": -64.1,
            "roe": 10.6,
            "roe_4q": 18.580000000000002,
            "gross_profit": 39782000,
            "gross_margin": 24.61,
            "gross_margin_4q_avg": 24.2,
            "net_income": 8053000,
            "net_income_4q": null,
            "revenue": 161632000,
            "revenue_4q": null,
            "common_shares": 269000,
            "book_valuer_per_share": 6.35,
            "book_valuer_per_share_4q_avg": 8.54,
            "equity": 79556000,
            "current_ratio": 82.68,
            "debt_ratio": 68.82,
            "inventory_turnover_ratio": 2.14,
            "account_receivable_turnover_ratio": 20.8,
            "reinvestment_rate": -2.5,
            "research_to_sale_ratio": null,
            "price_fair": 188.39,
            "eps_avg_yearly": 5.38,
            "eps_latest_yearly": 3.88,
            "eps_growth_yearly": 211.39
        },
        "20243": {
            "year_quarter": 20243,
            "year": 2024,
            "quarter": 3,
            "eps": 0.06,
            "eps_growth_year": -56.36,
            "eps_4q": 2.01,
            "eps_4q_growth_year": -51.12,
            "roe": 0.81,
            "roe_4q": 21.75,
            "gross_profit": 39621000,
            "gross_margin": 24.64,
            "gross_margin_4q_avg": 24.28,
            "net_income": 643000,
            "net_income_4q": null,
            "revenue": 160804000,
            "revenue_4q": null,
            "common_shares": 269000,
            "book_valuer_per_share": 6.37,
            "book_valuer_per_share_4q_avg": 6.05,
            "equity": 79456000,
            "current_ratio": 84.8,
            "debt_ratio": 69.34,
            "inventory_turnover_ratio": 2.01,
            "account_receivable_turnover_ratio": 19.47,
            "reinvestment_rate": -0.41,
            "research_to_sale_ratio": null,
            "price_fair": 178.15,
            "eps_avg_yearly": 5.09,
            "eps_latest_yearly": 0.24,
            "eps_growth_yearly": 188.54
        },
        "20244": {
            "year_quarter": 20244,
            "year": 2024,
            "quarter": 4,
            "eps": 0.68,
            "eps_growth_year": -12.27,
            "eps_4q": 1.91,
            "eps_4q_growth_year": -44.75,
            "roe": 6.95,
            "roe_4q": 20.9,
            "gross_profit": 41563000,
            "gross_margin": 23.97,
            "gross_margin_4q_avg": 24.38,
            "net_income": 5678000,
            "net_income_4q": null,
            "revenue": 173388000,
            "revenue_4q": null,
            "common_shares": 805000,
            "book_valuer_per_share": 6.92,
            "book_valuer_per_share_4q_avg": 6.28,
            "equity": 83861000,
            "current_ratio": 83.19,
            "debt_ratio": 66.77,
            "inventory_turnover_ratio": 2.22,
            "account_receivable_turnover_ratio": 19.91,
            "reinvestment_rate": 12.42,
            "research_to_sale_ratio": null,
            "price_fair": 171.15,
            "eps_avg_yearly": 4.89,
            "eps_latest_yearly": 2.72,
            "eps_growth_yearly": 441.79
        }
    },
    "months": {
        "2001-01": {
            "month": "2001-01",
            "price": "17.94",
            "revenue": 0
        },
        "2001-02": {
            "month": "2001-02",
            "price": "17.47",
            "revenue": 0
        },
        "2001-03": {
            "month": "2001-03",
            "price": "16.30",
            "revenue": 0
        },
        "2001-04": {
            "month": "2001-04",
            "price": "16.94",
            "revenue": 0
        },
        "2001-05": {
            "month": "2001-05",
            "price": "17.51",
            "revenue": 0
        },
        "2001-06": {
            "month": "2001-06",
            "price": "16.63",
            "revenue": 0
        },
        "2001-07": {
            "month": "2001-07",
            "price": "17.42",
            "revenue": 0
        },
        "2001-08": {
            "month": "2001-08",
            "price": "17.32",
            "revenue": 0
        },
        "2001-09": {
            "month": "2001-09",
            "price": "15.69",
            "revenue": 0
        },
        "2001-10": {
            "month": "2001-10",
            "price": "17.45",
            "revenue": 0
        },
        "2001-11": {
            "month": "2001-11",
            "price": "18.29",
            "revenue": 0
        },
        "2001-12": {
            "month": "2001-12",
            "price": "18.64",
            "revenue": 0
        },
        "2002-01": {
            "month": "2002-01",
            "price": "19.24",
            "revenue": 0
        },
        "2002-02": {
            "month": "2002-02",
            "price": "20.00",
            "revenue": 0
        },
        "2002-03": {
            "month": "2002-03",
            "price": "20.76",
            "revenue": 0
        },
        "2002-04": {
            "month": "2002-04",
            "price": "19.57",
            "revenue": 0
        },
        "2002-05": {
            "month": "2002-05",
            "price": "18.62",
            "revenue": 0
        },
        "2002-06": {
            "month": "2002-06",
            "price": "18.67",
            "revenue": 0
        },
        "2002-07": {
            "month": "2002-07",
            "price": "16.91",
            "revenue": 0
        },
        "2002-08": {
            "month": "2002-08",
            "price": "17.09",
            "revenue": 0
        },
        "2002-09": {
            "month": "2002-09",
            "price": "17.66",
            "revenue": 0
        },
        "2002-10": {
            "month": "2002-10",
            "price": "18.08",
            "revenue": 0
        },
        "2002-11": {
            "month": "2002-11",
            "price": "18.04",
            "revenue": 0
        },
        "2002-12": {
            "month": "2002-12",
            "price": "17.15",
            "revenue": 0
        },
        "2003-01": {
            "month": "2003-01",
            "price": "16.53",
            "revenue": 0
        },
        "2003-02": {
            "month": "2003-02",
            "price": "15.95",
            "revenue": 0
        },
        "2003-03": {
            "month": "2003-03",
            "price": "16.85",
            "revenue": 0
        },
        "2003-04": {
            "month": "2003-04",
            "price": "18.27",
            "revenue": 0
        },
        "2003-05": {
            "month": "2003-05",
            "price": "18.04",
            "revenue": 0
        },
        "2003-06": {
            "month": "2003-06",
            "price": "18.09",
            "revenue": 0
        },
        "2003-07": {
            "month": "2003-07",
            "price": "18.70",
            "revenue": 0
        },
        "2003-08": {
            "month": "2003-08",
            "price": "19.32",
            "revenue": 0
        },
        "2003-09": {
            "month": "2003-09",
            "price": "19.28",
            "revenue": 0
        },
        "2003-10": {
            "month": "2003-10",
            "price": "19.51",
            "revenue": 0
        },
        "2003-11": {
            "month": "2003-11",
            "price": "18.87",
            "revenue": 0
        },
        "2003-12": {
            "month": "2003-12",
            "price": "17.57",
            "revenue": 0
        },
        "2004-01": {
            "month": "2004-01",
            "price": "17.78",
            "revenue": 0
        },
        "2004-02": {
            "month": "2004-02",
            "price": "19.22",
            "revenue": 0
        },
        "2004-03": {
            "month": "2004-03",
            "price": "19.76",
            "revenue": 0
        },
        "2004-04": {
            "month": "2004-04",
            "price": "19.34",
            "revenue": 0
        },
        "2004-05": {
            "month": "2004-05",
            "price": "18.40",
            "revenue": 0
        },
        "2004-06": {
            "month": "2004-06",
            "price": "18.42",
            "revenue": 0
        },
        "2004-07": {
            "month": "2004-07",
            "price": "17.57",
            "revenue": 0
        },
        "2004-08": {
            "month": "2004-08",
            "price": "17.76",
            "revenue": 0
        },
        "2004-09": {
            "month": "2004-09",
            "price": "17.60",
            "revenue": 0
        },
        "2004-10": {
            "month": "2004-10",
            "price": "17.65",
            "revenue": 0
        },
        "2004-11": {
            "month": "2004-11",
            "price": "18.52",
            "revenue": 0
        },
        "2004-12": {
            "month": "2004-12",
            "price": "17.60",
            "revenue": 0
        },
        "2005-01": {
            "month": "2005-01",
            "price": "17.82",
            "revenue": 0
        },
        "2005-02": {
            "month": "2005-02",
            "price": "17.49",
            "revenue": 0
        },
        "2005-03": {
            "month": "2005-03",
            "price": "17.20",
            "revenue": 0
        },
        "2005-04": {
            "month": "2005-04",
            "price": "16.02",
            "revenue": 0
        },
        "2005-05": {
            "month": "2005-05",
            "price": "15.95",
            "revenue": 0
        },
        "2005-06": {
            "month": "2005-06",
            "price": "16.10",
            "revenue": 0
        },
        "2005-07": {
            "month": "2005-07",
            "price": "16.57",
            "revenue": 0
        },
        "2005-08": {
            "month": "2005-08",
            "price": "15.88",
            "revenue": 0
        },
        "2005-09": {
            "month": "2005-09",
            "price": "14.75",
            "revenue": 0
        },
        "2005-10": {
            "month": "2005-10",
            "price": "15.01",
            "revenue": 0
        },
        "2005-11": {
            "month": "2005-11",
            "price": "16.28",
            "revenue": 0
        },
        "2005-12": {
            "month": "2005-12",
            "price": "16.09",
            "revenue": 0
        },
        "2006-01": {
            "month": "2006-01",
            "price": "15.26",
            "revenue": 0
        },
        "2006-02": {
            "month": "2006-02",
            "price": "15.26",
            "revenue": 0
        },
        "2006-03": {
            "month": "2006-03",
            "price": "15.51",
            "revenue": 0
        },
        "2006-04": {
            "month": "2006-04",
            "price": "15.34",
            "revenue": 0
        },
        "2006-05": {
            "month": "2006-05",
            "price": "15.83",
            "revenue": 0
        },
        "2006-06": {
            "month": "2006-06",
            "price": "15.97",
            "revenue": 0
        },
        "2006-07": {
            "month": "2006-07",
            "price": "14.93",
            "revenue": 0
        },
        "2006-08": {
            "month": "2006-08",
            "price": "14.81",
            "revenue": 0
        },
        "2006-09": {
            "month": "2006-09",
            "price": "15.96",
            "revenue": 0
        },
        "2006-10": {
            "month": "2006-10",
            "price": "16.41",
            "revenue": 0
        },
        "2006-11": {
            "month": "2006-11",
            "price": "15.79",
            "revenue": 0
        },
        "2006-12": {
            "month": "2006-12",
            "price": "15.37",
            "revenue": 0
        },
        "2007-01": {
            "month": "2007-01",
            "price": "15.93",
            "revenue": 0
        },
        "2007-02": {
            "month": "2007-02",
            "price": "16.21",
            "revenue": 0
        },
        "2007-03": {
            "month": "2007-03",
            "price": "15.74",
            "revenue": 0
        },
        "2007-04": {
            "month": "2007-04",
            "price": "16.06",
            "revenue": 0
        },
        "2007-05": {
            "month": "2007-05",
            "price": "15.84",
            "revenue": 0
        },
        "2007-06": {
            "month": "2007-06",
            "price": "16.38",
            "revenue": 0
        },
        "2007-07": {
            "month": "2007-07",
            "price": "15.97",
            "revenue": 0
        },
        "2007-08": {
            "month": "2007-08",
            "price": "14.93",
            "revenue": 0
        },
        "2007-09": {
            "month": "2007-09",
            "price": "14.46",
            "revenue": 0
        },
        "2007-10": {
            "month": "2007-10",
            "price": "15.09",
            "revenue": 0
        },
        "2007-11": {
            "month": "2007-11",
            "price": "15.09",
            "revenue": 0
        },
        "2007-12": {
            "month": "2007-12",
            "price": "16.11",
            "revenue": 0
        },
        "2008-01": {
            "month": "2008-01",
            "price": "15.96",
            "revenue": 0
        },
        "2008-02": {
            "month": "2008-02",
            "price": "16.68",
            "revenue": 0
        },
        "2008-03": {
            "month": "2008-03",
            "price": "17.01",
            "revenue": 0
        },
        "2008-04": {
            "month": "2008-04",
            "price": "18.64",
            "revenue": 0
        },
        "2008-05": {
            "month": "2008-05",
            "price": "18.97",
            "revenue": 0
        },
        "2008-06": {
            "month": "2008-06",
            "price": "19.33",
            "revenue": 0
        },
        "2008-07": {
            "month": "2008-07",
            "price": "19.11",
            "revenue": 0
        },
        "2008-08": {
            "month": "2008-08",
            "price": "19.59",
            "revenue": 0
        },
        "2008-09": {
            "month": "2008-09",
            "price": "20.17",
            "revenue": 0
        },
        "2008-10": {
            "month": "2008-10",
            "price": "18.12",
            "revenue": 0
        },
        "2008-11": {
            "month": "2008-11",
            "price": "17.95",
            "revenue": 0
        },
        "2008-12": {
            "month": "2008-12",
            "price": "18.44",
            "revenue": 0
        },
        "2009-01": {
            "month": "2009-01",
            "price": "17.07",
            "revenue": 0
        },
        "2009-02": {
            "month": "2009-02",
            "price": "16.20",
            "revenue": 0
        },
        "2009-03": {
            "month": "2009-03",
            "price": "16.61",
            "revenue": 0
        },
        "2009-04": {
            "month": "2009-04",
            "price": "16.93",
            "revenue": 0
        },
        "2009-05": {
            "month": "2009-05",
            "price": "16.58",
            "revenue": 0
        },
        "2009-06": {
            "month": "2009-06",
            "price": "16.46",
            "revenue": 0
        },
        "2009-07": {
            "month": "2009-07",
            "price": "16.20",
            "revenue": 0
        },
        "2009-08": {
            "month": "2009-08",
            "price": "16.94",
            "revenue": 0
        },
        "2009-09": {
            "month": "2009-09",
            "price": "16.83",
            "revenue": 0
        },
        "2009-10": {
            "month": "2009-10",
            "price": "16.71",
            "revenue": 0
        },
        "2009-11": {
            "month": "2009-11",
            "price": "17.67",
            "revenue": 0
        },
        "2009-12": {
            "month": "2009-12",
            "price": "17.99",
            "revenue": 0
        },
        "2010-01": {
            "month": "2010-01",
            "price": "17.89",
            "revenue": 0
        },
        "2010-02": {
            "month": "2010-02",
            "price": "17.85",
            "revenue": 0
        },
        "2010-03": {
            "month": "2010-03",
            "price": "18.30",
            "revenue": 0
        },
        "2010-04": {
            "month": "2010-04",
            "price": "18.20",
            "revenue": 0
        },
        "2010-05": {
            "month": "2010-05",
            "price": "17.42",
            "revenue": 0
        },
        "2010-06": {
            "month": "2010-06",
            "price": "16.88",
            "revenue": 0
        },
        "2010-07": {
            "month": "2010-07",
            "price": "16.70",
            "revenue": 0
        },
        "2010-08": {
            "month": "2010-08",
            "price": "17.02",
            "revenue": 0
        },
        "2010-09": {
            "month": "2010-09",
            "price": "17.61",
            "revenue": 0
        },
        "2010-10": {
            "month": "2010-10",
            "price": "17.98",
            "revenue": 0
        },
        "2010-11": {
            "month": "2010-11",
            "price": "18.12",
            "revenue": 0
        },
        "2010-12": {
            "month": "2010-12",
            "price": "18.07",
            "revenue": 0
        },
        "2011-01": {
            "month": "2011-01",
            "price": "18.45",
            "revenue": 0
        },
        "2011-02": {
            "month": "2011-02",
            "price": "18.27",
            "revenue": 0
        },
        "2011-03": {
            "month": "2011-03",
            "price": "17.37",
            "revenue": 0
        },
        "2011-04": {
            "month": "2011-04",
            "price": "17.81",
            "revenue": 0
        },
        "2011-05": {
            "month": "2011-05",
            "price": "18.41",
            "revenue": 0
        },
        "2011-06": {
            "month": "2011-06",
            "price": "17.70",
            "revenue": 0
        },
        "2011-07": {
            "month": "2011-07",
            "price": "17.92",
            "revenue": 0
        },
        "2011-08": {
            "month": "2011-08",
            "price": "17.18",
            "revenue": 0
        },
        "2011-09": {
            "month": "2011-09",
            "price": "17.29",
            "revenue": 0
        },
        "2011-10": {
            "month": "2011-10",
            "price": "18.44",
            "revenue": 0
        },
        "2011-11": {
            "month": "2011-11",
            "price": "19.19",
            "revenue": 0
        },
        "2011-12": {
            "month": "2011-12",
            "price": "19.57",
            "revenue": 0
        },
        "2012-01": {
            "month": "2012-01",
            "price": "20.08",
            "revenue": 0
        },
        "2012-02": {
            "month": "2012-02",
            "price": "20.30",
            "revenue": 0
        },
        "2012-03": {
            "month": "2012-03",
            "price": "20.14",
            "revenue": 0
        },
        "2012-04": {
            "month": "2012-04",
            "price": "20.05",
            "revenue": 0
        },
        "2012-05": {
            "month": "2012-05",
            "price": "20.49",
            "revenue": 0
        },
        "2012-06": {
            "month": "2012-06",
            "price": "22.50",
            "revenue": 0
        },
        "2012-07": {
            "month": "2012-07",
            "price": "24.14",
            "revenue": 0
        },
        "2012-08": {
            "month": "2012-08",
            "price": "24.35",
            "revenue": 0
        },
        "2012-09": {
            "month": "2012-09",
            "price": "24.73",
            "revenue": 0
        },
        "2012-10": {
            "month": "2012-10",
            "price": "25.10",
            "revenue": 0
        },
        "2012-11": {
            "month": "2012-11",
            "price": "23.70",
            "revenue": 0
        },
        "2012-12": {
            "month": "2012-12",
            "price": "23.24",
            "revenue": 0
        },
        "2013-01": {
            "month": "2013-01",
            "price": "23.03",
            "revenue": 0
        },
        "2013-02": {
            "month": "2013-02",
            "price": "23.54",
            "revenue": 0
        },
        "2013-03": {
            "month": "2013-03",
            "price": "24.48",
            "revenue": 0
        },
        "2013-04": {
            "month": "2013-04",
            "price": "25.90",
            "revenue": 0
        },
        "2013-05": {
            "month": "2013-05",
            "price": "25.94",
            "revenue": 0
        },
        "2013-06": {
            "month": "2013-06",
            "price": "24.99",
            "revenue": 0
        },
        "2013-07": {
            "month": "2013-07",
            "price": "25.71",
            "revenue": 0
        },
        "2013-08": {
            "month": "2013-08",
            "price": "25.07",
            "revenue": 0
        },
        "2013-09": {
            "month": "2013-09",
            "price": "24.81",
            "revenue": 0
        },
        "2013-10": {
            "month": "2013-10",
            "price": "24.99",
            "revenue": 0
        },
        "2013-11": {
            "month": "2013-11",
            "price": "26.32",
            "revenue": 0
        },
        "2013-12": {
            "month": "2013-12",
            "price": "26.26",
            "revenue": 0
        },
        "2014-01": {
            "month": "2014-01",
            "price": "25.51",
            "revenue": 0
        },
        "2014-02": {
            "month": "2014-02",
            "price": "24.69",
            "revenue": 0
        },
        "2014-03": {
            "month": "2014-03",
            "price": "25.10",
            "revenue": 0
        },
        "2014-04": {
            "month": "2014-04",
            "price": "25.94",
            "revenue": 0
        },
        "2014-05": {
            "month": "2014-05",
            "price": "25.79",
            "revenue": 0
        },
        "2014-06": {
            "month": "2014-06",
            "price": "25.34",
            "revenue": 0
        },
        "2014-07": {
            "month": "2014-07",
            "price": "25.40",
            "revenue": 0
        },
        "2014-08": {
            "month": "2014-08",
            "price": "24.89",
            "revenue": 0
        },
        "2014-09": {
            "month": "2014-09",
            "price": "25.45",
            "revenue": 0
        },
        "2014-10": {
            "month": "2014-10",
            "price": "25.50",
            "revenue": 0
        },
        "2014-11": {
            "month": "2014-11",
            "price": "27.30",
            "revenue": 0
        },
        "2014-12": {
            "month": "2014-12",
            "price": "28.38",
            "revenue": 0
        },
        "2015-01": {
            "month": "2015-01",
            "price": "29.20",
            "revenue": 0
        },
        "2015-02": {
            "month": "2015-02",
            "price": "28.51",
            "revenue": 0
        },
        "2015-03": {
            "month": "2015-03",
            "price": "27.49",
            "revenue": 0
        },
        "2015-04": {
            "month": "2015-04",
            "price": "26.52",
            "revenue": 0
        },
        "2015-05": {
            "month": "2015-05",
            "price": "25.78",
            "revenue": 0
        },
        "2015-06": {
            "month": "2015-06",
            "price": "24.27",
            "revenue": 0
        },
        "2015-07": {
            "month": "2015-07",
            "price": "24.25",
            "revenue": 0
        },
        "2015-08": {
            "month": "2015-08",
            "price": "23.10",
            "revenue": 0
        },
        "2015-09": {
            "month": "2015-09",
            "price": "21.42",
            "revenue": 0
        },
        "2015-10": {
            "month": "2015-10",
            "price": "20.52",
            "revenue": 0
        },
        "2015-11": {
            "month": "2015-11",
            "price": "19.64",
            "revenue": 0
        },
        "2015-12": {
            "month": "2015-12",
            "price": "20.00",
            "revenue": 0
        },
        "2016-01": {
            "month": "2016-01",
            "price": "21.07",
            "revenue": 0
        },
        "2016-02": {
            "month": "2016-02",
            "price": "22.08",
            "revenue": 0
        },
        "2016-03": {
            "month": "2016-03",
            "price": "22.52",
            "revenue": 0
        },
        "2016-04": {
            "month": "2016-04",
            "price": "22.94",
            "revenue": 0
        },
        "2016-05": {
            "month": "2016-05",
            "price": "22.68",
            "revenue": 0
        },
        "2016-06": {
            "month": "2016-06",
            "price": "23.78",
            "revenue": 0
        },
        "2016-07": {
            "month": "2016-07",
            "price": "24.51",
            "revenue": 0
        },
        "2016-08": {
            "month": "2016-08",
            "price": "24.28",
            "revenue": 0
        },
        "2016-09": {
            "month": "2016-09",
            "price": "24.00",
            "revenue": 0
        },
        "2016-10": {
            "month": "2016-10",
            "price": "23.08",
            "revenue": 0
        },
        "2016-11": {
            "month": "2016-11",
            "price": "23.43",
            "revenue": 0
        },
        "2016-12": {
            "month": "2016-12",
            "price": "23.51",
            "revenue": 0
        },
        "2017-01": {
            "month": "2017-01",
            "price": "22.56",
            "revenue": 0
        },
        "2017-02": {
            "month": "2017-02",
            "price": "22.99",
            "revenue": 0
        },
        "2017-03": {
            "month": "2017-03",
            "price": "23.42",
            "revenue": 0
        },
        "2017-04": {
            "month": "2017-04",
            "price": "24.56",
            "revenue": 0
        },
        "2017-05": {
            "month": "2017-05",
            "price": "25.64",
            "revenue": 0
        },
        "2017-06": {
            "month": "2017-06",
            "price": "25.85",
            "revenue": 0
        },
        "2017-07": {
            "month": "2017-07",
            "price": "25.47",
            "revenue": 0
        },
        "2017-08": {
            "month": "2017-08",
            "price": "26.66",
            "revenue": 0
        },
        "2017-09": {
            "month": "2017-09",
            "price": "26.51",
            "revenue": 0
        },
        "2017-10": {
            "month": "2017-10",
            "price": "28.28",
            "revenue": 0
        },
        "2017-11": {
            "month": "2017-11",
            "price": "31.11",
            "revenue": 0
        },
        "2017-12": {
            "month": "2017-12",
            "price": "32.61",
            "revenue": 0
        },
        "2018-01": {
            "month": "2018-01",
            "price": "34.42",
            "revenue": 0
        },
        "2018-02": {
            "month": "2018-02",
            "price": "32.80",
            "revenue": 0
        },
        "2018-03": {
            "month": "2018-03",
            "price": "29.34",
            "revenue": 0
        },
        "2018-04": {
            "month": "2018-04",
            "price": "28.97",
            "revenue": 0
        },
        "2018-05": {
            "month": "2018-05",
            "price": "28.13",
            "revenue": 0
        },
        "2018-06": {
            "month": "2018-06",
            "price": "28.21",
            "revenue": 0
        },
        "2018-07": {
            "month": "2018-07",
            "price": "29.03",
            "revenue": 0
        },
        "2018-08": {
            "month": "2018-08",
            "price": "30.99",
            "revenue": 0
        },
        "2018-09": {
            "month": "2018-09",
            "price": "31.81",
            "revenue": 0
        },
        "2018-10": {
            "month": "2018-10",
            "price": "32.17",
            "revenue": 0
        },
        "2018-11": {
            "month": "2018-11",
            "price": "33.20",
            "revenue": 0
        },
        "2018-12": {
            "month": "2018-12",
            "price": "30.67",
            "revenue": 0
        },
        "2019-01": {
            "month": "2019-01",
            "price": "31.94",
            "revenue": 0
        },
        "2019-02": {
            "month": "2019-02",
            "price": "32.59",
            "revenue": 0
        },
        "2019-03": {
            "month": "2019-03",
            "price": "32.76",
            "revenue": 0
        },
        "2019-04": {
            "month": "2019-04",
            "price": "33.63",
            "revenue": 0
        },
        "2019-05": {
            "month": "2019-05",
            "price": "33.79",
            "revenue": 0
        },
        "2019-06": {
            "month": "2019-06",
            "price": "36.08",
            "revenue": 0
        },
        "2019-07": {
            "month": "2019-07",
            "price": "37.63",
            "revenue": 0
        },
        "2019-08": {
            "month": "2019-08",
            "price": "36.76",
            "revenue": 0
        },
        "2019-09": {
            "month": "2019-09",
            "price": "38.95",
            "revenue": 0
        },
        "2019-10": {
            "month": "2019-10",
            "price": "39.53",
            "revenue": 0
        },
        "2019-11": {
            "month": "2019-11",
            "price": "39.77",
            "revenue": 0
        },
        "2019-12": {
            "month": "2019-12",
            "price": "39.85",
            "revenue": 0
        },
        "2020-01": {
            "month": "2020-01",
            "price": "38.74",
            "revenue": 0
        },
        "2020-02": {
            "month": "2020-02",
            "price": "38.55",
            "revenue": 0
        },
        "2020-03": {
            "month": "2020-03",
            "price": "38.14",
            "revenue": 0
        },
        "2020-04": {
            "month": "2020-04",
            "price": "41.93",
            "revenue": 0
        },
        "2020-05": {
            "month": "2020-05",
            "price": "41.36",
            "revenue": 0
        },
        "2020-06": {
            "month": "2020-06",
            "price": "40.17",
            "revenue": 0
        },
        "2020-07": {
            "month": "2020-07",
            "price": "42.99",
            "revenue": 0
        },
        "2020-08": {
            "month": "2020-08",
            "price": "44.16",
            "revenue": 0
        },
        "2020-09": {
            "month": "2020-09",
            "price": "46.30",
            "revenue": 0
        },
        "2020-10": {
            "month": "2020-10",
            "price": "47.53",
            "revenue": 0
        },
        "2020-11": {
            "month": "2020-11",
            "price": "49.37",
            "revenue": 0
        },
        "2020-12": {
            "month": "2020-12",
            "price": "48.86",
            "revenue": 0
        },
        "2021-01": {
            "month": "2021-01",
            "price": "48.59",
            "revenue": 0
        },
        "2021-02": {
            "month": "2021-02",
            "price": "46.82",
            "revenue": 0
        },
        "2021-03": {
            "month": "2021-03",
            "price": "44.04",
            "revenue": 0
        },
        "2021-04": {
            "month": "2021-04",
            "price": "46.49",
            "revenue": 0
        },
        "2021-05": {
            "month": "2021-05",
            "price": "46.93",
            "revenue": 0
        },
        "2021-06": {
            "month": "2021-06",
            "price": "46.34",
            "revenue": 0
        },
        "2021-07": {
            "month": "2021-07",
            "price": "47.05",
            "revenue": 0
        },
        "2021-08": {
            "month": "2021-08",
            "price": "49.28",
            "revenue": 0
        },
        "2021-09": {
            "month": "2021-09",
            "price": "48.15",
            "revenue": 0
        },
        "2021-10": {
            "month": "2021-10",
            "price": "47.55",
            "revenue": 0
        },
        "2021-11": {
            "month": "2021-11",
            "price": "48.85",
            "revenue": 0
        },
        "2021-12": {
            "month": "2021-12",
            "price": "46.86",
            "revenue": 0
        },
        "2022-01": {
            "month": "2022-01",
            "price": "47.26",
            "revenue": 0
        },
        "2022-02": {
            "month": "2022-02",
            "price": "45.67",
            "revenue": 0
        },
        "2022-03": {
            "month": "2022-03",
            "price": "47.72",
            "revenue": 0
        },
        "2022-04": {
            "month": "2022-04",
            "price": "51.83",
            "revenue": 0
        },
        "2022-05": {
            "month": "2022-05",
            "price": "46.01",
            "revenue": 0
        },
        "2022-06": {
            "month": "2022-06",
            "price": "40.78",
            "revenue": 0
        },
        "2022-07": {
            "month": "2022-07",
            "price": "42.53",
            "revenue": 0
        },
        "2022-08": {
            "month": "2022-08",
            "price": "44.23",
            "revenue": 0
        },
        "2022-09": {
            "month": "2022-09",
            "price": "44.56",
            "revenue": 0
        },
        "2022-10": {
            "month": "2022-10",
            "price": "44.95",
            "revenue": 0
        },
        "2022-11": {
            "month": "2022-11",
            "price": "48.79",
            "revenue": 0
        },
        "2022-12": {
            "month": "2022-12",
            "price": "48.73",
            "revenue": 0
        },
        "2023-01": {
            "month": "2023-01",
            "price": "47.79",
            "revenue": 0
        },
        "2023-02": {
            "month": "2023-02",
            "price": "47.82",
            "revenue": 0
        },
        "2023-03": {
            "month": "2023-03",
            "price": "46.88",
            "revenue": 0
        },
        "2023-04": {
            "month": "2023-04",
            "price": "50.07",
            "revenue": 0
        },
        "2023-05": {
            "month": "2023-05",
            "price": "50.04",
            "revenue": 0
        },
        "2023-06": {
            "month": "2023-06",
            "price": "51.22",
            "revenue": 0
        },
        "2023-07": {
            "month": "2023-07",
            "price": "52.29",
            "revenue": 0
        },
        "2023-08": {
            "month": "2023-08",
            "price": "53.06",
            "revenue": 0
        },
        "2023-09": {
            "month": "2023-09",
            "price": "54.31",
            "revenue": 0
        },
        "2023-10": {
            "month": "2023-10",
            "price": "53.43",
            "revenue": 0
        },
        "2023-11": {
            "month": "2023-11",
            "price": "53.74",
            "revenue": 0
        },
        "2023-12": {
            "month": "2023-12",
            "price": "51.47",
            "revenue": 0
        },
        "2024-01": {
            "month": "2024-01",
            "price": "53.83",
            "revenue": 0
        },
        "2024-02": {
            "month": "2024-02",
            "price": "57.41",
            "revenue": 0
        },
        "2024-03": {
            "month": "2024-03",
            "price": "60.58",
            "revenue": 0
        }
    }
}
