{
    "summary": {
        "stock_name": "Yum! Brands Inc",
        "stock_id": "YUM",
        "category": "Retail/Wholesale",
        "main_business": "百勝餐飲集團公司於1997年根據北卡羅來納州的法律成立。百勝在150多個國家和地區擁有超過50,000家餐廳，主要以肯德基、必勝客、塔可鍾和The Habit Burger Grill四大概念經營。該公司的肯德基、必勝客和塔可鍾品牌分別是雞肉、比薩和墨西哥風味食品類別的全球領導者。Habit Burger Grill是他們於2020年3月18日獲得的概念，是一個快速休閒餐廳概念，專門提供定製的炭烤漢堡、三明治等。",
        "website_url": "https://www.yum.com/",
        "ceo": "David Gibbs",
        "pe_ratio": 21,
        "report_year_from": 1997,
        "report_year_to": 2023,
        "age": 27,
        "eps_negative_percentage": 0,
        "eps_growth_avg": {
            "last_all": 14.86,
            "last_2y": 2.52,
            "last_4y": 13.11,
            "last_8y": 18.51,
            "last_12y": 15.53,
            "last_16y": 15.3,
            "last_20y": 14.68,
            "at_2006_last_3y": 12.06,
            "at_2007_last_3y": 12.93,
            "at_2008_last_3y": 13.17,
            "at_2009_last_3y": 14.93,
            "at_2010_last_3y": 14.55,
            "at_2011_last_3y": 19.92,
            "at_2012_last_3y": 15.43,
            "at_2013_last_3y": 13.27,
            "at_2014_last_3y": 8.82,
            "at_2015_last_3y": -2.94,
            "at_2016_last_3y": 20.83,
            "at_2017_last_3y": -0.3,
            "at_2018_last_3y": 25.26,
            "at_2019_last_3y": 42.86,
            "at_2020_last_3y": 19.61,
            "at_2021_last_3y": 46.99,
            "at_2022_last_3y": 18.21,
            "at_2023_last_3y": 1.7,
            "at_2024_last_3y": 1.7,
            "at_2006_last_all": 13.35,
            "at_2007_last_all": 13.44,
            "at_2008_last_all": 13.68,
            "at_2009_last_all": 13.68,
            "at_2010_last_all": 13.89,
            "at_2011_last_all": 16.04,
            "at_2012_last_all": 14.32,
            "at_2013_last_all": 13.54,
            "at_2014_last_all": 12.33,
            "at_2015_last_all": 10.61,
            "at_2016_last_all": 16.06,
            "at_2017_last_all": 10.08,
            "at_2018_last_all": 15.37,
            "at_2019_last_all": 17.78,
            "at_2020_last_all": 16.8,
            "at_2021_last_all": 17.46,
            "at_2022_last_all": 15.91,
            "at_2023_last_all": 14.86,
            "at_2024_last_all": 14.86
        },
        "latest_eps": 6.18,
        "latest_price": 130.27,
        "latest_roe": -19.21,
        "latest_gross_margin": 50.35,
        "latest_equity": -8190000,
        "latest_revenue": 1708000,
        "latest_gross_profit": 860000,
        "latest_net_income": 416000,
        "latest_debt_ratio": 234.9,
        "latest_current_ratio": 113.36,
        "latest_account_receivable_turnover_ratio": 2.62,
        "latest_inventory_turnover_ratio": null,
        "latest_reinvestment_rate": -0.53,
        "latest_research_to_sale_ratio": null
    },
    "eps_dividends": {
        "2001": {
            "cash": 0,
            "stock": 0,
            "eps": 0.81
        },
        "2002": {
            "cash": 0,
            "stock": 0,
            "eps": 0.96
        },
        "2003": {
            "cash": 0,
            "stock": 0,
            "eps": 1.06
        },
        "2004": {
            "cash": 0.1,
            "stock": 0,
            "eps": 1.21
        },
        "2005": {
            "cash": 0.16999999999999998,
            "stock": 0,
            "eps": 1.29
        },
        "2006": {
            "cash": 0.22000000000000003,
            "stock": 0,
            "eps": 1.51
        },
        "2007": {
            "cash": 0.44999999999999996,
            "stock": 0,
            "eps": 1.72
        },
        "2008": {
            "cash": 0.53,
            "stock": 0,
            "eps": 1.98
        },
        "2009": {
            "cash": 0.78,
            "stock": 0,
            "eps": 2.25
        },
        "2010": {
            "cash": 0.6699999999999999,
            "stock": 0,
            "eps": 2.6
        },
        "2011": {
            "cash": 0.79,
            "stock": 0,
            "eps": 3.52
        },
        "2012": {
            "cash": 0.9199999999999999,
            "stock": 0,
            "eps": 3.42
        },
        "2013": {
            "cash": 1.05,
            "stock": 0,
            "eps": 3.59
        },
        "2014": {
            "cash": 1.15,
            "stock": 0,
            "eps": 3.51
        },
        "2015": {
            "cash": 1.28,
            "stock": 0,
            "eps": 3.1
        },
        "2016": {
            "cash": 1.4300000000000002,
            "stock": 0,
            "eps": 5.96
        },
        "2017": {
            "cash": 0.8999999999999999,
            "stock": 0,
            "eps": 1.22
        },
        "2018": {
            "cash": 1.44,
            "stock": 0,
            "eps": 2.52
        },
        "2019": {
            "cash": 1.68,
            "stock": 0,
            "eps": 4
        },
        "2020": {
            "cash": 1.88,
            "stock": 0,
            "eps": 3.97
        },
        "2021": {
            "cash": 2,
            "stock": 0,
            "eps": 5.16
        },
        "2022": {
            "cash": 2.28,
            "stock": 0,
            "eps": 4.38
        },
        "2023": {
            "cash": 2.44,
            "stock": 0,
            "eps": 4.06
        },
        "2024": {
            "cash": 0.61,
            "stock": 0,
            "eps": 0
        }
    },
    "dividends": {
        "2004-08-06": {
            "cash": 0.05,
            "stock": 0
        },
        "2004-11-05": {
            "cash": 0.05,
            "stock": 0
        },
        "2005-05-06": {
            "cash": 0.05,
            "stock": 0
        },
        "2005-08-05": {
            "cash": 0.06,
            "stock": 0
        },
        "2005-11-04": {
            "cash": 0.06,
            "stock": 0
        },
        "2006-05-05": {
            "cash": 0.06,
            "stock": 0
        },
        "2006-08-04": {
            "cash": 0.08,
            "stock": 0
        },
        "2006-11-04": {
            "cash": 0.08,
            "stock": 0
        },
        "2007-03-30": {
            "cash": 0.15,
            "stock": 0
        },
        "2007-08-03": {
            "cash": 0.15,
            "stock": 0
        },
        "2007-11-02": {
            "cash": 0.15,
            "stock": 0
        },
        "2008-05-02": {
            "cash": 0.15,
            "stock": 0
        },
        "2008-08-01": {
            "cash": 0.19,
            "stock": 0
        },
        "2008-11-07": {
            "cash": 0.19,
            "stock": 0
        },
        "2009-02-06": {
            "cash": 0.19,
            "stock": 0
        },
        "2009-05-01": {
            "cash": 0.19,
            "stock": 0
        },
        "2009-08-07": {
            "cash": 0.19,
            "stock": 0
        },
        "2009-11-06": {
            "cash": 0.21,
            "stock": 0
        },
        "2010-05-07": {
            "cash": 0.21,
            "stock": 0
        },
        "2010-08-06": {
            "cash": 0.21,
            "stock": 0
        },
        "2010-11-05": {
            "cash": 0.25,
            "stock": 0
        },
        "2011-05-06": {
            "cash": 0.25,
            "stock": 0
        },
        "2011-08-05": {
            "cash": 0.25,
            "stock": 0
        },
        "2011-11-04": {
            "cash": 0.29,
            "stock": 0
        },
        "2012-05-04": {
            "cash": 0.29,
            "stock": 0
        },
        "2012-08-03": {
            "cash": 0.29,
            "stock": 0
        },
        "2012-11-02": {
            "cash": 0.34,
            "stock": 0
        },
        "2013-05-03": {
            "cash": 0.34,
            "stock": 0
        },
        "2013-08-02": {
            "cash": 0.34,
            "stock": 0
        },
        "2013-11-01": {
            "cash": 0.37,
            "stock": 0
        },
        "2014-05-02": {
            "cash": 0.37,
            "stock": 0
        },
        "2014-08-01": {
            "cash": 0.37,
            "stock": 0
        },
        "2014-11-07": {
            "cash": 0.41,
            "stock": 0
        },
        "2015-05-01": {
            "cash": 0.41,
            "stock": 0
        },
        "2015-08-07": {
            "cash": 0.41,
            "stock": 0
        },
        "2015-11-06": {
            "cash": 0.46,
            "stock": 0
        },
        "2016-05-06": {
            "cash": 0.46,
            "stock": 0
        },
        "2016-08-05": {
            "cash": 0.46,
            "stock": 0
        },
        "2016-11-04": {
            "cash": 0.51,
            "stock": 0
        },
        "2017-02-03": {
            "cash": 0.3,
            "stock": 0
        },
        "2017-08-04": {
            "cash": 0.3,
            "stock": 0
        },
        "2017-12-08": {
            "cash": 0.3,
            "stock": 0
        },
        "2018-03-09": {
            "cash": 0.36,
            "stock": 0
        },
        "2018-06-08": {
            "cash": 0.36,
            "stock": 0
        },
        "2018-09-07": {
            "cash": 0.36,
            "stock": 0
        },
        "2018-12-07": {
            "cash": 0.36,
            "stock": 0
        },
        "2019-03-08": {
            "cash": 0.42,
            "stock": 0
        },
        "2019-06-07": {
            "cash": 0.42,
            "stock": 0
        },
        "2019-09-06": {
            "cash": 0.42,
            "stock": 0
        },
        "2019-12-06": {
            "cash": 0.42,
            "stock": 0
        },
        "2020-03-06": {
            "cash": 0.47,
            "stock": 0
        },
        "2020-06-12": {
            "cash": 0.47,
            "stock": 0
        },
        "2020-09-11": {
            "cash": 0.47,
            "stock": 0
        },
        "2020-12-11": {
            "cash": 0.47,
            "stock": 0
        },
        "2021-03-12": {
            "cash": 0.5,
            "stock": 0
        },
        "2021-06-11": {
            "cash": 0.5,
            "stock": 0
        },
        "2021-09-10": {
            "cash": 0.5,
            "stock": 0
        },
        "2021-12-10": {
            "cash": 0.5,
            "stock": 0
        },
        "2022-03-11": {
            "cash": 0.57,
            "stock": 0
        },
        "2022-06-10": {
            "cash": 0.57,
            "stock": 0
        },
        "2022-09-10": {
            "cash": 0.57,
            "stock": 0
        },
        "2022-12-09": {
            "cash": 0.57,
            "stock": 0
        },
        "2023-03-10": {
            "cash": 0.61,
            "stock": 0
        },
        "2023-06-09": {
            "cash": 0.61,
            "stock": 0
        },
        "2023-09-08": {
            "cash": 0.61,
            "stock": 0
        },
        "2023-12-08": {
            "cash": 0.61,
            "stock": 0
        },
        "2024-03-11": {
            "cash": 0.61,
            "stock": 0
        }
    },
    "prices": {
        "200101": "8.46",
        "200102": "9.08",
        "200103": "9.34",
        "200104": "9.89",
        "200105": "10.76",
        "200106": "11.40",
        "200107": "11.04",
        "200108": "11.02",
        "200109": "9.97",
        "200110": "11.39",
        "200111": "12.50",
        "200112": "12.58",
        "200201": "13.16",
        "200202": "13.98",
        "200203": "14.60",
        "200204": "15.27",
        "200205": "15.97",
        "200206": "15.92",
        "200207": "13.77",
        "200208": "14.76",
        "200209": "14.52",
        "200210": "12.57",
        "200211": "11.43",
        "200212": "11.78",
        "200301": "12.29",
        "200302": "11.53",
        "200303": "11.94",
        "200304": "12.25",
        "200305": "13.04",
        "200306": "14.33",
        "200307": "14.81",
        "200308": "14.63",
        "200309": "15.03",
        "200310": "16.33",
        "200311": "16.93",
        "200312": "17.00",
        "200401": "17.15",
        "200402": "17.38",
        "200403": "18.74",
        "200404": "19.21",
        "200405": "18.60",
        "200406": "18.70",
        "200407": "18.86",
        "200408": "19.14",
        "200409": "20.16",
        "200410": "21.21",
        "200411": "22.45",
        "200412": "23.21",
        "200501": "22.94",
        "200502": "23.58",
        "200503": "25.54",
        "200504": "24.86",
        "200505": "24.69",
        "200506": "26.18",
        "200507": "25.97",
        "200508": "25.22",
        "200509": "24.53",
        "200510": "24.97",
        "200511": "24.68",
        "200512": "24.05",
        "200601": "24.20",
        "200602": "24.97",
        "200603": "24.47",
        "200604": "24.42",
        "200605": "26.09",
        "200606": "25.35",
        "200607": "23.90",
        "200608": "23.77",
        "200609": "25.87",
        "200610": "28.59",
        "200611": "30.52",
        "200612": "29.80",
        "200701": "29.56",
        "200702": "30.06",
        "200703": "28.93",
        "200704": "30.17",
        "200705": "33.32",
        "200706": "33.36",
        "200707": "33.62",
        "200708": "31.62",
        "200709": "32.94",
        "200710": "37.21",
        "200711": "37.86",
        "200712": "38.32",
        "200801": "35.97",
        "200802": "35.10",
        "200803": "36.52",
        "200804": "39.07",
        "200805": "40.06",
        "200806": "37.23",
        "200807": "35.27",
        "200808": "36.57",
        "200809": "36.81",
        "200810": "28.33",
        "200811": "26.21",
        "200812": "29.06",
        "200901": "30.13",
        "200902": "28.46",
        "200903": "26.65",
        "200904": "31.49",
        "200905": "33.84",
        "200906": "34.50",
        "200907": "34.47",
        "200908": "35.38",
        "200909": "33.56",
        "200910": "34.47",
        "200911": "35.24",
        "200912": "34.80",
        "201001": "35.01",
        "201002": "33.78",
        "201003": "36.96",
        "201004": "41.85",
        "201005": "40.95",
        "201006": "41.41",
        "201007": "40.63",
        "201008": "41.88",
        "201009": "45.40",
        "201010": "48.25",
        "201011": "50.61",
        "201012": "49.86",
        "201101": "48.47",
        "201102": "49.74",
        "201103": "51.33",
        "201104": "51.18",
        "201105": "54.89",
        "201106": "54.32",
        "201107": "54.89",
        "201108": "51.25",
        "201109": "52.61",
        "201110": "51.69",
        "201111": "54.36",
        "201112": "58.04",
        "201201": "61.42",
        "201202": "64.84",
        "201203": "68.68",
        "201204": "71.76",
        "201205": "70.75",
        "201206": "64.99",
        "201207": "64.31",
        "201208": "65.52",
        "201209": "66.48",
        "201210": "69.13",
        "201211": "72.44",
        "201212": "66.56",
        "201301": "65.87",
        "201302": "64.53",
        "201303": "68.82",
        "201304": "67.10",
        "201305": "69.29",
        "201306": "70.37",
        "201307": "71.87",
        "201308": "72.80",
        "201309": "71.72",
        "201310": "67.88",
        "201311": "73.34",
        "201312": "73.92",
        "201401": "71.95",
        "201402": "72.51",
        "201403": "75.26",
        "201404": "76.36",
        "201405": "75.79",
        "201406": "79.93",
        "201407": "78.37",
        "201408": "71.34",
        "201409": "72.14",
        "201410": "69.65",
        "201411": "74.41",
        "201412": "73.66",
        "201501": "72.60",
        "201502": "75.86",
        "201503": "79.03",
        "201504": "81.71",
        "201505": "91.47",
        "201506": "91.22",
        "201507": "88.86",
        "201508": "83.50",
        "201509": "79.99",
        "201510": "73.26",
        "201511": "70.91",
        "201512": "73.65",
        "201601": "69.52",
        "201602": "70.26",
        "201603": "78.45",
        "201604": "81.74",
        "201605": "81.16",
        "201606": "82.98",
        "201607": "87.25",
        "201608": "89.61",
        "201609": "89.33",
        "201610": "87.53",
        "201611": "61.64",
        "201612": "63.87",
        "201701": "64.65",
        "201702": "66.84",
        "201703": "64.10",
        "201704": "64.62",
        "201705": "69.70",
        "201706": "73.74",
        "201707": "74.11",
        "201708": "75.80",
        "201709": "75.72",
        "201710": "75.46",
        "201711": "79.58",
        "201712": "82.61",
        "201801": "83.77",
        "201802": "79.46",
        "201803": "82.45",
        "201804": "85.72",
        "201805": "83.09",
        "201806": "81.49",
        "201807": "78.80",
        "201808": "83.36",
        "201809": "88.69",
        "201810": "88.94",
        "201811": "89.01",
        "201812": "90.37",
        "201901": "91.66",
        "201902": "94.18",
        "201903": "98.21",
        "201904": "101.73",
        "201905": "101.19",
        "201906": "109.02",
        "201907": "111.92",
        "201908": "116.70",
        "201909": "114.22",
        "201910": "111.07",
        "201911": "98.78",
        "201912": "99.95",
        "202001": "103.60",
        "202002": "102.24",
        "202003": "75.74",
        "202004": "79.30",
        "202005": "85.95",
        "202006": "90.74",
        "202007": "90.00",
        "202008": "93.77",
        "202009": "92.89",
        "202010": "96.34",
        "202011": "102.79",
        "202012": "107.17",
        "202101": "106.16",
        "202102": "104.61",
        "202103": "106.61",
        "202104": "116.32",
        "202105": "119.83",
        "202106": "117.65",
        "202107": "119.55",
        "202108": "133.46",
        "202109": "127.31",
        "202110": "124.80",
        "202111": "125.83",
        "202112": "132.83",
        "202201": "128.26",
        "202202": "123.88",
        "202203": "118.30",
        "202204": "120.36",
        "202205": "113.90",
        "202206": "114.71",
        "202207": "118.49",
        "202208": "117.04",
        "202209": "112.76",
        "202210": "110.56",
        "202211": "123.38",
        "202212": "129.42",
        "202301": "128.72",
        "202302": "129.71",
        "202303": "127.78",
        "202304": "135.57",
        "202305": "135.83",
        "202306": "135.32",
        "202307": "135.94",
        "202308": "131.96",
        "202309": "126.68",
        "202310": "120.04",
        "202311": "126.38",
        "202312": "128.41"
    },
    "quarters": {
        "20011": {
            "year_quarter": 20011,
            "year": 2001,
            "quarter": 1,
            "eps": 0.15,
            "eps_growth_year": -26.38,
            "eps_4q": 0.69,
            "eps_4q_growth_year": 2.3,
            "roe": -26.59,
            "roe_4q": -26.59,
            "gross_profit": 708000,
            "gross_margin": 47.01,
            "gross_margin_4q_avg": 47.01,
            "net_income": 88000,
            "net_income_4q": null,
            "revenue": 1506000,
            "revenue_4q": null,
            "common_shares": 1139000,
            "book_valuer_per_share": -1.14,
            "book_valuer_per_share_4q_avg": -1.14,
            "equity": -214000,
            "current_ratio": 58.34,
            "debt_ratio": 104.97,
            "inventory_turnover_ratio": 9.12,
            "account_receivable_turnover_ratio": 4.67,
            "reinvestment_rate": -103.07,
            "research_to_sale_ratio": null,
            "price_fair": 0,
            "eps_avg_yearly": 0,
            "eps_latest_yearly": 0,
            "eps_growth_yearly": 0
        },
        "20012": {
            "year_quarter": 20012,
            "year": 2001,
            "quarter": 2,
            "eps": 0.17,
            "eps_growth_year": 7.07,
            "eps_4q": 0.7,
            "eps_4q_growth_year": 0.65,
            "roe": -70.09,
            "roe_4q": -96.68,
            "gross_profit": 756000,
            "gross_margin": 47.1,
            "gross_margin_4q_avg": 47.06,
            "net_income": 116000,
            "net_income_4q": null,
            "revenue": 1605000,
            "revenue_4q": null,
            "common_shares": 1136000,
            "book_valuer_per_share": -0.97,
            "book_valuer_per_share_4q_avg": -1.06,
            "equity": -117000,
            "current_ratio": 56.22,
            "debt_ratio": 102.69,
            "inventory_turnover_ratio": 16.65,
            "account_receivable_turnover_ratio": 6.48,
            "reinvestment_rate": -82.62,
            "research_to_sale_ratio": null,
            "price_fair": 0,
            "eps_avg_yearly": 0,
            "eps_latest_yearly": 0,
            "eps_growth_yearly": 0
        },
        "20013": {
            "year_quarter": 20013,
            "year": 2001,
            "quarter": 3,
            "eps": 0.19,
            "eps_growth_year": 5.14,
            "eps_4q": 0.71,
            "eps_4q_growth_year": -1.96,
            "roe": -139.33,
            "roe_4q": -236.01000000000002,
            "gross_profit": 792000,
            "gross_margin": 48.29,
            "gross_margin_4q_avg": 47.47,
            "net_income": 124000,
            "net_income_4q": null,
            "revenue": 1640000,
            "revenue_4q": null,
            "common_shares": 1071000,
            "book_valuer_per_share": -0.92,
            "book_valuer_per_share_4q_avg": -1.01,
            "equity": -61000,
            "current_ratio": 48.15,
            "debt_ratio": 101.4,
            "inventory_turnover_ratio": 15.7,
            "account_receivable_turnover_ratio": 7.35,
            "reinvestment_rate": -69.09,
            "research_to_sale_ratio": null,
            "price_fair": 0,
            "eps_avg_yearly": 0,
            "eps_latest_yearly": 0,
            "eps_growth_yearly": 0
        },
        "20014": {
            "year_quarter": 20014,
            "year": 2001,
            "quarter": 4,
            "eps": 0.3,
            "eps_growth_year": 51.73,
            "eps_4q": 0.81,
            "eps_4q_growth_year": 9.25,
            "roe": 762.79,
            "roe_4q": 526.7799999999999,
            "gross_profit": 1064000,
            "gross_margin": 48.32,
            "gross_margin_4q_avg": 47.68,
            "net_income": 164000,
            "net_income_4q": null,
            "revenue": 2202000,
            "revenue_4q": null,
            "common_shares": 1097000,
            "book_valuer_per_share": -0.6,
            "book_valuer_per_share_4q_avg": -0.91,
            "equity": 104000,
            "current_ratio": 34.09,
            "debt_ratio": 97.65,
            "inventory_turnover_ratio": 20.69,
            "account_receivable_turnover_ratio": 11.09,
            "reinvestment_rate": -30.55,
            "research_to_sale_ratio": null,
            "price_fair": 0,
            "eps_avg_yearly": 0,
            "eps_latest_yearly": 0,
            "eps_growth_yearly": 0
        },
        "20021": {
            "year_quarter": 20021,
            "year": 2002,
            "quarter": 1,
            "eps": 0.19,
            "eps_growth_year": 22.84,
            "eps_4q": 0.85,
            "eps_4q_growth_year": 22.83,
            "roe": 67.39,
            "roe_4q": 620.7599999999999,
            "gross_profit": 770000,
            "gross_margin": 47.71,
            "gross_margin_4q_avg": 47.86,
            "net_income": 124000,
            "net_income_4q": null,
            "revenue": 1614000,
            "revenue_4q": null,
            "common_shares": 1144000,
            "book_valuer_per_share": -0.22,
            "book_valuer_per_share_4q_avg": -0.68,
            "equity": 264000,
            "current_ratio": 32.81,
            "debt_ratio": 94,
            "inventory_turnover_ratio": 14.55,
            "account_receivable_turnover_ratio": 8.97,
            "reinvestment_rate": -22.1,
            "research_to_sale_ratio": null,
            "price_fair": 2.28,
            "eps_avg_yearly": 0.76,
            "eps_latest_yearly": 0.76,
            "eps_growth_yearly": -146.67
        },
        "20022": {
            "year_quarter": 20022,
            "year": 2002,
            "quarter": 2,
            "eps": 0.21,
            "eps_growth_year": 25.63,
            "eps_4q": 0.89,
            "eps_4q_growth_year": 27.02,
            "roe": 42.42,
            "roe_4q": 733.2699999999999,
            "gross_profit": 854000,
            "gross_margin": 48.33,
            "gross_margin_4q_avg": 48.16,
            "net_income": 140000,
            "net_income_4q": null,
            "revenue": 1767000,
            "revenue_4q": null,
            "common_shares": 1132000,
            "book_valuer_per_share": -0.01,
            "book_valuer_per_share_4q_avg": -0.44,
            "equity": 396000,
            "current_ratio": 43.51,
            "debt_ratio": 92.19,
            "inventory_turnover_ratio": 13.33,
            "account_receivable_turnover_ratio": 9.87,
            "reinvestment_rate": -7.29,
            "research_to_sale_ratio": null,
            "price_fair": 2.4,
            "eps_avg_yearly": 0.8,
            "eps_latest_yearly": 0.84,
            "eps_growth_yearly": -52.28
        },
        "20023": {
            "year_quarter": 20023,
            "year": 2002,
            "quarter": 3,
            "eps": 0.25,
            "eps_growth_year": 27.05,
            "eps_4q": 0.94,
            "eps_4q_growth_year": 32.7,
            "roe": 31.65,
            "roe_4q": 904.25,
            "gross_profit": 929000,
            "gross_margin": 48.51,
            "gross_margin_4q_avg": 48.22,
            "net_income": 147000,
            "net_income_4q": null,
            "revenue": 1915000,
            "revenue_4q": null,
            "common_shares": 1095000,
            "book_valuer_per_share": 0.22,
            "book_valuer_per_share_4q_avg": -0.15,
            "equity": 533000,
            "current_ratio": 43.44,
            "debt_ratio": 89.67,
            "inventory_turnover_ratio": 14.09,
            "account_receivable_turnover_ratio": 10.91,
            "reinvestment_rate": 2.82,
            "research_to_sale_ratio": null,
            "price_fair": 2.6,
            "eps_avg_yearly": 0.87,
            "eps_latest_yearly": 1,
            "eps_growth_yearly": -9.46
        },
        "20024": {
            "year_quarter": 20024,
            "year": 2002,
            "quarter": 4,
            "eps": 0.31,
            "eps_growth_year": 2.1,
            "eps_4q": 0.95,
            "eps_4q_growth_year": 16.75,
            "roe": 30.52,
            "roe_4q": 171.98000000000002,
            "gross_profit": 1171000,
            "gross_margin": 47.58,
            "gross_margin_4q_avg": 48.03,
            "net_income": 172000,
            "net_income_4q": null,
            "revenue": 2461000,
            "revenue_4q": null,
            "common_shares": 1046000,
            "book_valuer_per_share": -0.43,
            "book_valuer_per_share_4q_avg": -0.11,
            "equity": 594000,
            "current_ratio": 48.03,
            "debt_ratio": 89,
            "inventory_turnover_ratio": 20.48,
            "account_receivable_turnover_ratio": 14.87,
            "reinvestment_rate": 9.87,
            "research_to_sale_ratio": null,
            "price_fair": 25.83,
            "eps_avg_yearly": 0.96,
            "eps_latest_yearly": 1.24,
            "eps_growth_yearly": 16.91
        },
        "20031": {
            "year_quarter": 20031,
            "year": 2003,
            "quarter": 1,
            "eps": 0.2,
            "eps_growth_year": 10.41,
            "eps_4q": 0.97,
            "eps_4q_growth_year": 14.27,
            "roe": 18.38,
            "roe_4q": 122.97,
            "gross_profit": 853000,
            "gross_margin": 47.34,
            "gross_margin_4q_avg": 47.94,
            "net_income": 118000,
            "net_income_4q": null,
            "revenue": 1802000,
            "revenue_4q": null,
            "common_shares": 1019000,
            "book_valuer_per_share": -0.27,
            "book_valuer_per_share_4q_avg": -0.12,
            "equity": 690000,
            "current_ratio": 55.96,
            "debt_ratio": 87.54,
            "inventory_turnover_ratio": 14.27,
            "account_receivable_turnover_ratio": 10.51,
            "reinvestment_rate": 15.25,
            "research_to_sale_ratio": null,
            "price_fair": 2.78,
            "eps_avg_yearly": 0.93,
            "eps_latest_yearly": 0.8,
            "eps_growth_yearly": -14.86
        },
        "20032": {
            "year_quarter": 20032,
            "year": 2003,
            "quarter": 2,
            "eps": 0.25,
            "eps_growth_year": 18.59,
            "eps_4q": 1.01,
            "eps_4q_growth_year": 13.16,
            "roe": 16.05,
            "roe_4q": 96.6,
            "gross_profit": 925000,
            "gross_margin": 47.78,
            "gross_margin_4q_avg": 47.8,
            "net_income": 122000,
            "net_income_4q": null,
            "revenue": 1936000,
            "revenue_4q": null,
            "common_shares": 1008000,
            "book_valuer_per_share": -0.04,
            "book_valuer_per_share_4q_avg": -0.13,
            "equity": 830000,
            "current_ratio": 54.04,
            "debt_ratio": 85.2,
            "inventory_turnover_ratio": 14.76,
            "account_receivable_turnover_ratio": 10.22,
            "reinvestment_rate": 22.82,
            "research_to_sale_ratio": null,
            "price_fair": 13.43,
            "eps_avg_yearly": 0.94,
            "eps_latest_yearly": 1,
            "eps_growth_yearly": 4.28
        },
        "20033": {
            "year_quarter": 20033,
            "year": 2003,
            "quarter": 3,
            "eps": 0.28,
            "eps_growth_year": 14.94,
            "eps_4q": 1.04,
            "eps_4q_growth_year": 10.77,
            "roe": 17.89,
            "roe_4q": 82.83999999999999,
            "gross_profit": 965000,
            "gross_margin": 48.52,
            "gross_margin_4q_avg": 47.81,
            "net_income": 164000,
            "net_income_4q": null,
            "revenue": 1989000,
            "revenue_4q": null,
            "common_shares": 1024000,
            "book_valuer_per_share": 0.25,
            "book_valuer_per_share_4q_avg": -0.12,
            "equity": 1003000,
            "current_ratio": 57.54,
            "debt_ratio": 82.26,
            "inventory_turnover_ratio": 15.28,
            "account_receivable_turnover_ratio": 10.2,
            "reinvestment_rate": 29.96,
            "research_to_sale_ratio": null,
            "price_fair": 19.82,
            "eps_avg_yearly": 0.97,
            "eps_latest_yearly": 1.12,
            "eps_growth_yearly": 10.53
        },
        "20034": {
            "year_quarter": 20034,
            "year": 2003,
            "quarter": 4,
            "eps": 0.33,
            "eps_growth_year": 8.56,
            "eps_4q": 1.07,
            "eps_4q_growth_year": 12.8,
            "roe": 20.16,
            "roe_4q": 72.47999999999999,
            "gross_profit": 1285000,
            "gross_margin": 48.44,
            "gross_margin_4q_avg": 48.02,
            "net_income": 214000,
            "net_income_4q": null,
            "revenue": 2653000,
            "revenue_4q": null,
            "common_shares": 916000,
            "book_valuer_per_share": 0.41,
            "book_valuer_per_share_4q_avg": 0.09,
            "equity": 1120000,
            "current_ratio": 55.17,
            "debt_ratio": 80.07,
            "inventory_turnover_ratio": 20.42,
            "account_receivable_turnover_ratio": 15.79,
            "reinvestment_rate": 35.94,
            "research_to_sale_ratio": null,
            "price_fair": 28.42,
            "eps_avg_yearly": 1.01,
            "eps_latest_yearly": 1.32,
            "eps_growth_yearly": 18.14
        },
        "20041": {
            "year_quarter": 20041,
            "year": 2004,
            "quarter": 1,
            "eps": 0.24,
            "eps_growth_year": 18.62,
            "eps_4q": 1.11,
            "eps_4q_growth_year": 14.49,
            "roe": 12.28,
            "roe_4q": 66.38,
            "gross_profit": 948000,
            "gross_margin": 48.12,
            "gross_margin_4q_avg": 48.22,
            "net_income": 142000,
            "net_income_4q": null,
            "revenue": 1970000,
            "revenue_4q": null,
            "common_shares": 802000,
            "book_valuer_per_share": 0.53,
            "book_valuer_per_share_4q_avg": 0.29,
            "equity": 1192000,
            "current_ratio": 55.81,
            "debt_ratio": 79.07,
            "inventory_turnover_ratio": 14.81,
            "account_receivable_turnover_ratio": 11.13,
            "reinvestment_rate": 36.08,
            "research_to_sale_ratio": null,
            "price_fair": 14.07,
            "eps_avg_yearly": 1,
            "eps_latest_yearly": 0.96,
            "eps_growth_yearly": 4
        },
        "20042": {
            "year_quarter": 20042,
            "year": 2004,
            "quarter": 2,
            "eps": 0.29,
            "eps_growth_year": 15.58,
            "eps_4q": 1.15,
            "eps_4q_growth_year": 13.9,
            "roe": 14.44,
            "roe_4q": 64.77,
            "gross_profit": 990000,
            "gross_margin": 47.66,
            "gross_margin_4q_avg": 48.19,
            "net_income": 178000,
            "net_income_4q": null,
            "revenue": 2077000,
            "revenue_4q": null,
            "common_shares": 783000,
            "book_valuer_per_share": 0.68,
            "book_valuer_per_share_4q_avg": 0.47,
            "equity": 1273000,
            "current_ratio": 52.87,
            "debt_ratio": 77.6,
            "inventory_turnover_ratio": 15.1,
            "account_receivable_turnover_ratio": 10.87,
            "reinvestment_rate": 34.62,
            "research_to_sale_ratio": null,
            "price_fair": 22.38,
            "eps_avg_yearly": 1.02,
            "eps_latest_yearly": 1.16,
            "eps_growth_yearly": 11.94
        },
        "20043": {
            "year_quarter": 20043,
            "year": 2004,
            "quarter": 3,
            "eps": 0.31,
            "eps_growth_year": 8.7,
            "eps_4q": 1.17,
            "eps_4q_growth_year": 12.25,
            "roe": 13.28,
            "roe_4q": 60.16,
            "gross_profit": 1056000,
            "gross_margin": 48.46,
            "gross_margin_4q_avg": 48.17,
            "net_income": 185000,
            "net_income_4q": null,
            "revenue": 2179000,
            "revenue_4q": null,
            "common_shares": 823000,
            "book_valuer_per_share": 1.03,
            "book_valuer_per_share_4q_avg": 0.66,
            "equity": 1514000,
            "current_ratio": 62.56,
            "debt_ratio": 74.7,
            "inventory_turnover_ratio": 15.49,
            "account_receivable_turnover_ratio": 12.6,
            "reinvestment_rate": 33.63,
            "research_to_sale_ratio": null,
            "price_fair": 24.29,
            "eps_avg_yearly": 1.04,
            "eps_latest_yearly": 1.24,
            "eps_growth_yearly": 13.36
        },
        "20044": {
            "year_quarter": 20044,
            "year": 2004,
            "quarter": 4,
            "eps": 0.37,
            "eps_growth_year": 10.69,
            "eps_4q": 1.21,
            "eps_4q_growth_year": 12.83,
            "roe": 15.12,
            "roe_4q": 55.12,
            "gross_profit": 1341000,
            "gross_margin": 48.15,
            "gross_margin_4q_avg": 48.1,
            "net_income": 235000,
            "net_income_4q": null,
            "revenue": 2785000,
            "revenue_4q": null,
            "common_shares": 659000,
            "book_valuer_per_share": 1.2,
            "book_valuer_per_share_4q_avg": 0.86,
            "equity": 1595000,
            "current_ratio": 54.29,
            "debt_ratio": 72,
            "inventory_turnover_ratio": 19.51,
            "account_receivable_turnover_ratio": 15.47,
            "reinvestment_rate": 34.16,
            "research_to_sale_ratio": null,
            "price_fair": 30.9,
            "eps_avg_yearly": 1.08,
            "eps_latest_yearly": 1.48,
            "eps_growth_yearly": 18.7
        },
        "20051": {
            "year_quarter": 20051,
            "year": 2005,
            "quarter": 1,
            "eps": 0.26,
            "eps_growth_year": 8.73,
            "eps_4q": 1.23,
            "eps_4q_growth_year": 10.85,
            "roe": 9.26,
            "roe_4q": 52.099999999999994,
            "gross_profit": 986000,
            "gross_margin": 48,
            "gross_margin_4q_avg": 48.07,
            "net_income": 153000,
            "net_income_4q": null,
            "revenue": 2054000,
            "revenue_4q": null,
            "common_shares": 628000,
            "book_valuer_per_share": 1.39,
            "book_valuer_per_share_4q_avg": 1.08,
            "equity": 1708000,
            "current_ratio": 61.32,
            "debt_ratio": 70.54,
            "inventory_turnover_ratio": 13.61,
            "account_receivable_turnover_ratio": 10.48,
            "reinvestment_rate": 31.75,
            "research_to_sale_ratio": null,
            "price_fair": 19.45,
            "eps_avg_yearly": 1.07,
            "eps_latest_yearly": 1.04,
            "eps_growth_yearly": 8.11
        },
        "20052": {
            "year_quarter": 20052,
            "year": 2005,
            "quarter": 2,
            "eps": 0.3,
            "eps_growth_year": 4.47,
            "eps_4q": 1.24,
            "eps_4q_growth_year": 8.22,
            "roe": 10.94,
            "roe_4q": 48.6,
            "gross_profit": 1043000,
            "gross_margin": 48.44,
            "gross_margin_4q_avg": 48.26,
            "net_income": 178000,
            "net_income_4q": null,
            "revenue": 2153000,
            "revenue_4q": null,
            "common_shares": 328000,
            "book_valuer_per_share": 1.15,
            "book_valuer_per_share_4q_avg": 1.19,
            "equity": 1547000,
            "current_ratio": 50.89,
            "debt_ratio": 72.74,
            "inventory_turnover_ratio": 14.05,
            "account_receivable_turnover_ratio": 10.45,
            "reinvestment_rate": 25.82,
            "research_to_sale_ratio": null,
            "price_fair": 23.74,
            "eps_avg_yearly": 1.08,
            "eps_latest_yearly": 1.2,
            "eps_growth_yearly": 11.93
        },
        "20053": {
            "year_quarter": 20053,
            "year": 2005,
            "quarter": 3,
            "eps": 0.35,
            "eps_growth_year": 14.13,
            "eps_4q": 1.28,
            "eps_4q_growth_year": 9.66,
            "roe": 13.03,
            "roe_4q": 48.349999999999994,
            "gross_profit": 1111000,
            "gross_margin": 49.53,
            "gross_margin_4q_avg": 48.53,
            "net_income": 205000,
            "net_income_4q": null,
            "revenue": 2243000,
            "revenue_4q": null,
            "common_shares": 174000,
            "book_valuer_per_share": 1.26,
            "book_valuer_per_share_4q_avg": 1.25,
            "equity": 1600000,
            "current_ratio": 58.08,
            "debt_ratio": 72.76,
            "inventory_turnover_ratio": 14.99,
            "account_receivable_turnover_ratio": 10.22,
            "reinvestment_rate": 23.21,
            "research_to_sale_ratio": null,
            "price_fair": 28.24,
            "eps_avg_yearly": 1.1,
            "eps_latest_yearly": 1.4,
            "eps_growth_yearly": 15.58
        },
        "20054": {
            "year_quarter": 20054,
            "year": 2005,
            "quarter": 4,
            "eps": 0.38,
            "eps_growth_year": 3.34,
            "eps_4q": 1.3,
            "eps_4q_growth_year": 7.44,
            "roe": 14.82,
            "roe_4q": 48.05,
            "gross_profit": 1421000,
            "gross_margin": 49.02,
            "gross_margin_4q_avg": 48.75,
            "net_income": 226000,
            "net_income_4q": null,
            "revenue": 2899000,
            "revenue_4q": null,
            "common_shares": 0,
            "book_valuer_per_share": 1.04,
            "book_valuer_per_share_4q_avg": 1.21,
            "equity": 1449000,
            "current_ratio": 52.68,
            "debt_ratio": 75,
            "inventory_turnover_ratio": 18.59,
            "account_receivable_turnover_ratio": 12.52,
            "reinvestment_rate": 24.97,
            "research_to_sale_ratio": null,
            "price_fair": 30.22,
            "eps_avg_yearly": 1.13,
            "eps_latest_yearly": 1.52,
            "eps_growth_yearly": 16.75
        },
        "20061": {
            "year_quarter": 20061,
            "year": 2006,
            "quarter": 1,
            "eps": 0.31,
            "eps_growth_year": -15.98,
            "eps_4q": 1.22,
            "eps_4q_growth_year": 1.54,
            "roe": 11.6,
            "roe_4q": 50.39,
            "gross_profit": 1043000,
            "gross_margin": 50.02,
            "gross_margin_4q_avg": 49.25,
            "net_income": 170000,
            "net_income_4q": null,
            "revenue": 2085000,
            "revenue_4q": null,
            "common_shares": 0,
            "book_valuer_per_share": 0.85,
            "book_valuer_per_share_4q_avg": 1.08,
            "equity": 1330000,
            "current_ratio": 54.09,
            "debt_ratio": 76.74,
            "inventory_turnover_ratio": 13.19,
            "account_receivable_turnover_ratio": 8.6,
            "reinvestment_rate": 22.59,
            "research_to_sale_ratio": null,
            "price_fair": 36.32,
            "eps_avg_yearly": 1.16,
            "eps_latest_yearly": 1.24,
            "eps_growth_yearly": 21.31
        },
        "20062": {
            "year_quarter": 20062,
            "year": 2006,
            "quarter": 2,
            "eps": 0.34,
            "eps_growth_year": 30.58,
            "eps_4q": 1.3,
            "eps_4q_growth_year": 6.37,
            "roe": 14.04,
            "roe_4q": 53.49,
            "gross_profit": 1098000,
            "gross_margin": 50.32,
            "gross_margin_4q_avg": 49.72,
            "net_income": 192000,
            "net_income_4q": null,
            "revenue": 2182000,
            "revenue_4q": null,
            "common_shares": 0,
            "book_valuer_per_share": 0.96,
            "book_valuer_per_share_4q_avg": 1.03,
            "equity": 1405000,
            "current_ratio": 73.8,
            "debt_ratio": 76.04,
            "inventory_turnover_ratio": 12.9,
            "account_receivable_turnover_ratio": 9.07,
            "reinvestment_rate": 16.06,
            "research_to_sale_ratio": null,
            "price_fair": 37.08,
            "eps_avg_yearly": 1.19,
            "eps_latest_yearly": 1.36,
            "eps_growth_yearly": 21.1
        },
        "20063": {
            "year_quarter": 20063,
            "year": 2006,
            "quarter": 3,
            "eps": 0.42,
            "eps_growth_year": 39.99,
            "eps_4q": 1.43,
            "eps_4q_growth_year": 14.97,
            "roe": 16.83,
            "roe_4q": 57.29,
            "gross_profit": 1173000,
            "gross_margin": 51.49,
            "gross_margin_4q_avg": 50.21,
            "net_income": 230000,
            "net_income_4q": null,
            "revenue": 2278000,
            "revenue_4q": null,
            "common_shares": 0,
            "book_valuer_per_share": 0.84,
            "book_valuer_per_share_4q_avg": 0.92,
            "equity": 1328000,
            "current_ratio": 65.28,
            "debt_ratio": 77.5,
            "inventory_turnover_ratio": 13.48,
            "account_receivable_turnover_ratio": 10.22,
            "reinvestment_rate": 11.59,
            "research_to_sale_ratio": null,
            "price_fair": 39.79,
            "eps_avg_yearly": 1.24,
            "eps_latest_yearly": 1.68,
            "eps_growth_yearly": 22.22
        },
        "20064": {
            "year_quarter": 20064,
            "year": 2006,
            "quarter": 4,
            "eps": 0.44,
            "eps_growth_year": 26.42,
            "eps_4q": 1.52,
            "eps_4q_growth_year": 18.3,
            "roe": 16.69,
            "roe_4q": 59.16,
            "gross_profit": 1521000,
            "gross_margin": 50.43,
            "gross_margin_4q_avg": 50.57,
            "net_income": 232000,
            "net_income_4q": null,
            "revenue": 3016000,
            "revenue_4q": null,
            "common_shares": 0,
            "book_valuer_per_share": 0.84,
            "book_valuer_per_share_4q_avg": 0.87,
            "equity": 1452000,
            "current_ratio": 52.26,
            "debt_ratio": 77.2,
            "inventory_turnover_ratio": 17.28,
            "account_receivable_turnover_ratio": 13.62,
            "reinvestment_rate": 17.4,
            "research_to_sale_ratio": null,
            "price_fair": 34.74,
            "eps_avg_yearly": 1.27,
            "eps_latest_yearly": 1.76,
            "eps_growth_yearly": 17.41
        },
        "20071": {
            "year_quarter": 20071,
            "year": 2007,
            "quarter": 1,
            "eps": 0.36,
            "eps_growth_year": 15.08,
            "eps_4q": 1.56,
            "eps_4q_growth_year": 27.79,
            "roe": 13.33,
            "roe_4q": 60.89,
            "gross_profit": 1115000,
            "gross_margin": 50.16,
            "gross_margin_4q_avg": 50.6,
            "net_income": 194000,
            "net_income_4q": null,
            "revenue": 2223000,
            "revenue_4q": null,
            "common_shares": 0,
            "book_valuer_per_share": 0.87,
            "book_valuer_per_share_4q_avg": 0.88,
            "equity": 1459000,
            "current_ratio": 69.96,
            "debt_ratio": 77.13,
            "inventory_turnover_ratio": 11.66,
            "account_receivable_turnover_ratio": 8.93,
            "reinvestment_rate": 13.05,
            "research_to_sale_ratio": null,
            "price_fair": 41.49,
            "eps_avg_yearly": 1.31,
            "eps_latest_yearly": 1.44,
            "eps_growth_yearly": 21.73
        },
        "20072": {
            "year_quarter": 20072,
            "year": 2007,
            "quarter": 2,
            "eps": 0.4,
            "eps_growth_year": 15.55,
            "eps_4q": 1.62,
            "eps_4q_growth_year": 23.99,
            "roe": 14.68,
            "roe_4q": 61.53,
            "gross_profit": 1192000,
            "gross_margin": 50.36,
            "gross_margin_4q_avg": 50.61,
            "net_income": 214000,
            "net_income_4q": null,
            "revenue": 2367000,
            "revenue_4q": null,
            "common_shares": 0,
            "book_valuer_per_share": 0.88,
            "book_valuer_per_share_4q_avg": 0.86,
            "equity": 1457000,
            "current_ratio": 65.13,
            "debt_ratio": 77.34,
            "inventory_turnover_ratio": 12.05,
            "account_receivable_turnover_ratio": 8.93,
            "reinvestment_rate": 11.1,
            "research_to_sale_ratio": null,
            "price_fair": 38.01,
            "eps_avg_yearly": 1.35,
            "eps_latest_yearly": 1.6,
            "eps_growth_yearly": 18.26
        },
        "20073": {
            "year_quarter": 20073,
            "year": 2007,
            "quarter": 3,
            "eps": 0.5,
            "eps_growth_year": 18.19,
            "eps_4q": 1.69,
            "eps_4q_growth_year": 18.9,
            "roe": 18.76,
            "roe_4q": 63.459999999999994,
            "gross_profit": 1308000,
            "gross_margin": 51.01,
            "gross_margin_4q_avg": 50.49,
            "net_income": 270000,
            "net_income_4q": null,
            "revenue": 2564000,
            "revenue_4q": null,
            "common_shares": 0,
            "book_valuer_per_share": 0.8,
            "book_valuer_per_share_4q_avg": 0.85,
            "equity": 1422000,
            "current_ratio": 62.43,
            "debt_ratio": 78.45,
            "inventory_turnover_ratio": 12.95,
            "account_receivable_turnover_ratio": 10.22,
            "reinvestment_rate": 12.14,
            "research_to_sale_ratio": null,
            "price_fair": 44.11,
            "eps_avg_yearly": 1.4,
            "eps_latest_yearly": 2,
            "eps_growth_yearly": 21.51
        },
        "20074": {
            "year_quarter": 20074,
            "year": 2007,
            "quarter": 4,
            "eps": 0.46,
            "eps_growth_year": 4.94,
            "eps_4q": 1.72,
            "eps_4q_growth_year": 13.09,
            "roe": 18.04,
            "roe_4q": 64.81,
            "gross_profit": 1632000,
            "gross_margin": 50.03,
            "gross_margin_4q_avg": 50.39,
            "net_income": 231000,
            "net_income_4q": null,
            "revenue": 3262000,
            "revenue_4q": null,
            "common_shares": 0,
            "book_valuer_per_share": 0.23,
            "book_valuer_per_share_4q_avg": 0.7,
            "equity": 1139000,
            "current_ratio": 71.82,
            "debt_ratio": 84.15,
            "inventory_turnover_ratio": 14.55,
            "account_receivable_turnover_ratio": 13.73,
            "reinvestment_rate": 16.69,
            "research_to_sale_ratio": null,
            "price_fair": 35.88,
            "eps_avg_yearly": 1.43,
            "eps_latest_yearly": 1.84,
            "eps_growth_yearly": 15.05
        },
        "20081": {
            "year_quarter": 20081,
            "year": 2008,
            "quarter": 1,
            "eps": 0.5,
            "eps_growth_year": 40.85,
            "eps_4q": 1.86,
            "eps_4q_growth_year": 19.01,
            "roe": 33.73,
            "roe_4q": 85.21000000000001,
            "gross_profit": 1192000,
            "gross_margin": 49.4,
            "gross_margin_4q_avg": 50.2,
            "net_income": 256000,
            "net_income_4q": null,
            "revenue": 2413000,
            "revenue_4q": null,
            "common_shares": 0,
            "book_valuer_per_share": -1.29,
            "book_valuer_per_share_4q_avg": 0.16,
            "equity": 379000,
            "current_ratio": 66.33,
            "debt_ratio": 94.52,
            "inventory_turnover_ratio": 9.47,
            "account_receivable_turnover_ratio": 9.79,
            "reinvestment_rate": 10.87,
            "research_to_sale_ratio": null,
            "price_fair": 50.97,
            "eps_avg_yearly": 1.5,
            "eps_latest_yearly": 2,
            "eps_growth_yearly": 24.04
        },
        "20082": {
            "year_quarter": 20082,
            "year": 2008,
            "quarter": 2,
            "eps": 0.46,
            "eps_growth_year": 15.89,
            "eps_4q": 1.93,
            "eps_4q_growth_year": 18.98,
            "roe": 46.83,
            "roe_4q": 117.36,
            "gross_profit": 1300000,
            "gross_margin": 48.89,
            "gross_margin_4q_avg": 49.83,
            "net_income": 225000,
            "net_income_4q": null,
            "revenue": 2659000,
            "revenue_4q": null,
            "common_shares": 51000,
            "book_valuer_per_share": -0.87,
            "book_valuer_per_share_4q_avg": -0.28,
            "equity": 582000,
            "current_ratio": 70.23,
            "debt_ratio": 91.47,
            "inventory_turnover_ratio": 10.1,
            "account_receivable_turnover_ratio": 10.53,
            "reinvestment_rate": 14.59,
            "research_to_sale_ratio": null,
            "price_fair": 41.32,
            "eps_avg_yearly": 1.54,
            "eps_latest_yearly": 1.84,
            "eps_growth_yearly": 16.83
        },
        "20083": {
            "year_quarter": 20083,
            "year": 2008,
            "quarter": 3,
            "eps": 0.57,
            "eps_growth_year": 14.73,
            "eps_4q": 2,
            "eps_4q_growth_year": 17.93,
            "roe": 60.13,
            "roe_4q": 158.73,
            "gross_profit": 1412000,
            "gross_margin": 49.68,
            "gross_margin_4q_avg": 49.5,
            "net_income": 285000,
            "net_income_4q": null,
            "revenue": 2842000,
            "revenue_4q": null,
            "common_shares": 9000,
            "book_valuer_per_share": -1.32,
            "book_valuer_per_share_4q_avg": -0.81,
            "equity": 366000,
            "current_ratio": 66.82,
            "debt_ratio": 94.63,
            "inventory_turnover_ratio": 9.66,
            "account_receivable_turnover_ratio": 11.65,
            "reinvestment_rate": 12.57,
            "research_to_sale_ratio": null,
            "price_fair": 49.89,
            "eps_avg_yearly": 1.61,
            "eps_latest_yearly": 2.28,
            "eps_growth_yearly": 21.08
        },
        "20084": {
            "year_quarter": 20084,
            "year": 2008,
            "quarter": 4,
            "eps": 0.45,
            "eps_growth_year": -3.33,
            "eps_4q": 1.98,
            "eps_4q_growth_year": 15.53,
            "roe": 159.69,
            "roe_4q": 300.38,
            "gross_profit": 1692000,
            "gross_margin": 49.91,
            "gross_margin_4q_avg": 49.47,
            "net_income": 206000,
            "net_income_4q": null,
            "revenue": 3390000,
            "revenue_4q": null,
            "common_shares": 7000,
            "book_valuer_per_share": -2.28,
            "book_valuer_per_share_4q_avg": -1.44,
            "equity": -108000,
            "current_ratio": 55.23,
            "debt_ratio": 101.65,
            "inventory_turnover_ratio": 11.32,
            "account_receivable_turnover_ratio": 14.12,
            "reinvestment_rate": 4.08,
            "research_to_sale_ratio": null,
            "price_fair": 34.09,
            "eps_avg_yearly": 1.63,
            "eps_latest_yearly": 1.8,
            "eps_growth_yearly": 10.98
        },
        "20091": {
            "year_quarter": 20091,
            "year": 2009,
            "quarter": 1,
            "eps": 0.44,
            "eps_growth_year": -12.88,
            "eps_4q": 1.92,
            "eps_4q_growth_year": 3.04,
            "roe": 730,
            "roe_4q": 996.6500000000001,
            "gross_profit": 1129000,
            "gross_margin": 50.92,
            "gross_margin_4q_avg": 49.85,
            "net_income": 219000,
            "net_income_4q": null,
            "revenue": 2217000,
            "revenue_4q": null,
            "common_shares": 63000,
            "book_valuer_per_share": -1.69,
            "book_valuer_per_share_4q_avg": -1.54,
            "equity": 168000,
            "current_ratio": 70.76,
            "debt_ratio": 97.44,
            "inventory_turnover_ratio": 8.15,
            "account_receivable_turnover_ratio": 8.66,
            "reinvestment_rate": 1.76,
            "research_to_sale_ratio": null,
            "price_fair": 46.52,
            "eps_avg_yearly": 1.67,
            "eps_latest_yearly": 1.76,
            "eps_growth_yearly": 17.86
        },
        "20092": {
            "year_quarter": 20092,
            "year": 2009,
            "quarter": 2,
            "eps": 0.55,
            "eps_growth_year": 19.06,
            "eps_4q": 2.01,
            "eps_4q_growth_year": 4.22,
            "roe": 95.03,
            "roe_4q": 1044.8500000000001,
            "gross_profit": 1253000,
            "gross_margin": 50.61,
            "gross_margin_4q_avg": 50.28,
            "net_income": 306000,
            "net_income_4q": null,
            "revenue": 2476000,
            "revenue_4q": null,
            "common_shares": 170000,
            "book_valuer_per_share": -1.34,
            "book_valuer_per_share_4q_avg": -1.66,
            "equity": 476000,
            "current_ratio": 69.01,
            "debt_ratio": 93.13,
            "inventory_turnover_ratio": 9.48,
            "account_receivable_turnover_ratio": 8.83,
            "reinvestment_rate": 7.72,
            "research_to_sale_ratio": null,
            "price_fair": 52.43,
            "eps_avg_yearly": 1.73,
            "eps_latest_yearly": 2.2,
            "eps_growth_yearly": 20.26
        },
        "20093": {
            "year_quarter": 20093,
            "year": 2009,
            "quarter": 3,
            "eps": 0.71,
            "eps_growth_year": 24.04,
            "eps_4q": 2.14,
            "eps_4q_growth_year": 7.27,
            "roe": 49.35,
            "roe_4q": 1034.07,
            "gross_profit": 1449000,
            "gross_margin": 52.16,
            "gross_margin_4q_avg": 50.9,
            "net_income": 340000,
            "net_income_4q": null,
            "revenue": 2778000,
            "revenue_4q": null,
            "common_shares": 202000,
            "book_valuer_per_share": -0.49,
            "book_valuer_per_share_4q_avg": -1.45,
            "equity": 902000,
            "current_ratio": 78.62,
            "debt_ratio": 87.33,
            "inventory_turnover_ratio": 10.63,
            "account_receivable_turnover_ratio": 10.71,
            "reinvestment_rate": 9.99,
            "research_to_sale_ratio": null,
            "price_fair": 60.81,
            "eps_avg_yearly": 1.82,
            "eps_latest_yearly": 2.84,
            "eps_growth_yearly": 23.37
        },
        "20094": {
            "year_quarter": 20094,
            "year": 2009,
            "quarter": 4,
            "eps": 0.55,
            "eps_growth_year": 22.1,
            "eps_4q": 2.24,
            "eps_4q_growth_year": 13.11,
            "roe": 22.63,
            "roe_4q": 897.01,
            "gross_profit": 1730000,
            "gross_margin": 51.41,
            "gross_margin_4q_avg": 51.28,
            "net_income": 218000,
            "net_income_4q": null,
            "revenue": 3365000,
            "revenue_4q": null,
            "common_shares": 253000,
            "book_valuer_per_share": -0.16,
            "book_valuer_per_share_4q_avg": -0.92,
            "equity": 1025000,
            "current_ratio": 73.08,
            "debt_ratio": 85.66,
            "inventory_turnover_ratio": 13.74,
            "account_receivable_turnover_ratio": 14.02,
            "reinvestment_rate": 15.52,
            "research_to_sale_ratio": null,
            "price_fair": 47.73,
            "eps_avg_yearly": 1.87,
            "eps_latest_yearly": 2.2,
            "eps_growth_yearly": 15.59
        },
        "20101": {
            "year_quarter": 20101,
            "year": 2010,
            "quarter": 1,
            "eps": 0.64,
            "eps_growth_year": 46.73,
            "eps_4q": 2.45,
            "eps_4q_growth_year": 27.55,
            "roe": 23.69,
            "roe_4q": 190.7,
            "gross_profit": 1236000,
            "gross_margin": 52.71,
            "gross_margin_4q_avg": 51.72,
            "net_income": 245000,
            "net_income_4q": null,
            "revenue": 2345000,
            "revenue_4q": null,
            "common_shares": 154000,
            "book_valuer_per_share": -0.07,
            "book_valuer_per_share_4q_avg": -0.52,
            "equity": 1043000,
            "current_ratio": 87.97,
            "debt_ratio": 85.39,
            "inventory_turnover_ratio": 9.44,
            "account_receivable_turnover_ratio": 8.65,
            "reinvestment_rate": 10.73,
            "research_to_sale_ratio": null,
            "price_fair": 66.78,
            "eps_avg_yearly": 1.95,
            "eps_latest_yearly": 2.56,
            "eps_growth_yearly": 24.29
        },
        "20102": {
            "year_quarter": 20102,
            "year": 2010,
            "quarter": 2,
            "eps": 0.59,
            "eps_growth_year": 6.99,
            "eps_4q": 2.49,
            "eps_4q_growth_year": 23.87,
            "roe": 26.37,
            "roe_4q": 122.03999999999999,
            "gross_profit": 1348000,
            "gross_margin": 52.37,
            "gross_margin_4q_avg": 52.16,
            "net_income": 289000,
            "net_income_4q": null,
            "revenue": 2574000,
            "revenue_4q": null,
            "common_shares": 87000,
            "book_valuer_per_share": 0.2,
            "book_valuer_per_share_4q_avg": -0.13,
            "equity": 1149000,
            "current_ratio": 66.15,
            "debt_ratio": 83.92,
            "inventory_turnover_ratio": 9.77,
            "account_receivable_turnover_ratio": 9.14,
            "reinvestment_rate": 9.03,
            "research_to_sale_ratio": null,
            "price_fair": 60.13,
            "eps_avg_yearly": 2.01,
            "eps_latest_yearly": 2.36,
            "eps_growth_yearly": 19.92
        },
        "20103": {
            "year_quarter": 20103,
            "year": 2010,
            "quarter": 3,
            "eps": 0.74,
            "eps_growth_year": 4.14,
            "eps_4q": 2.51,
            "eps_4q_growth_year": 17.31,
            "roe": 27.13,
            "roe_4q": 99.82,
            "gross_profit": 1534000,
            "gross_margin": 53.6,
            "gross_margin_4q_avg": 52.52,
            "net_income": 367000,
            "net_income_4q": null,
            "revenue": 2862000,
            "revenue_4q": null,
            "common_shares": 112000,
            "book_valuer_per_share": 0.89,
            "book_valuer_per_share_4q_avg": 0.22,
            "equity": 1556000,
            "current_ratio": 94.52,
            "debt_ratio": 80.76,
            "inventory_turnover_ratio": 9.25,
            "account_receivable_turnover_ratio": 11.25,
            "reinvestment_rate": 3.53,
            "research_to_sale_ratio": null,
            "price_fair": 63.51,
            "eps_avg_yearly": 2.09,
            "eps_latest_yearly": 2.96,
            "eps_growth_yearly": 20.39
        },
        "20104": {
            "year_quarter": 20104,
            "year": 2010,
            "quarter": 4,
            "eps": 0.63,
            "eps_growth_year": 14.49,
            "eps_4q": 2.59,
            "eps_4q_growth_year": 15.66,
            "roe": 17.69,
            "roe_4q": 94.88,
            "gross_profit": 1852000,
            "gross_margin": 51.99,
            "gross_margin_4q_avg": 52.67,
            "net_income": 277000,
            "net_income_4q": null,
            "revenue": 3562000,
            "revenue_4q": null,
            "common_shares": 86000,
            "book_valuer_per_share": 0.94,
            "book_valuer_per_share_4q_avg": 0.49,
            "equity": 1576000,
            "current_ratio": 94.49,
            "debt_ratio": 81.05,
            "inventory_turnover_ratio": 10.12,
            "account_receivable_turnover_ratio": 14.11,
            "reinvestment_rate": 7.32,
            "research_to_sale_ratio": null,
            "price_fair": 54.47,
            "eps_avg_yearly": 2.14,
            "eps_latest_yearly": 2.52,
            "eps_growth_yearly": 15.48
        },
        "20111": {
            "year_quarter": 20111,
            "year": 2011,
            "quarter": 1,
            "eps": 0.68,
            "eps_growth_year": 6.33,
            "eps_4q": 2.63,
            "eps_4q_growth_year": 7.67,
            "roe": 15.9,
            "roe_4q": 87.09,
            "gross_profit": 1272000,
            "gross_margin": 52.45,
            "gross_margin_4q_avg": 52.6,
            "net_income": 267000,
            "net_income_4q": null,
            "revenue": 2425000,
            "revenue_4q": null,
            "common_shares": 0,
            "book_valuer_per_share": 1.51,
            "book_valuer_per_share_4q_avg": 0.89,
            "equity": 1783000,
            "current_ratio": 106.47,
            "debt_ratio": 78.84,
            "inventory_turnover_ratio": 6.68,
            "account_receivable_turnover_ratio": 8.55,
            "reinvestment_rate": 7.44,
            "research_to_sale_ratio": null,
            "price_fair": 70.99,
            "eps_avg_yearly": 2.22,
            "eps_latest_yearly": 2.72,
            "eps_growth_yearly": 22.01
        },
        "20112": {
            "year_quarter": 20112,
            "year": 2011,
            "quarter": 2,
            "eps": 0.7,
            "eps_growth_year": 19.85,
            "eps_4q": 2.75,
            "eps_4q_growth_year": 10.7,
            "roe": 17.95,
            "roe_4q": 78.67,
            "gross_profit": 1443000,
            "gross_margin": 51.24,
            "gross_margin_4q_avg": 52.32,
            "net_income": 322000,
            "net_income_4q": null,
            "revenue": 2816000,
            "revenue_4q": null,
            "common_shares": 0,
            "book_valuer_per_share": 1.56,
            "book_valuer_per_share_4q_avg": 1.23,
            "equity": 1805000,
            "current_ratio": 107.6,
            "debt_ratio": 78.01,
            "inventory_turnover_ratio": 8.35,
            "account_receivable_turnover_ratio": 9.29,
            "reinvestment_rate": 7.09,
            "research_to_sale_ratio": null,
            "price_fair": 68.7,
            "eps_avg_yearly": 2.29,
            "eps_latest_yearly": 2.8,
            "eps_growth_yearly": 19.97
        },
        "20113": {
            "year_quarter": 20113,
            "year": 2011,
            "quarter": 3,
            "eps": 1.24,
            "eps_growth_year": 67.82,
            "eps_4q": 3.25,
            "eps_4q_growth_year": 29.31,
            "roe": 20.48,
            "roe_4q": 72.02,
            "gross_profit": 1663000,
            "gross_margin": 50.79,
            "gross_margin_4q_avg": 51.62,
            "net_income": 389000,
            "net_income_4q": null,
            "revenue": 3274000,
            "revenue_4q": null,
            "common_shares": 0,
            "book_valuer_per_share": 2.25,
            "book_valuer_per_share_4q_avg": 1.57,
            "equity": 1993000,
            "current_ratio": 103.71,
            "debt_ratio": 76.69,
            "inventory_turnover_ratio": 8.97,
            "account_receivable_turnover_ratio": 11.37,
            "reinvestment_rate": 0.62,
            "research_to_sale_ratio": null,
            "price_fair": 86.71,
            "eps_avg_yearly": 2.48,
            "eps_latest_yearly": 4.96,
            "eps_growth_yearly": 33.01
        },
        "20114": {
            "year_quarter": 20114,
            "year": 2011,
            "quarter": 4,
            "eps": 0.9,
            "eps_growth_year": 43.22,
            "eps_4q": 3.52,
            "eps_4q_growth_year": 35.81,
            "roe": 18.71,
            "roe_4q": 73.04,
            "gross_profit": 2052000,
            "gross_margin": 49.91,
            "gross_margin_4q_avg": 51.1,
            "net_income": 357000,
            "net_income_4q": null,
            "revenue": 4111000,
            "revenue_4q": null,
            "common_shares": 18000,
            "book_valuer_per_share": 1.83,
            "book_valuer_per_share_4q_avg": 1.79,
            "equity": 1823000,
            "current_ratio": 94.73,
            "debt_ratio": 79.36,
            "inventory_turnover_ratio": 8.97,
            "account_receivable_turnover_ratio": 14.5,
            "reinvestment_rate": 7.98,
            "research_to_sale_ratio": null,
            "price_fair": 90.56,
            "eps_avg_yearly": 2.59,
            "eps_latest_yearly": 3.6,
            "eps_growth_yearly": 28.15
        },
        "20121": {
            "year_quarter": 20121,
            "year": 2012,
            "quarter": 1,
            "eps": 0.82,
            "eps_growth_year": 20.14,
            "eps_4q": 3.66,
            "eps_4q_growth_year": 38.93,
            "roe": 23.25,
            "roe_4q": 80.39,
            "gross_profit": 1437000,
            "gross_margin": 52.39,
            "gross_margin_4q_avg": 51.08,
            "net_income": 461000,
            "net_income_4q": null,
            "revenue": 2743000,
            "revenue_4q": null,
            "common_shares": 5000,
            "book_valuer_per_share": 0.8,
            "book_valuer_per_share_4q_avg": 1.61,
            "equity": 2142000,
            "current_ratio": 101.42,
            "debt_ratio": 77.07,
            "inventory_turnover_ratio": 4.63,
            "account_receivable_turnover_ratio": 8.75,
            "reinvestment_rate": 3.23,
            "research_to_sale_ratio": null,
            "price_fair": 90.04,
            "eps_avg_yearly": 2.67,
            "eps_latest_yearly": 3.28,
            "eps_growth_yearly": 23.75
        },
        "20122": {
            "year_quarter": 20122,
            "year": 2012,
            "quarter": 2,
            "eps": 0.67,
            "eps_growth_year": -5.2,
            "eps_4q": 3.62,
            "eps_4q_growth_year": 31.7,
            "roe": 15.57,
            "roe_4q": 78.01,
            "gross_profit": 1603000,
            "gross_margin": 50.6,
            "gross_margin_4q_avg": 50.92,
            "net_income": 333000,
            "net_income_4q": null,
            "revenue": 3168000,
            "revenue_4q": null,
            "common_shares": 0,
            "book_valuer_per_share": 0.86,
            "book_valuer_per_share_4q_avg": 1.44,
            "equity": 2135000,
            "current_ratio": 96.45,
            "debt_ratio": 76.74,
            "inventory_turnover_ratio": 5.25,
            "account_receivable_turnover_ratio": 9.54,
            "reinvestment_rate": 4.11,
            "research_to_sale_ratio": null,
            "price_fair": 84.81,
            "eps_avg_yearly": 2.72,
            "eps_latest_yearly": 2.68,
            "eps_growth_yearly": 21.18
        },
        "20123": {
            "year_quarter": 20123,
            "year": 2012,
            "quarter": 3,
            "eps": 1.02,
            "eps_growth_year": -17.85,
            "eps_4q": 3.4,
            "eps_4q_growth_year": 4.64,
            "roe": 22.07,
            "roe_4q": 79.6,
            "gross_profit": 1858000,
            "gross_margin": 52.06,
            "gross_margin_4q_avg": 51.24,
            "net_income": 478000,
            "net_income_4q": null,
            "revenue": 3569000,
            "revenue_4q": null,
            "common_shares": 0,
            "book_valuer_per_share": 1.06,
            "book_valuer_per_share_4q_avg": 1.14,
            "equity": 2197000,
            "current_ratio": 101.07,
            "debt_ratio": 75.52,
            "inventory_turnover_ratio": 5.74,
            "account_receivable_turnover_ratio": 11.42,
            "reinvestment_rate": 7.83,
            "research_to_sale_ratio": null,
            "price_fair": 99.14,
            "eps_avg_yearly": 2.83,
            "eps_latest_yearly": 4.08,
            "eps_growth_yearly": 28.26
        },
        "20124": {
            "year_quarter": 20124,
            "year": 2012,
            "quarter": 4,
            "eps": 0.91,
            "eps_growth_year": 1.45,
            "eps_4q": 3.42,
            "eps_4q_growth_year": -3.05,
            "roe": 15.44,
            "roe_4q": 76.33,
            "gross_profit": 2108000,
            "gross_margin": 50.76,
            "gross_margin_4q_avg": 51.45,
            "net_income": 336000,
            "net_income_4q": null,
            "revenue": 4153000,
            "revenue_4q": null,
            "common_shares": 0,
            "book_valuer_per_share": 0.95,
            "book_valuer_per_share_4q_avg": 0.92,
            "equity": 2154000,
            "current_ratio": 84.47,
            "debt_ratio": 76.1,
            "inventory_turnover_ratio": 6.77,
            "account_receivable_turnover_ratio": 13.77,
            "reinvestment_rate": 11.78,
            "research_to_sale_ratio": null,
            "price_fair": 103.16,
            "eps_avg_yearly": 2.95,
            "eps_latest_yearly": 3.64,
            "eps_growth_yearly": 30.83
        },
        "20131": {
            "year_quarter": 20131,
            "year": 2013,
            "quarter": 1,
            "eps": 0.68,
            "eps_growth_year": -16.46,
            "eps_4q": 3.28,
            "eps_4q_growth_year": -10.36,
            "roe": 15.11,
            "roe_4q": 68.19,
            "gross_profit": 1335000,
            "gross_margin": 52.66,
            "gross_margin_4q_avg": 51.52,
            "net_income": 336000,
            "net_income_4q": null,
            "revenue": 2535000,
            "revenue_4q": null,
            "common_shares": null,
            "book_valuer_per_share": 1.28,
            "book_valuer_per_share_4q_avg": 1.04,
            "equity": 2293000,
            "current_ratio": 90.86,
            "debt_ratio": 74.37,
            "inventory_turnover_ratio": 3.99,
            "account_receivable_turnover_ratio": 7.58,
            "reinvestment_rate": 8.53,
            "research_to_sale_ratio": null,
            "price_fair": 105.26,
            "eps_avg_yearly": 3.01,
            "eps_latest_yearly": 2.72,
            "eps_growth_yearly": 25.07
        },
        "20132": {
            "year_quarter": 20132,
            "year": 2013,
            "quarter": 2,
            "eps": 0.53,
            "eps_growth_year": -20.66,
            "eps_4q": 3.14,
            "eps_4q_growth_year": -13.26,
            "roe": 12.22,
            "roe_4q": 64.84,
            "gross_profit": 1475000,
            "gross_margin": 50.79,
            "gross_margin_4q_avg": 51.57,
            "net_income": 276000,
            "net_income_4q": null,
            "revenue": 2904000,
            "revenue_4q": null,
            "common_shares": 0,
            "book_valuer_per_share": 0.89,
            "book_valuer_per_share_4q_avg": 1.05,
            "equity": 2223000,
            "current_ratio": 80.65,
            "debt_ratio": 74.63,
            "inventory_turnover_ratio": 4.71,
            "account_receivable_turnover_ratio": 8.07,
            "reinvestment_rate": 6.35,
            "research_to_sale_ratio": null,
            "price_fair": 69.96,
            "eps_avg_yearly": 3,
            "eps_latest_yearly": 2.12,
            "eps_growth_yearly": 13.3
        },
        "20133": {
            "year_quarter": 20133,
            "year": 2013,
            "quarter": 3,
            "eps": 1.56,
            "eps_growth_year": 53.77,
            "eps_4q": 3.69,
            "eps_4q_growth_year": 8.44,
            "roe": 6.2,
            "roe_4q": 48.97,
            "gross_profit": 1805000,
            "gross_margin": 52.08,
            "gross_margin_4q_avg": 51.57,
            "net_income": 137000,
            "net_income_4q": null,
            "revenue": 3466000,
            "revenue_4q": null,
            "common_shares": null,
            "book_valuer_per_share": 1.5,
            "book_valuer_per_share_4q_avg": 1.16,
            "equity": 2194000,
            "current_ratio": 92.01,
            "debt_ratio": 74.87,
            "inventory_turnover_ratio": 5.37,
            "account_receivable_turnover_ratio": 9.9,
            "reinvestment_rate": 5,
            "research_to_sale_ratio": null,
            "price_fair": 112.53,
            "eps_avg_yearly": 3.22,
            "eps_latest_yearly": 6.24,
            "eps_growth_yearly": 54.61
        },
        "20134": {
            "year_quarter": 20134,
            "year": 2013,
            "quarter": 4,
            "eps": 0.82,
            "eps_growth_year": -10.09,
            "eps_4q": 3.6,
            "eps_4q_growth_year": 5.33,
            "roe": 14.45,
            "roe_4q": 47.98,
            "gross_profit": 2143000,
            "gross_margin": 51.28,
            "gross_margin_4q_avg": 51.7,
            "net_income": 315000,
            "net_income_4q": null,
            "revenue": 4179000,
            "revenue_4q": null,
            "common_shares": 0,
            "book_valuer_per_share": 1.44,
            "book_valuer_per_share_4q_avg": 1.28,
            "equity": 2166000,
            "current_ratio": 74.66,
            "debt_ratio": 75.09,
            "inventory_turnover_ratio": 6.86,
            "account_receivable_turnover_ratio": 11.06,
            "reinvestment_rate": 11.95,
            "research_to_sale_ratio": null,
            "price_fair": 114.89,
            "eps_avg_yearly": 3.28,
            "eps_latest_yearly": 3.28,
            "eps_growth_yearly": 48.39
        },
        "20141": {
            "year_quarter": 20141,
            "year": 2014,
            "quarter": 1,
            "eps": 0.87,
            "eps_growth_year": 27.63,
            "eps_4q": 3.79,
            "eps_4q_growth_year": 15.41,
            "roe": 17.97,
            "roe_4q": 50.84,
            "gross_profit": 1473000,
            "gross_margin": 54.07,
            "gross_margin_4q_avg": 52.06,
            "net_income": 399000,
            "net_income_4q": null,
            "revenue": 2724000,
            "revenue_4q": null,
            "common_shares": 0,
            "book_valuer_per_share": 1.72,
            "book_valuer_per_share_4q_avg": 1.39,
            "equity": 2275000,
            "current_ratio": 84.14,
            "debt_ratio": 73.87,
            "inventory_turnover_ratio": 4.53,
            "account_receivable_turnover_ratio": 7.15,
            "reinvestment_rate": 11.06,
            "research_to_sale_ratio": null,
            "price_fair": 116.9,
            "eps_avg_yearly": 3.34,
            "eps_latest_yearly": 3.48,
            "eps_growth_yearly": 45.82
        },
        "20142": {
            "year_quarter": 20142,
            "year": 2014,
            "quarter": 2,
            "eps": 0.77,
            "eps_growth_year": 45.51,
            "eps_4q": 4.03,
            "eps_4q_growth_year": 28.16,
            "roe": 14.89,
            "roe_4q": 53.510000000000005,
            "gross_profit": 1664000,
            "gross_margin": 51.94,
            "gross_margin_4q_avg": 52.34,
            "net_income": 338000,
            "net_income_4q": null,
            "revenue": 3204000,
            "revenue_4q": null,
            "common_shares": 0,
            "book_valuer_per_share": 1.76,
            "book_valuer_per_share_4q_avg": 1.61,
            "equity": 2264000,
            "current_ratio": 87.41,
            "debt_ratio": 74.3,
            "inventory_turnover_ratio": 5.7,
            "account_receivable_turnover_ratio": 9.08,
            "reinvestment_rate": 10.34,
            "research_to_sale_ratio": null,
            "price_fair": 118.48,
            "eps_avg_yearly": 3.39,
            "eps_latest_yearly": 3.08,
            "eps_growth_yearly": 44.9
        },
        "20143": {
            "year_quarter": 20143,
            "year": 2014,
            "quarter": 3,
            "eps": 0.85,
            "eps_growth_year": -45.53,
            "eps_4q": 3.32,
            "eps_4q_growth_year": -10.13,
            "roe": 16.9,
            "roe_4q": 64.21,
            "gross_profit": 1719000,
            "gross_margin": 51.25,
            "gross_margin_4q_avg": 52.14,
            "net_income": 403000,
            "net_income_4q": null,
            "revenue": 3354000,
            "revenue_4q": null,
            "common_shares": 7000,
            "book_valuer_per_share": 2.28,
            "book_valuer_per_share_4q_avg": 1.8,
            "equity": 2505000,
            "current_ratio": 98.01,
            "debt_ratio": 72.7,
            "inventory_turnover_ratio": 5.97,
            "account_receivable_turnover_ratio": 9.25,
            "reinvestment_rate": 10.2,
            "research_to_sale_ratio": null,
            "price_fair": 119.44,
            "eps_avg_yearly": 3.41,
            "eps_latest_yearly": 3.4,
            "eps_growth_yearly": 41.14
        },
        "20144": {
            "year_quarter": 20144,
            "year": 2014,
            "quarter": 4,
            "eps": 1.02,
            "eps_growth_year": 24.45,
            "eps_4q": 3.52,
            "eps_4q_growth_year": -2.26,
            "roe": -5.87,
            "roe_4q": 43.89,
            "gross_profit": 2006000,
            "gross_margin": 50.19,
            "gross_margin_4q_avg": 51.86,
            "net_income": -119000,
            "net_income_4q": null,
            "revenue": 3997000,
            "revenue_4q": null,
            "common_shares": 0,
            "book_valuer_per_share": 1.22,
            "book_valuer_per_share_4q_avg": 1.75,
            "equity": 1547000,
            "current_ratio": 64.47,
            "debt_ratio": 81.44,
            "inventory_turnover_ratio": 7.02,
            "account_receivable_turnover_ratio": 10.62,
            "reinvestment_rate": 11.26,
            "research_to_sale_ratio": 0.75,
            "price_fair": 122.85,
            "eps_avg_yearly": 3.51,
            "eps_latest_yearly": 4.08,
            "eps_growth_yearly": 49.86
        },
        "20151": {
            "year_quarter": 20151,
            "year": 2015,
            "quarter": 1,
            "eps": 0.79,
            "eps_growth_year": -9.32,
            "eps_4q": 3.44,
            "eps_4q_growth_year": -9.28,
            "roe": 22.19,
            "roe_4q": 48.11,
            "gross_profit": 1407000,
            "gross_margin": 53.66,
            "gross_margin_4q_avg": 51.76,
            "net_income": 361000,
            "net_income_4q": null,
            "revenue": 2622000,
            "revenue_4q": null,
            "common_shares": 0,
            "book_valuer_per_share": 1.67,
            "book_valuer_per_share_4q_avg": 1.73,
            "equity": 1707000,
            "current_ratio": 77.86,
            "debt_ratio": 79.45,
            "inventory_turnover_ratio": 4.21,
            "account_receivable_turnover_ratio": 6.96,
            "reinvestment_rate": 7,
            "research_to_sale_ratio": null,
            "price_fair": 123.81,
            "eps_avg_yearly": 3.54,
            "eps_latest_yearly": 3.16,
            "eps_growth_yearly": 42.24
        },
        "20152": {
            "year_quarter": 20152,
            "year": 2015,
            "quarter": 2,
            "eps": 0.74,
            "eps_growth_year": -3.87,
            "eps_4q": 3.41,
            "eps_4q_growth_year": -15.46,
            "roe": 14.41,
            "roe_4q": 47.629999999999995,
            "gross_profit": 1615000,
            "gross_margin": 52.01,
            "gross_margin_4q_avg": 51.78,
            "net_income": 236000,
            "net_income_4q": null,
            "revenue": 3105000,
            "revenue_4q": null,
            "common_shares": 0,
            "book_valuer_per_share": 1.37,
            "book_valuer_per_share_4q_avg": 1.64,
            "equity": 1569000,
            "current_ratio": 64.3,
            "debt_ratio": 81.08,
            "inventory_turnover_ratio": 5.37,
            "account_receivable_turnover_ratio": 8.59,
            "reinvestment_rate": 7.62,
            "research_to_sale_ratio": null,
            "price_fair": 124.16,
            "eps_avg_yearly": 3.55,
            "eps_latest_yearly": 2.96,
            "eps_growth_yearly": 39.92
        },
        "20153": {
            "year_quarter": 20153,
            "year": 2015,
            "quarter": 3,
            "eps": 0.97,
            "eps_growth_year": 13.7,
            "eps_4q": 3.52,
            "eps_4q_growth_year": 6.21,
            "roe": 25.1,
            "roe_4q": 55.830000000000005,
            "gross_profit": 1804000,
            "gross_margin": 52.64,
            "gross_margin_4q_avg": 52.13,
            "net_income": 426000,
            "net_income_4q": null,
            "revenue": 3427000,
            "revenue_4q": null,
            "common_shares": 8000,
            "book_valuer_per_share": 2,
            "book_valuer_per_share_4q_avg": 1.57,
            "equity": 1825000,
            "current_ratio": 72.63,
            "debt_ratio": 78.03,
            "inventory_turnover_ratio": 6.38,
            "account_receivable_turnover_ratio": 9.72,
            "reinvestment_rate": 2.13,
            "research_to_sale_ratio": 0,
            "price_fair": 121.8,
            "eps_avg_yearly": 3.48,
            "eps_latest_yearly": 3.88,
            "eps_growth_yearly": 28.4
        },
        "20154": {
            "year_quarter": 20154,
            "year": 2015,
            "quarter": 4,
            "eps": 0.6,
            "eps_growth_year": -41.25,
            "eps_4q": 3.1,
            "eps_4q_growth_year": -11.81,
            "roe": 20.1,
            "roe_4q": 81.8,
            "gross_profit": 2013000,
            "gross_margin": 50.95,
            "gross_margin_4q_avg": 52.32,
            "net_income": 275000,
            "net_income_4q": null,
            "revenue": 3951000,
            "revenue_4q": null,
            "common_shares": 0,
            "book_valuer_per_share": 0.42,
            "book_valuer_per_share_4q_avg": 1.37,
            "equity": 911000,
            "current_ratio": 54.65,
            "debt_ratio": 88.7,
            "inventory_turnover_ratio": 14.36,
            "account_receivable_turnover_ratio": 11.01,
            "reinvestment_rate": -34.89,
            "research_to_sale_ratio": 0.73,
            "price_fair": 119.18,
            "eps_avg_yearly": 3.41,
            "eps_latest_yearly": 2.4,
            "eps_growth_yearly": 25.72
        },
        "20161": {
            "year_quarter": 20161,
            "year": 2016,
            "quarter": 1,
            "eps": 0.93,
            "eps_growth_year": 17.06,
            "eps_4q": 3.24,
            "eps_4q_growth_year": -5.79,
            "roe": 74.04,
            "roe_4q": 133.65,
            "gross_profit": 1436000,
            "gross_margin": 54.83,
            "gross_margin_4q_avg": 52.61,
            "net_income": 395000,
            "net_income_4q": null,
            "revenue": 2619000,
            "revenue_4q": null,
            "common_shares": 2000,
            "book_valuer_per_share": -1.85,
            "book_valuer_per_share_4q_avg": 0.49,
            "equity": 156000,
            "current_ratio": 42.23,
            "debt_ratio": 98.1,
            "inventory_turnover_ratio": 9.46,
            "account_receivable_turnover_ratio": 6.71,
            "reinvestment_rate": 0.06,
            "research_to_sale_ratio": null,
            "price_fair": 120.14,
            "eps_avg_yearly": 3.43,
            "eps_latest_yearly": 3.72,
            "eps_growth_yearly": 41.7
        },
        "20162": {
            "year_quarter": 20162,
            "year": 2016,
            "quarter": 2,
            "eps": 0.74,
            "eps_growth_year": 0.25,
            "eps_4q": 3.24,
            "eps_4q_growth_year": -4.91,
            "roe": -287.55,
            "roe_4q": -168.31,
            "gross_profit": 1591000,
            "gross_margin": 52.89,
            "gross_margin_4q_avg": 52.83,
            "net_income": 335000,
            "net_income_4q": null,
            "revenue": 3008000,
            "revenue_4q": null,
            "common_shares": 0,
            "book_valuer_per_share": -3.26,
            "book_valuer_per_share_4q_avg": -0.67,
            "equity": -389000,
            "current_ratio": 82.45,
            "debt_ratio": 104.75,
            "inventory_turnover_ratio": 6.09,
            "account_receivable_turnover_ratio": 7.4,
            "reinvestment_rate": -0.72,
            "research_to_sale_ratio": null,
            "price_fair": 120.75,
            "eps_avg_yearly": 3.45,
            "eps_latest_yearly": 2.96,
            "eps_growth_yearly": 41.16
        },
        "20163": {
            "year_quarter": 20163,
            "year": 2016,
            "quarter": 3,
            "eps": 2.03,
            "eps_growth_year": 109.11,
            "eps_4q": 4.29,
            "eps_4q_growth_year": 21.94,
            "roe": -55.32,
            "roe_4q": -248.73,
            "gross_profit": 1814000,
            "gross_margin": 54.7,
            "gross_margin_4q_avg": 53.34,
            "net_income": 632000,
            "net_income_4q": null,
            "revenue": 3316000,
            "revenue_4q": null,
            "common_shares": 0,
            "book_valuer_per_share": -7.42,
            "book_valuer_per_share_4q_avg": -3.03,
            "equity": -1896000,
            "current_ratio": 174.12,
            "debt_ratio": 118.17,
            "inventory_turnover_ratio": 5.89,
            "account_receivable_turnover_ratio": 7.94,
            "reinvestment_rate": -4.92,
            "research_to_sale_ratio": null,
            "price_fair": 129.59,
            "eps_avg_yearly": 3.7,
            "eps_latest_yearly": 8.12,
            "eps_growth_yearly": 71.68
        },
        "20164": {
            "year_quarter": 20164,
            "year": 2016,
            "quarter": 4,
            "eps": 2.26,
            "eps_growth_year": 4.07,
            "eps_4q": 5.95,
            "eps_4q_growth_year": 27.44,
            "roe": -27.11,
            "roe_4q": -295.94,
            "gross_profit": 3782000,
            "gross_margin": 59.5,
            "gross_margin_4q_avg": 55.48,
            "net_income": 1018000,
            "net_income_4q": null,
            "revenue": 6356000,
            "revenue_4q": null,
            "common_shares": 0,
            "book_valuer_per_share": -17.75,
            "book_valuer_per_share_4q_avg": -7.57,
            "equity": -5615000,
            "current_ratio": 115.24,
            "debt_ratio": 202.97,
            "inventory_turnover_ratio": 17.63,
            "account_receivable_turnover_ratio": 14.89,
            "reinvestment_rate": -28.9,
            "research_to_sale_ratio": 0.38,
            "price_fair": 141.4,
            "eps_avg_yearly": 4.04,
            "eps_latest_yearly": 9.04,
            "eps_growth_yearly": 77.21
        },
        "20171": {
            "year_quarter": 20171,
            "year": 2017,
            "quarter": 1,
            "eps": 0.37,
            "eps_growth_year": -37.68,
            "eps_4q": 4.07,
            "eps_4q_growth_year": 31.2,
            "roe": -7.27,
            "roe_4q": -377.25,
            "gross_profit": 851000,
            "gross_margin": 60.06,
            "gross_margin_4q_avg": 56.79,
            "net_income": 280000,
            "net_income_4q": null,
            "revenue": 1417000,
            "revenue_4q": null,
            "common_shares": 0,
            "book_valuer_per_share": -18.57,
            "book_valuer_per_share_4q_avg": -11.75,
            "equity": -5812000,
            "current_ratio": 81.96,
            "debt_ratio": 212.83,
            "inventory_turnover_ratio": 3.92,
            "account_receivable_turnover_ratio": 3.56,
            "reinvestment_rate": -44.25,
            "research_to_sale_ratio": null,
            "price_fair": 138.69,
            "eps_avg_yearly": 3.96,
            "eps_latest_yearly": 1.48,
            "eps_growth_yearly": 62.62
        },
        "20172": {
            "year_quarter": 20172,
            "year": 2017,
            "quarter": 2,
            "eps": 0.48,
            "eps_growth_year": -48.45,
            "eps_4q": 3.62,
            "eps_4q_growth_year": 11.86,
            "roe": -3.46,
            "roe_4q": -93.16,
            "gross_profit": 875000,
            "gross_margin": 60.43,
            "gross_margin_4q_avg": 58.67,
            "net_income": 206000,
            "net_income_4q": null,
            "revenue": 1448000,
            "revenue_4q": null,
            "common_shares": 0,
            "book_valuer_per_share": -19.68,
            "book_valuer_per_share_4q_avg": -15.86,
            "equity": -6102000,
            "current_ratio": 120.77,
            "debt_ratio": 209.04,
            "inventory_turnover_ratio": 17.63,
            "account_receivable_turnover_ratio": 4.07,
            "reinvestment_rate": -46.56,
            "research_to_sale_ratio": null,
            "price_fair": 138.25,
            "eps_avg_yearly": 3.95,
            "eps_latest_yearly": 1.92,
            "eps_growth_yearly": 75.57
        },
        "20173": {
            "year_quarter": 20173,
            "year": 2017,
            "quarter": 3,
            "eps": 0.58,
            "eps_growth_year": -21.88,
            "eps_4q": 3.46,
            "eps_4q_growth_year": 6.77,
            "roe": -6.84,
            "roe_4q": -44.68,
            "gross_profit": 876000,
            "gross_margin": 61,
            "gross_margin_4q_avg": 60.25,
            "net_income": 418000,
            "net_income_4q": null,
            "revenue": 1436000,
            "revenue_4q": null,
            "common_shares": 0,
            "book_valuer_per_share": -19.95,
            "book_valuer_per_share_4q_avg": -18.99,
            "equity": -6121000,
            "current_ratio": 142.48,
            "debt_ratio": 212.23,
            "inventory_turnover_ratio": 24.35,
            "account_receivable_turnover_ratio": 4.02,
            "reinvestment_rate": -48.75,
            "research_to_sale_ratio": null,
            "price_fair": 129.68,
            "eps_avg_yearly": 3.71,
            "eps_latest_yearly": 2.32,
            "eps_growth_yearly": 32.19
        },
        "20174": {
            "year_quarter": 20174,
            "year": 2017,
            "quarter": 4,
            "eps": -0.21,
            "eps_growth_year": -110.28,
            "eps_4q": 1.22,
            "eps_4q_growth_year": -71.5,
            "roe": -13.97,
            "roe_4q": -31.540000000000003,
            "gross_profit": 997000,
            "gross_margin": 63.22,
            "gross_margin_4q_avg": 61.18,
            "net_income": 870000,
            "net_income_4q": null,
            "revenue": 1577000,
            "revenue_4q": null,
            "common_shares": 0,
            "book_valuer_per_share": -20.95,
            "book_valuer_per_share_4q_avg": -19.79,
            "equity": -6334000,
            "current_ratio": 165.81,
            "debt_ratio": 219.26,
            "inventory_turnover_ratio": 41.43,
            "account_receivable_turnover_ratio": 3.38,
            "reinvestment_rate": -48.97,
            "research_to_sale_ratio": null,
            "price_fair": 130.67,
            "eps_avg_yearly": 3.73,
            "eps_latest_yearly": 2.32,
            "eps_growth_yearly": 46.99
        },
        "20181": {
            "year_quarter": 20181,
            "year": 2018,
            "quarter": 1,
            "eps": 0.78,
            "eps_growth_year": 108.6,
            "eps_4q": 1.63,
            "eps_4q_growth_year": -59.95,
            "roe": -6.71,
            "roe_4q": -30.98,
            "gross_profit": 614000,
            "gross_margin": 44.78,
            "gross_margin_4q_avg": 57.36,
            "net_income": 439000,
            "net_income_4q": null,
            "revenue": 1371000,
            "revenue_4q": null,
            "common_shares": 0,
            "book_valuer_per_share": -22.55,
            "book_valuer_per_share_4q_avg": -20.78,
            "equity": -6754000,
            "current_ratio": 170.33,
            "debt_ratio": 239.66,
            "inventory_turnover_ratio": null,
            "account_receivable_turnover_ratio": 2.55,
            "reinvestment_rate": -47.07,
            "research_to_sale_ratio": null,
            "price_fair": 131.3,
            "eps_avg_yearly": 3.75,
            "eps_latest_yearly": 2.32,
            "eps_growth_yearly": 48.6
        },
        "20182": {
            "year_quarter": 20182,
            "year": 2018,
            "quarter": 2,
            "eps": 0.71,
            "eps_growth_year": 49.27,
            "eps_4q": 1.87,
            "eps_4q_growth_year": -48.48,
            "roe": -4.01,
            "roe_4q": -31.529999999999998,
            "gross_profit": 633000,
            "gross_margin": 46.27,
            "gross_margin_4q_avg": 53.82,
            "net_income": 281000,
            "net_income_4q": null,
            "revenue": 1368000,
            "revenue_4q": null,
            "common_shares": 0,
            "book_valuer_per_share": -24.57,
            "book_valuer_per_share_4q_avg": -22.01,
            "equity": -7247000,
            "current_ratio": 130.19,
            "debt_ratio": 267.52,
            "inventory_turnover_ratio": null,
            "account_receivable_turnover_ratio": 2.66,
            "reinvestment_rate": -46,
            "research_to_sale_ratio": null,
            "price_fair": 130.7,
            "eps_avg_yearly": 3.73,
            "eps_latest_yearly": 2.84,
            "eps_growth_yearly": 49.32
        },
        "20183": {
            "year_quarter": 20183,
            "year": 2018,
            "quarter": 3,
            "eps": 0.97,
            "eps_growth_year": 67.43,
            "eps_4q": 2.26,
            "eps_4q_growth_year": -34.73,
            "roe": -5.79,
            "roe_4q": -30.480000000000004,
            "gross_profit": 664000,
            "gross_margin": 47.74,
            "gross_margin_4q_avg": 50.5,
            "net_income": 426000,
            "net_income_4q": null,
            "revenue": 1391000,
            "revenue_4q": null,
            "common_shares": 0,
            "book_valuer_per_share": -25.66,
            "book_valuer_per_share_4q_avg": -23.43,
            "equity": -7458000,
            "current_ratio": 97.91,
            "debt_ratio": 279.49,
            "inventory_turnover_ratio": null,
            "account_receivable_turnover_ratio": 2.64,
            "reinvestment_rate": -47.48,
            "research_to_sale_ratio": null,
            "price_fair": 131.9,
            "eps_avg_yearly": 3.77,
            "eps_latest_yearly": 3.88,
            "eps_growth_yearly": 56.82
        },
        "20184": {
            "year_quarter": 20184,
            "year": 2018,
            "quarter": 4,
            "eps": 0.06,
            "eps_growth_year": null,
            "eps_4q": 2.52,
            "eps_4q_growth_year": 106.23,
            "roe": -4.29,
            "roe_4q": -20.8,
            "gross_profit": 747000,
            "gross_margin": 47.95,
            "gross_margin_4q_avg": 46.69,
            "net_income": 330000,
            "net_income_4q": null,
            "revenue": 1558000,
            "revenue_4q": null,
            "common_shares": 0,
            "book_valuer_per_share": -28.41,
            "book_valuer_per_share_4q_avg": -25.3,
            "equity": -7926000,
            "current_ratio": 92.77,
            "debt_ratio": 291.91,
            "inventory_turnover_ratio": null,
            "account_receivable_turnover_ratio": 2.77,
            "reinvestment_rate": -53.68,
            "research_to_sale_ratio": null,
            "price_fair": 119.85,
            "eps_avg_yearly": 3.49,
            "eps_latest_yearly": 0.24,
            "eps_growth_yearly": 24.3
        },
        "20191": {
            "year_quarter": 20191,
            "year": 2019,
            "quarter": 1,
            "eps": 0.82,
            "eps_growth_year": 5.09,
            "eps_4q": 2.56,
            "eps_4q_growth_year": 57.31,
            "roe": -3.31,
            "roe_4q": -17.4,
            "gross_profit": 638000,
            "gross_margin": 50.88,
            "gross_margin_4q_avg": 48.21,
            "net_income": 262000,
            "net_income_4q": null,
            "revenue": 1254000,
            "revenue_4q": null,
            "common_shares": 0,
            "book_valuer_per_share": -28.35,
            "book_valuer_per_share_4q_avg": -26.75,
            "equity": -7904000,
            "current_ratio": 89.37,
            "debt_ratio": 266.61,
            "inventory_turnover_ratio": null,
            "account_receivable_turnover_ratio": 2.2,
            "reinvestment_rate": -40.94,
            "research_to_sale_ratio": null,
            "price_fair": 122.6,
            "eps_avg_yearly": 3.5,
            "eps_latest_yearly": 3.28,
            "eps_growth_yearly": 392.65
        },
        "20192": {
            "year_quarter": 20192,
            "year": 2019,
            "quarter": 2,
            "eps": 0.95,
            "eps_growth_year": 33.55,
            "eps_4q": 2.8,
            "eps_4q_growth_year": 50.29,
            "roe": -3.64,
            "roe_4q": -17.03,
            "gross_profit": 671000,
            "gross_margin": 51.22,
            "gross_margin_4q_avg": 49.45,
            "net_income": 289000,
            "net_income_4q": null,
            "revenue": 1310000,
            "revenue_4q": null,
            "common_shares": 0,
            "book_valuer_per_share": -28.83,
            "book_valuer_per_share_4q_avg": -27.81,
            "equity": -7994000,
            "current_ratio": 94.6,
            "debt_ratio": 271.03,
            "inventory_turnover_ratio": null,
            "account_receivable_turnover_ratio": 2.43,
            "reinvestment_rate": -41.78,
            "research_to_sale_ratio": null,
            "price_fair": 124.7,
            "eps_avg_yearly": 3.56,
            "eps_latest_yearly": 3.8,
            "eps_growth_yearly": 398.98
        },
        "20193": {
            "year_quarter": 20193,
            "year": 2019,
            "quarter": 3,
            "eps": 0.81,
            "eps_growth_year": -17.2,
            "eps_4q": 2.64,
            "eps_4q_growth_year": 16.8,
            "roe": -3.17,
            "roe_4q": -14.41,
            "gross_profit": 679000,
            "gross_margin": 50.71,
            "gross_margin_4q_avg": 50.19,
            "net_income": 255000,
            "net_income_4q": null,
            "revenue": 1339000,
            "revenue_4q": null,
            "common_shares": 0,
            "book_valuer_per_share": -29.24,
            "book_valuer_per_share_4q_avg": -28.71,
            "equity": -8097000,
            "current_ratio": 156.84,
            "debt_ratio": 261.84,
            "inventory_turnover_ratio": null,
            "account_receivable_turnover_ratio": 2.52,
            "reinvestment_rate": -40.89,
            "research_to_sale_ratio": null,
            "price_fair": 123.1,
            "eps_avg_yearly": 3.52,
            "eps_latest_yearly": 3.24,
            "eps_growth_yearly": 385.89
        },
        "20194": {
            "year_quarter": 20194,
            "year": 2019,
            "quarter": 4,
            "eps": 1.42,
            "eps_growth_year": 2295.72,
            "eps_4q": 4,
            "eps_4q_growth_year": 58.43,
            "roe": -6.06,
            "roe_4q": -16.18,
            "gross_profit": 826000,
            "gross_margin": 48.76,
            "gross_margin_4q_avg": 50.39,
            "net_income": 488000,
            "net_income_4q": null,
            "revenue": 1694000,
            "revenue_4q": null,
            "common_shares": 0,
            "book_valuer_per_share": -29.3,
            "book_valuer_per_share_4q_avg": -28.93,
            "equity": -8016000,
            "current_ratio": 99.09,
            "debt_ratio": 253.24,
            "inventory_turnover_ratio": null,
            "account_receivable_turnover_ratio": 2.95,
            "reinvestment_rate": -6.43,
            "research_to_sale_ratio": null,
            "price_fair": 131.3,
            "eps_avg_yearly": 3.75,
            "eps_latest_yearly": 5.68,
            "eps_growth_yearly": 418.31
        },
        "20201": {
            "year_quarter": 20201,
            "year": 2020,
            "quarter": 1,
            "eps": 0.81,
            "eps_growth_year": -0.97,
            "eps_4q": 3.99,
            "eps_4q_growth_year": 55.67,
            "roe": -1.02,
            "roe_4q": -13.89,
            "gross_profit": 597000,
            "gross_margin": 47.27,
            "gross_margin_4q_avg": 49.49,
            "net_income": 83000,
            "net_income_4q": null,
            "revenue": 1263000,
            "revenue_4q": null,
            "common_shares": 15000,
            "book_valuer_per_share": -30.47,
            "book_valuer_per_share_4q_avg": -29.46,
            "equity": -8229000,
            "current_ratio": 132.73,
            "debt_ratio": 235.23,
            "inventory_turnover_ratio": null,
            "account_receivable_turnover_ratio": 2.23,
            "reinvestment_rate": -33.46,
            "research_to_sale_ratio": null,
            "price_fair": 130.1,
            "eps_avg_yearly": 3.72,
            "eps_latest_yearly": 3.24,
            "eps_growth_yearly": 390.32
        },
        "20202": {
            "year_quarter": 20202,
            "year": 2020,
            "quarter": 2,
            "eps": 0.86,
            "eps_growth_year": -9.69,
            "eps_4q": 3.9,
            "eps_4q_growth_year": 39.09,
            "roe": -2.52,
            "roe_4q": -12.77,
            "gross_profit": 549000,
            "gross_margin": 45.83,
            "gross_margin_4q_avg": 48.14,
            "net_income": 206000,
            "net_income_4q": null,
            "revenue": 1198000,
            "revenue_4q": null,
            "common_shares": 11000,
            "book_valuer_per_share": -30.08,
            "book_valuer_per_share_4q_avg": -29.77,
            "equity": -8108000,
            "current_ratio": 162.58,
            "debt_ratio": 226.27,
            "inventory_turnover_ratio": null,
            "account_receivable_turnover_ratio": 2.3,
            "reinvestment_rate": -35.88,
            "research_to_sale_ratio": null,
            "price_fair": 131.3,
            "eps_avg_yearly": 3.75,
            "eps_latest_yearly": 3.44,
            "eps_growth_yearly": 397.92
        },
        "20203": {
            "year_quarter": 20203,
            "year": 2020,
            "quarter": 3,
            "eps": 1.09,
            "eps_growth_year": 35.13,
            "eps_4q": 4.18,
            "eps_4q_growth_year": 58.65,
            "roe": -3.53,
            "roe_4q": -13.129999999999999,
            "gross_profit": 723000,
            "gross_margin": 49.93,
            "gross_margin_4q_avg": 47.95,
            "net_income": 283000,
            "net_income_4q": null,
            "revenue": 1448000,
            "revenue_4q": null,
            "common_shares": 23000,
            "book_valuer_per_share": -29.3,
            "book_valuer_per_share_4q_avg": -29.79,
            "equity": -7919000,
            "current_ratio": 130.71,
            "debt_ratio": 230.66,
            "inventory_turnover_ratio": null,
            "account_receivable_turnover_ratio": 2.75,
            "reinvestment_rate": -35.15,
            "research_to_sale_ratio": null,
            "price_fair": 121.9,
            "eps_avg_yearly": 3.48,
            "eps_latest_yearly": 4.36,
            "eps_growth_yearly": 355.76
        },
        "20204": {
            "year_quarter": 20204,
            "year": 2020,
            "quarter": 4,
            "eps": 1.21,
            "eps_growth_year": -14.82,
            "eps_4q": 3.97,
            "eps_4q_growth_year": -0.71,
            "roe": -4.2,
            "roe_4q": -11.27,
            "gross_profit": 818000,
            "gross_margin": 46.93,
            "gross_margin_4q_avg": 47.49,
            "net_income": 332000,
            "net_income_4q": null,
            "revenue": 1743000,
            "revenue_4q": null,
            "common_shares": 0,
            "book_valuer_per_share": -29.44,
            "book_valuer_per_share_4q_avg": -29.82,
            "equity": -7891000,
            "current_ratio": 100.84,
            "debt_ratio": 234.84,
            "inventory_turnover_ratio": null,
            "account_receivable_turnover_ratio": 3.2,
            "reinvestment_rate": 0.04,
            "research_to_sale_ratio": null,
            "price_fair": 111.4,
            "eps_avg_yearly": 3.18,
            "eps_latest_yearly": 4.84,
            "eps_growth_yearly": 355.66
        },
        "20211": {
            "year_quarter": 20211,
            "year": 2021,
            "quarter": 1,
            "eps": 1.02,
            "eps_growth_year": 25.72,
            "eps_4q": 4.18,
            "eps_4q_growth_year": 4.72,
            "roe": -4.13,
            "roe_4q": -14.379999999999999,
            "gross_profit": 728000,
            "gross_margin": 48.99,
            "gross_margin_4q_avg": 47.92,
            "net_income": 326000,
            "net_income_4q": null,
            "revenue": 1486000,
            "revenue_4q": null,
            "common_shares": 0,
            "book_valuer_per_share": -29.74,
            "book_valuer_per_share_4q_avg": -29.64,
            "equity": -7912000,
            "current_ratio": 98.31,
            "debt_ratio": 242.56,
            "inventory_turnover_ratio": null,
            "account_receivable_turnover_ratio": 2.76,
            "reinvestment_rate": 0.62,
            "research_to_sale_ratio": null,
            "price_fair": 117.9,
            "eps_avg_yearly": 3.37,
            "eps_latest_yearly": 4.08,
            "eps_growth_yearly": 375.07
        },
        "20212": {
            "year_quarter": 20212,
            "year": 2021,
            "quarter": 2,
            "eps": 1.29,
            "eps_growth_year": 49.95,
            "eps_4q": 4.61,
            "eps_4q_growth_year": 18.21,
            "roe": -4.95,
            "roe_4q": -16.810000000000002,
            "gross_profit": 786000,
            "gross_margin": 49.06,
            "gross_margin_4q_avg": 48.73,
            "net_income": 391000,
            "net_income_4q": null,
            "revenue": 1602000,
            "revenue_4q": null,
            "common_shares": 0,
            "book_valuer_per_share": -29.87,
            "book_valuer_per_share_4q_avg": -29.59,
            "equity": -7893000,
            "current_ratio": 97.18,
            "debt_ratio": 239.72,
            "inventory_turnover_ratio": null,
            "account_receivable_turnover_ratio": 3.1,
            "reinvestment_rate": 3.47,
            "research_to_sale_ratio": null,
            "price_fair": 126,
            "eps_avg_yearly": 3.6,
            "eps_latest_yearly": 5.16,
            "eps_growth_yearly": 374.14
        },
        "20213": {
            "year_quarter": 20213,
            "year": 2021,
            "quarter": 3,
            "eps": 1.79,
            "eps_growth_year": 64.66,
            "eps_4q": 5.31,
            "eps_4q_growth_year": 27.04,
            "roe": -6.71,
            "roe_4q": -19.99,
            "gross_profit": 779000,
            "gross_margin": 48.51,
            "gross_margin_4q_avg": 48.37,
            "net_income": 528000,
            "net_income_4q": null,
            "revenue": 1606000,
            "revenue_4q": null,
            "common_shares": 0,
            "book_valuer_per_share": -30.16,
            "book_valuer_per_share_4q_avg": -29.8,
            "equity": -7855000,
            "current_ratio": 152.18,
            "debt_ratio": 222.37,
            "inventory_turnover_ratio": null,
            "account_receivable_turnover_ratio": 2.99,
            "reinvestment_rate": 5.72,
            "research_to_sale_ratio": null,
            "price_fair": 138.1,
            "eps_avg_yearly": 3.95,
            "eps_latest_yearly": 7.16,
            "eps_growth_yearly": 379.26
        },
        "20214": {
            "year_quarter": 20214,
            "year": 2021,
            "quarter": 4,
            "eps": 1.06,
            "eps_growth_year": -12.45,
            "eps_4q": 5.16,
            "eps_4q_growth_year": 29.99,
            "roe": -4.07,
            "roe_4q": -19.86,
            "gross_profit": 873000,
            "gross_margin": 46.19,
            "gross_margin_4q_avg": 48.19,
            "net_income": 330000,
            "net_income_4q": null,
            "revenue": 1890000,
            "revenue_4q": null,
            "common_shares": 0,
            "book_valuer_per_share": -32.49,
            "book_valuer_per_share_4q_avg": -30.57,
            "equity": -8373000,
            "current_ratio": 108.27,
            "debt_ratio": 240.35,
            "inventory_turnover_ratio": null,
            "account_receivable_turnover_ratio": 3.3,
            "reinvestment_rate": 6.95,
            "research_to_sale_ratio": null,
            "price_fair": 138.79,
            "eps_avg_yearly": 3.97,
            "eps_latest_yearly": 4.24,
            "eps_growth_yearly": 343.1
        },
        "20221": {
            "year_quarter": 20221,
            "year": 2022,
            "quarter": 1,
            "eps": 1.32,
            "eps_growth_year": 29.09,
            "eps_4q": 5.46,
            "eps_4q_growth_year": 30.6,
            "roe": -4.73,
            "roe_4q": -20.46,
            "gross_profit": 752000,
            "gross_margin": 48.61,
            "gross_margin_4q_avg": 48.09,
            "net_income": 399000,
            "net_income_4q": null,
            "revenue": 1547000,
            "revenue_4q": null,
            "common_shares": 0,
            "book_valuer_per_share": -33.22,
            "book_valuer_per_share_4q_avg": -31.44,
            "equity": -8491000,
            "current_ratio": 104.15,
            "debt_ratio": 245.99,
            "inventory_turnover_ratio": null,
            "account_receivable_turnover_ratio": 2.66,
            "reinvestment_rate": 2.84,
            "research_to_sale_ratio": null,
            "price_fair": 141.66,
            "eps_avg_yearly": 4.05,
            "eps_latest_yearly": 5.28,
            "eps_growth_yearly": 327.79
        },
        "20222": {
            "year_quarter": 20222,
            "year": 2022,
            "quarter": 2,
            "eps": 0.7,
            "eps_growth_year": -45.71,
            "eps_4q": 4.87,
            "eps_4q_growth_year": 5.64,
            "roe": -2.63,
            "roe_4q": -18.14,
            "gross_profit": 796000,
            "gross_margin": 48.66,
            "gross_margin_4q_avg": 47.99,
            "net_income": 224000,
            "net_income_4q": null,
            "revenue": 1636000,
            "revenue_4q": null,
            "common_shares": 0,
            "book_valuer_per_share": -33.61,
            "book_valuer_per_share_4q_avg": -32.37,
            "equity": -8568000,
            "current_ratio": 120.79,
            "debt_ratio": 247.98,
            "inventory_turnover_ratio": null,
            "account_receivable_turnover_ratio": 2.81,
            "reinvestment_rate": 3.98,
            "research_to_sale_ratio": null,
            "price_fair": 141.58,
            "eps_avg_yearly": 4.05,
            "eps_latest_yearly": 2.8,
            "eps_growth_yearly": 318.29
        },
        "20223": {
            "year_quarter": 20223,
            "year": 2022,
            "quarter": 3,
            "eps": 1.1,
            "eps_growth_year": -38.77,
            "eps_4q": 4.17,
            "eps_4q_growth_year": -21.43,
            "roe": -3.87,
            "roe_4q": -15.3,
            "gross_profit": 814000,
            "gross_margin": 49.63,
            "gross_margin_4q_avg": 48.27,
            "net_income": 331000,
            "net_income_4q": null,
            "revenue": 1640000,
            "revenue_4q": null,
            "common_shares": 0,
            "book_valuer_per_share": -33.51,
            "book_valuer_per_share_4q_avg": -33.21,
            "equity": -8542000,
            "current_ratio": 128.22,
            "debt_ratio": 247.81,
            "inventory_turnover_ratio": null,
            "account_receivable_turnover_ratio": 2.79,
            "reinvestment_rate": 7.85,
            "research_to_sale_ratio": null,
            "price_fair": 142.71,
            "eps_avg_yearly": 4.08,
            "eps_latest_yearly": 4.4,
            "eps_growth_yearly": 323.42
        },
        "20224": {
            "year_quarter": 20224,
            "year": 2022,
            "quarter": 4,
            "eps": 1.26,
            "eps_growth_year": 18.57,
            "eps_4q": 4.37,
            "eps_4q_growth_year": -15.31,
            "roe": -4.26,
            "roe_4q": -15.489999999999998,
            "gross_profit": 945000,
            "gross_margin": 46.81,
            "gross_margin_4q_avg": 48.43,
            "net_income": 371000,
            "net_income_4q": null,
            "revenue": 2019000,
            "revenue_4q": null,
            "common_shares": 0,
            "book_valuer_per_share": -35.24,
            "book_valuer_per_share_4q_avg": -33.9,
            "equity": -8876000,
            "current_ratio": 96.64,
            "debt_ratio": 251.83,
            "inventory_turnover_ratio": null,
            "account_receivable_turnover_ratio": 3.29,
            "reinvestment_rate": 0.78,
            "research_to_sale_ratio": null,
            "price_fair": 153.21,
            "eps_avg_yearly": 4.38,
            "eps_latest_yearly": 5.04,
            "eps_growth_yearly": 350.51
        },
        "20231": {
            "year_quarter": 20231,
            "year": 2023,
            "quarter": 1,
            "eps": 1.07,
            "eps_growth_year": -18.7,
            "eps_4q": 4.12,
            "eps_4q_growth_year": -24.42,
            "roe": -3.4,
            "roe_4q": -14.16,
            "gross_profit": 811000,
            "gross_margin": 49.3,
            "gross_margin_4q_avg": 48.6,
            "net_income": 300000,
            "net_income_4q": null,
            "revenue": 1645000,
            "revenue_4q": null,
            "common_shares": 0,
            "book_valuer_per_share": -34.87,
            "book_valuer_per_share_4q_avg": -34.31,
            "equity": -8774000,
            "current_ratio": 99.42,
            "debt_ratio": 252.62,
            "inventory_turnover_ratio": null,
            "account_receivable_turnover_ratio": 2.59,
            "reinvestment_rate": 1.15,
            "research_to_sale_ratio": null,
            "price_fair": 155.4,
            "eps_avg_yearly": 4.44,
            "eps_latest_yearly": 4.28,
            "eps_growth_yearly": 30.08
        },
        "20232": {
            "year_quarter": 20232,
            "year": 2023,
            "quarter": 2,
            "eps": 1.57,
            "eps_growth_year": 123.78,
            "eps_4q": 4.99,
            "eps_4q_growth_year": 2.52,
            "roe": -4.86,
            "roe_4q": -16.39,
            "gross_profit": 852000,
            "gross_margin": 50.5,
            "gross_margin_4q_avg": 49.06,
            "net_income": 418000,
            "net_income_4q": null,
            "revenue": 1687000,
            "revenue_4q": null,
            "common_shares": 13000,
            "book_valuer_per_share": -33.74,
            "book_valuer_per_share_4q_avg": -34.34,
            "equity": -8436000,
            "current_ratio": 101.88,
            "debt_ratio": 244.25,
            "inventory_turnover_ratio": null,
            "account_receivable_turnover_ratio": 2.64,
            "reinvestment_rate": 2.03,
            "research_to_sale_ratio": null,
            "price_fair": 160.83,
            "eps_avg_yearly": 4.6,
            "eps_latest_yearly": 6.28,
            "eps_growth_yearly": 37.8
        },
        "20233": {
            "year_quarter": 20233,
            "year": 2023,
            "quarter": 3,
            "eps": 1.42,
            "eps_growth_year": 29.1,
            "eps_4q": 5.31,
            "eps_4q_growth_year": 27.23,
            "roe": -5,
            "roe_4q": -17.52,
            "gross_profit": 860000,
            "gross_margin": 50.35,
            "gross_margin_4q_avg": 49.24,
            "net_income": 416000,
            "net_income_4q": null,
            "revenue": 1708000,
            "revenue_4q": null,
            "common_shares": 33000,
            "book_valuer_per_share": -32.85,
            "book_valuer_per_share_4q_avg": -34.18,
            "equity": -8190000,
            "current_ratio": 113.36,
            "debt_ratio": 234.9,
            "inventory_turnover_ratio": null,
            "account_receivable_turnover_ratio": 2.62,
            "reinvestment_rate": -0.53,
            "research_to_sale_ratio": null,
            "price_fair": 166.16,
            "eps_avg_yearly": 4.75,
            "eps_latest_yearly": 5.68,
            "eps_growth_yearly": 39.09
        }
    },
    "months": {
        "2001-01": {
            "month": "2001-01",
            "price": "8.46",
            "revenue": 0
        },
        "2001-02": {
            "month": "2001-02",
            "price": "9.08",
            "revenue": 0
        },
        "2001-03": {
            "month": "2001-03",
            "price": "9.34",
            "revenue": 0
        },
        "2001-04": {
            "month": "2001-04",
            "price": "9.89",
            "revenue": 0
        },
        "2001-05": {
            "month": "2001-05",
            "price": "10.76",
            "revenue": 0
        },
        "2001-06": {
            "month": "2001-06",
            "price": "11.40",
            "revenue": 0
        },
        "2001-07": {
            "month": "2001-07",
            "price": "11.04",
            "revenue": 0
        },
        "2001-08": {
            "month": "2001-08",
            "price": "11.02",
            "revenue": 0
        },
        "2001-09": {
            "month": "2001-09",
            "price": "9.97",
            "revenue": 0
        },
        "2001-10": {
            "month": "2001-10",
            "price": "11.39",
            "revenue": 0
        },
        "2001-11": {
            "month": "2001-11",
            "price": "12.50",
            "revenue": 0
        },
        "2001-12": {
            "month": "2001-12",
            "price": "12.58",
            "revenue": 0
        },
        "2002-01": {
            "month": "2002-01",
            "price": "13.16",
            "revenue": 0
        },
        "2002-02": {
            "month": "2002-02",
            "price": "13.98",
            "revenue": 0
        },
        "2002-03": {
            "month": "2002-03",
            "price": "14.60",
            "revenue": 0
        },
        "2002-04": {
            "month": "2002-04",
            "price": "15.27",
            "revenue": 0
        },
        "2002-05": {
            "month": "2002-05",
            "price": "15.97",
            "revenue": 0
        },
        "2002-06": {
            "month": "2002-06",
            "price": "15.92",
            "revenue": 0
        },
        "2002-07": {
            "month": "2002-07",
            "price": "13.77",
            "revenue": 0
        },
        "2002-08": {
            "month": "2002-08",
            "price": "14.76",
            "revenue": 0
        },
        "2002-09": {
            "month": "2002-09",
            "price": "14.52",
            "revenue": 0
        },
        "2002-10": {
            "month": "2002-10",
            "price": "12.57",
            "revenue": 0
        },
        "2002-11": {
            "month": "2002-11",
            "price": "11.43",
            "revenue": 0
        },
        "2002-12": {
            "month": "2002-12",
            "price": "11.78",
            "revenue": 0
        },
        "2003-01": {
            "month": "2003-01",
            "price": "12.29",
            "revenue": 0
        },
        "2003-02": {
            "month": "2003-02",
            "price": "11.53",
            "revenue": 0
        },
        "2003-03": {
            "month": "2003-03",
            "price": "11.94",
            "revenue": 0
        },
        "2003-04": {
            "month": "2003-04",
            "price": "12.25",
            "revenue": 0
        },
        "2003-05": {
            "month": "2003-05",
            "price": "13.04",
            "revenue": 0
        },
        "2003-06": {
            "month": "2003-06",
            "price": "14.33",
            "revenue": 0
        },
        "2003-07": {
            "month": "2003-07",
            "price": "14.81",
            "revenue": 0
        },
        "2003-08": {
            "month": "2003-08",
            "price": "14.63",
            "revenue": 0
        },
        "2003-09": {
            "month": "2003-09",
            "price": "15.03",
            "revenue": 0
        },
        "2003-10": {
            "month": "2003-10",
            "price": "16.33",
            "revenue": 0
        },
        "2003-11": {
            "month": "2003-11",
            "price": "16.93",
            "revenue": 0
        },
        "2003-12": {
            "month": "2003-12",
            "price": "17.00",
            "revenue": 0
        },
        "2004-01": {
            "month": "2004-01",
            "price": "17.15",
            "revenue": 0
        },
        "2004-02": {
            "month": "2004-02",
            "price": "17.38",
            "revenue": 0
        },
        "2004-03": {
            "month": "2004-03",
            "price": "18.74",
            "revenue": 0
        },
        "2004-04": {
            "month": "2004-04",
            "price": "19.21",
            "revenue": 0
        },
        "2004-05": {
            "month": "2004-05",
            "price": "18.60",
            "revenue": 0
        },
        "2004-06": {
            "month": "2004-06",
            "price": "18.70",
            "revenue": 0
        },
        "2004-07": {
            "month": "2004-07",
            "price": "18.86",
            "revenue": 0
        },
        "2004-08": {
            "month": "2004-08",
            "price": "19.14",
            "revenue": 0
        },
        "2004-09": {
            "month": "2004-09",
            "price": "20.16",
            "revenue": 0
        },
        "2004-10": {
            "month": "2004-10",
            "price": "21.21",
            "revenue": 0
        },
        "2004-11": {
            "month": "2004-11",
            "price": "22.45",
            "revenue": 0
        },
        "2004-12": {
            "month": "2004-12",
            "price": "23.21",
            "revenue": 0
        },
        "2005-01": {
            "month": "2005-01",
            "price": "22.94",
            "revenue": 0
        },
        "2005-02": {
            "month": "2005-02",
            "price": "23.58",
            "revenue": 0
        },
        "2005-03": {
            "month": "2005-03",
            "price": "25.54",
            "revenue": 0
        },
        "2005-04": {
            "month": "2005-04",
            "price": "24.86",
            "revenue": 0
        },
        "2005-05": {
            "month": "2005-05",
            "price": "24.69",
            "revenue": 0
        },
        "2005-06": {
            "month": "2005-06",
            "price": "26.18",
            "revenue": 0
        },
        "2005-07": {
            "month": "2005-07",
            "price": "25.97",
            "revenue": 0
        },
        "2005-08": {
            "month": "2005-08",
            "price": "25.22",
            "revenue": 0
        },
        "2005-09": {
            "month": "2005-09",
            "price": "24.53",
            "revenue": 0
        },
        "2005-10": {
            "month": "2005-10",
            "price": "24.97",
            "revenue": 0
        },
        "2005-11": {
            "month": "2005-11",
            "price": "24.68",
            "revenue": 0
        },
        "2005-12": {
            "month": "2005-12",
            "price": "24.05",
            "revenue": 0
        },
        "2006-01": {
            "month": "2006-01",
            "price": "24.20",
            "revenue": 0
        },
        "2006-02": {
            "month": "2006-02",
            "price": "24.97",
            "revenue": 0
        },
        "2006-03": {
            "month": "2006-03",
            "price": "24.47",
            "revenue": 0
        },
        "2006-04": {
            "month": "2006-04",
            "price": "24.42",
            "revenue": 0
        },
        "2006-05": {
            "month": "2006-05",
            "price": "26.09",
            "revenue": 0
        },
        "2006-06": {
            "month": "2006-06",
            "price": "25.35",
            "revenue": 0
        },
        "2006-07": {
            "month": "2006-07",
            "price": "23.90",
            "revenue": 0
        },
        "2006-08": {
            "month": "2006-08",
            "price": "23.77",
            "revenue": 0
        },
        "2006-09": {
            "month": "2006-09",
            "price": "25.87",
            "revenue": 0
        },
        "2006-10": {
            "month": "2006-10",
            "price": "28.59",
            "revenue": 0
        },
        "2006-11": {
            "month": "2006-11",
            "price": "30.52",
            "revenue": 0
        },
        "2006-12": {
            "month": "2006-12",
            "price": "29.80",
            "revenue": 0
        },
        "2007-01": {
            "month": "2007-01",
            "price": "29.56",
            "revenue": 0
        },
        "2007-02": {
            "month": "2007-02",
            "price": "30.06",
            "revenue": 0
        },
        "2007-03": {
            "month": "2007-03",
            "price": "28.93",
            "revenue": 0
        },
        "2007-04": {
            "month": "2007-04",
            "price": "30.17",
            "revenue": 0
        },
        "2007-05": {
            "month": "2007-05",
            "price": "33.32",
            "revenue": 0
        },
        "2007-06": {
            "month": "2007-06",
            "price": "33.36",
            "revenue": 0
        },
        "2007-07": {
            "month": "2007-07",
            "price": "33.62",
            "revenue": 0
        },
        "2007-08": {
            "month": "2007-08",
            "price": "31.62",
            "revenue": 0
        },
        "2007-09": {
            "month": "2007-09",
            "price": "32.94",
            "revenue": 0
        },
        "2007-10": {
            "month": "2007-10",
            "price": "37.21",
            "revenue": 0
        },
        "2007-11": {
            "month": "2007-11",
            "price": "37.86",
            "revenue": 0
        },
        "2007-12": {
            "month": "2007-12",
            "price": "38.32",
            "revenue": 0
        },
        "2008-01": {
            "month": "2008-01",
            "price": "35.97",
            "revenue": 0
        },
        "2008-02": {
            "month": "2008-02",
            "price": "35.10",
            "revenue": 0
        },
        "2008-03": {
            "month": "2008-03",
            "price": "36.52",
            "revenue": 0
        },
        "2008-04": {
            "month": "2008-04",
            "price": "39.07",
            "revenue": 0
        },
        "2008-05": {
            "month": "2008-05",
            "price": "40.06",
            "revenue": 0
        },
        "2008-06": {
            "month": "2008-06",
            "price": "37.23",
            "revenue": 0
        },
        "2008-07": {
            "month": "2008-07",
            "price": "35.27",
            "revenue": 0
        },
        "2008-08": {
            "month": "2008-08",
            "price": "36.57",
            "revenue": 0
        },
        "2008-09": {
            "month": "2008-09",
            "price": "36.81",
            "revenue": 0
        },
        "2008-10": {
            "month": "2008-10",
            "price": "28.33",
            "revenue": 0
        },
        "2008-11": {
            "month": "2008-11",
            "price": "26.21",
            "revenue": 0
        },
        "2008-12": {
            "month": "2008-12",
            "price": "29.06",
            "revenue": 0
        },
        "2009-01": {
            "month": "2009-01",
            "price": "30.13",
            "revenue": 0
        },
        "2009-02": {
            "month": "2009-02",
            "price": "28.46",
            "revenue": 0
        },
        "2009-03": {
            "month": "2009-03",
            "price": "26.65",
            "revenue": 0
        },
        "2009-04": {
            "month": "2009-04",
            "price": "31.49",
            "revenue": 0
        },
        "2009-05": {
            "month": "2009-05",
            "price": "33.84",
            "revenue": 0
        },
        "2009-06": {
            "month": "2009-06",
            "price": "34.50",
            "revenue": 0
        },
        "2009-07": {
            "month": "2009-07",
            "price": "34.47",
            "revenue": 0
        },
        "2009-08": {
            "month": "2009-08",
            "price": "35.38",
            "revenue": 0
        },
        "2009-09": {
            "month": "2009-09",
            "price": "33.56",
            "revenue": 0
        },
        "2009-10": {
            "month": "2009-10",
            "price": "34.47",
            "revenue": 0
        },
        "2009-11": {
            "month": "2009-11",
            "price": "35.24",
            "revenue": 0
        },
        "2009-12": {
            "month": "2009-12",
            "price": "34.80",
            "revenue": 0
        },
        "2010-01": {
            "month": "2010-01",
            "price": "35.01",
            "revenue": 0
        },
        "2010-02": {
            "month": "2010-02",
            "price": "33.78",
            "revenue": 0
        },
        "2010-03": {
            "month": "2010-03",
            "price": "36.96",
            "revenue": 0
        },
        "2010-04": {
            "month": "2010-04",
            "price": "41.85",
            "revenue": 0
        },
        "2010-05": {
            "month": "2010-05",
            "price": "40.95",
            "revenue": 0
        },
        "2010-06": {
            "month": "2010-06",
            "price": "41.41",
            "revenue": 0
        },
        "2010-07": {
            "month": "2010-07",
            "price": "40.63",
            "revenue": 0
        },
        "2010-08": {
            "month": "2010-08",
            "price": "41.88",
            "revenue": 0
        },
        "2010-09": {
            "month": "2010-09",
            "price": "45.40",
            "revenue": 0
        },
        "2010-10": {
            "month": "2010-10",
            "price": "48.25",
            "revenue": 0
        },
        "2010-11": {
            "month": "2010-11",
            "price": "50.61",
            "revenue": 0
        },
        "2010-12": {
            "month": "2010-12",
            "price": "49.86",
            "revenue": 0
        },
        "2011-01": {
            "month": "2011-01",
            "price": "48.47",
            "revenue": 0
        },
        "2011-02": {
            "month": "2011-02",
            "price": "49.74",
            "revenue": 0
        },
        "2011-03": {
            "month": "2011-03",
            "price": "51.33",
            "revenue": 0
        },
        "2011-04": {
            "month": "2011-04",
            "price": "51.18",
            "revenue": 0
        },
        "2011-05": {
            "month": "2011-05",
            "price": "54.89",
            "revenue": 0
        },
        "2011-06": {
            "month": "2011-06",
            "price": "54.32",
            "revenue": 0
        },
        "2011-07": {
            "month": "2011-07",
            "price": "54.89",
            "revenue": 0
        },
        "2011-08": {
            "month": "2011-08",
            "price": "51.25",
            "revenue": 0
        },
        "2011-09": {
            "month": "2011-09",
            "price": "52.61",
            "revenue": 0
        },
        "2011-10": {
            "month": "2011-10",
            "price": "51.69",
            "revenue": 0
        },
        "2011-11": {
            "month": "2011-11",
            "price": "54.36",
            "revenue": 0
        },
        "2011-12": {
            "month": "2011-12",
            "price": "58.04",
            "revenue": 0
        },
        "2012-01": {
            "month": "2012-01",
            "price": "61.42",
            "revenue": 0
        },
        "2012-02": {
            "month": "2012-02",
            "price": "64.84",
            "revenue": 0
        },
        "2012-03": {
            "month": "2012-03",
            "price": "68.68",
            "revenue": 0
        },
        "2012-04": {
            "month": "2012-04",
            "price": "71.76",
            "revenue": 0
        },
        "2012-05": {
            "month": "2012-05",
            "price": "70.75",
            "revenue": 0
        },
        "2012-06": {
            "month": "2012-06",
            "price": "64.99",
            "revenue": 0
        },
        "2012-07": {
            "month": "2012-07",
            "price": "64.31",
            "revenue": 0
        },
        "2012-08": {
            "month": "2012-08",
            "price": "65.52",
            "revenue": 0
        },
        "2012-09": {
            "month": "2012-09",
            "price": "66.48",
            "revenue": 0
        },
        "2012-10": {
            "month": "2012-10",
            "price": "69.13",
            "revenue": 0
        },
        "2012-11": {
            "month": "2012-11",
            "price": "72.44",
            "revenue": 0
        },
        "2012-12": {
            "month": "2012-12",
            "price": "66.56",
            "revenue": 0
        },
        "2013-01": {
            "month": "2013-01",
            "price": "65.87",
            "revenue": 0
        },
        "2013-02": {
            "month": "2013-02",
            "price": "64.53",
            "revenue": 0
        },
        "2013-03": {
            "month": "2013-03",
            "price": "68.82",
            "revenue": 0
        },
        "2013-04": {
            "month": "2013-04",
            "price": "67.10",
            "revenue": 0
        },
        "2013-05": {
            "month": "2013-05",
            "price": "69.29",
            "revenue": 0
        },
        "2013-06": {
            "month": "2013-06",
            "price": "70.37",
            "revenue": 0
        },
        "2013-07": {
            "month": "2013-07",
            "price": "71.87",
            "revenue": 0
        },
        "2013-08": {
            "month": "2013-08",
            "price": "72.80",
            "revenue": 0
        },
        "2013-09": {
            "month": "2013-09",
            "price": "71.72",
            "revenue": 0
        },
        "2013-10": {
            "month": "2013-10",
            "price": "67.88",
            "revenue": 0
        },
        "2013-11": {
            "month": "2013-11",
            "price": "73.34",
            "revenue": 0
        },
        "2013-12": {
            "month": "2013-12",
            "price": "73.92",
            "revenue": 0
        },
        "2014-01": {
            "month": "2014-01",
            "price": "71.95",
            "revenue": 0
        },
        "2014-02": {
            "month": "2014-02",
            "price": "72.51",
            "revenue": 0
        },
        "2014-03": {
            "month": "2014-03",
            "price": "75.26",
            "revenue": 0
        },
        "2014-04": {
            "month": "2014-04",
            "price": "76.36",
            "revenue": 0
        },
        "2014-05": {
            "month": "2014-05",
            "price": "75.79",
            "revenue": 0
        },
        "2014-06": {
            "month": "2014-06",
            "price": "79.93",
            "revenue": 0
        },
        "2014-07": {
            "month": "2014-07",
            "price": "78.37",
            "revenue": 0
        },
        "2014-08": {
            "month": "2014-08",
            "price": "71.34",
            "revenue": 0
        },
        "2014-09": {
            "month": "2014-09",
            "price": "72.14",
            "revenue": 0
        },
        "2014-10": {
            "month": "2014-10",
            "price": "69.65",
            "revenue": 0
        },
        "2014-11": {
            "month": "2014-11",
            "price": "74.41",
            "revenue": 0
        },
        "2014-12": {
            "month": "2014-12",
            "price": "73.66",
            "revenue": 0
        },
        "2015-01": {
            "month": "2015-01",
            "price": "72.60",
            "revenue": 0
        },
        "2015-02": {
            "month": "2015-02",
            "price": "75.86",
            "revenue": 0
        },
        "2015-03": {
            "month": "2015-03",
            "price": "79.03",
            "revenue": 0
        },
        "2015-04": {
            "month": "2015-04",
            "price": "81.71",
            "revenue": 0
        },
        "2015-05": {
            "month": "2015-05",
            "price": "91.47",
            "revenue": 0
        },
        "2015-06": {
            "month": "2015-06",
            "price": "91.22",
            "revenue": 0
        },
        "2015-07": {
            "month": "2015-07",
            "price": "88.86",
            "revenue": 0
        },
        "2015-08": {
            "month": "2015-08",
            "price": "83.50",
            "revenue": 0
        },
        "2015-09": {
            "month": "2015-09",
            "price": "79.99",
            "revenue": 0
        },
        "2015-10": {
            "month": "2015-10",
            "price": "73.26",
            "revenue": 0
        },
        "2015-11": {
            "month": "2015-11",
            "price": "70.91",
            "revenue": 0
        },
        "2015-12": {
            "month": "2015-12",
            "price": "73.65",
            "revenue": 0
        },
        "2016-01": {
            "month": "2016-01",
            "price": "69.52",
            "revenue": 0
        },
        "2016-02": {
            "month": "2016-02",
            "price": "70.26",
            "revenue": 0
        },
        "2016-03": {
            "month": "2016-03",
            "price": "78.45",
            "revenue": 0
        },
        "2016-04": {
            "month": "2016-04",
            "price": "81.74",
            "revenue": 0
        },
        "2016-05": {
            "month": "2016-05",
            "price": "81.16",
            "revenue": 0
        },
        "2016-06": {
            "month": "2016-06",
            "price": "82.98",
            "revenue": 0
        },
        "2016-07": {
            "month": "2016-07",
            "price": "87.25",
            "revenue": 0
        },
        "2016-08": {
            "month": "2016-08",
            "price": "89.61",
            "revenue": 0
        },
        "2016-09": {
            "month": "2016-09",
            "price": "89.33",
            "revenue": 0
        },
        "2016-10": {
            "month": "2016-10",
            "price": "87.53",
            "revenue": 0
        },
        "2016-11": {
            "month": "2016-11",
            "price": "61.64",
            "revenue": 0
        },
        "2016-12": {
            "month": "2016-12",
            "price": "63.87",
            "revenue": 0
        },
        "2017-01": {
            "month": "2017-01",
            "price": "64.65",
            "revenue": 0
        },
        "2017-02": {
            "month": "2017-02",
            "price": "66.84",
            "revenue": 0
        },
        "2017-03": {
            "month": "2017-03",
            "price": "64.10",
            "revenue": 0
        },
        "2017-04": {
            "month": "2017-04",
            "price": "64.62",
            "revenue": 0
        },
        "2017-05": {
            "month": "2017-05",
            "price": "69.70",
            "revenue": 0
        },
        "2017-06": {
            "month": "2017-06",
            "price": "73.74",
            "revenue": 0
        },
        "2017-07": {
            "month": "2017-07",
            "price": "74.11",
            "revenue": 0
        },
        "2017-08": {
            "month": "2017-08",
            "price": "75.80",
            "revenue": 0
        },
        "2017-09": {
            "month": "2017-09",
            "price": "75.72",
            "revenue": 0
        },
        "2017-10": {
            "month": "2017-10",
            "price": "75.46",
            "revenue": 0
        },
        "2017-11": {
            "month": "2017-11",
            "price": "79.58",
            "revenue": 0
        },
        "2017-12": {
            "month": "2017-12",
            "price": "82.61",
            "revenue": 0
        },
        "2018-01": {
            "month": "2018-01",
            "price": "83.77",
            "revenue": 0
        },
        "2018-02": {
            "month": "2018-02",
            "price": "79.46",
            "revenue": 0
        },
        "2018-03": {
            "month": "2018-03",
            "price": "82.45",
            "revenue": 0
        },
        "2018-04": {
            "month": "2018-04",
            "price": "85.72",
            "revenue": 0
        },
        "2018-05": {
            "month": "2018-05",
            "price": "83.09",
            "revenue": 0
        },
        "2018-06": {
            "month": "2018-06",
            "price": "81.49",
            "revenue": 0
        },
        "2018-07": {
            "month": "2018-07",
            "price": "78.80",
            "revenue": 0
        },
        "2018-08": {
            "month": "2018-08",
            "price": "83.36",
            "revenue": 0
        },
        "2018-09": {
            "month": "2018-09",
            "price": "88.69",
            "revenue": 0
        },
        "2018-10": {
            "month": "2018-10",
            "price": "88.94",
            "revenue": 0
        },
        "2018-11": {
            "month": "2018-11",
            "price": "89.01",
            "revenue": 0
        },
        "2018-12": {
            "month": "2018-12",
            "price": "90.37",
            "revenue": 0
        },
        "2019-01": {
            "month": "2019-01",
            "price": "91.66",
            "revenue": 0
        },
        "2019-02": {
            "month": "2019-02",
            "price": "94.18",
            "revenue": 0
        },
        "2019-03": {
            "month": "2019-03",
            "price": "98.21",
            "revenue": 0
        },
        "2019-04": {
            "month": "2019-04",
            "price": "101.73",
            "revenue": 0
        },
        "2019-05": {
            "month": "2019-05",
            "price": "101.19",
            "revenue": 0
        },
        "2019-06": {
            "month": "2019-06",
            "price": "109.02",
            "revenue": 0
        },
        "2019-07": {
            "month": "2019-07",
            "price": "111.92",
            "revenue": 0
        },
        "2019-08": {
            "month": "2019-08",
            "price": "116.70",
            "revenue": 0
        },
        "2019-09": {
            "month": "2019-09",
            "price": "114.22",
            "revenue": 0
        },
        "2019-10": {
            "month": "2019-10",
            "price": "111.07",
            "revenue": 0
        },
        "2019-11": {
            "month": "2019-11",
            "price": "98.78",
            "revenue": 0
        },
        "2019-12": {
            "month": "2019-12",
            "price": "99.95",
            "revenue": 0
        },
        "2020-01": {
            "month": "2020-01",
            "price": "103.60",
            "revenue": 0
        },
        "2020-02": {
            "month": "2020-02",
            "price": "102.24",
            "revenue": 0
        },
        "2020-03": {
            "month": "2020-03",
            "price": "75.74",
            "revenue": 0
        },
        "2020-04": {
            "month": "2020-04",
            "price": "79.30",
            "revenue": 0
        },
        "2020-05": {
            "month": "2020-05",
            "price": "85.95",
            "revenue": 0
        },
        "2020-06": {
            "month": "2020-06",
            "price": "90.74",
            "revenue": 0
        },
        "2020-07": {
            "month": "2020-07",
            "price": "90.00",
            "revenue": 0
        },
        "2020-08": {
            "month": "2020-08",
            "price": "93.77",
            "revenue": 0
        },
        "2020-09": {
            "month": "2020-09",
            "price": "92.89",
            "revenue": 0
        },
        "2020-10": {
            "month": "2020-10",
            "price": "96.34",
            "revenue": 0
        },
        "2020-11": {
            "month": "2020-11",
            "price": "102.79",
            "revenue": 0
        },
        "2020-12": {
            "month": "2020-12",
            "price": "107.17",
            "revenue": 0
        },
        "2021-01": {
            "month": "2021-01",
            "price": "106.16",
            "revenue": 0
        },
        "2021-02": {
            "month": "2021-02",
            "price": "104.61",
            "revenue": 0
        },
        "2021-03": {
            "month": "2021-03",
            "price": "106.61",
            "revenue": 0
        },
        "2021-04": {
            "month": "2021-04",
            "price": "116.32",
            "revenue": 0
        },
        "2021-05": {
            "month": "2021-05",
            "price": "119.83",
            "revenue": 0
        },
        "2021-06": {
            "month": "2021-06",
            "price": "117.65",
            "revenue": 0
        },
        "2021-07": {
            "month": "2021-07",
            "price": "119.55",
            "revenue": 0
        },
        "2021-08": {
            "month": "2021-08",
            "price": "133.46",
            "revenue": 0
        },
        "2021-09": {
            "month": "2021-09",
            "price": "127.31",
            "revenue": 0
        },
        "2021-10": {
            "month": "2021-10",
            "price": "124.80",
            "revenue": 0
        },
        "2021-11": {
            "month": "2021-11",
            "price": "125.83",
            "revenue": 0
        },
        "2021-12": {
            "month": "2021-12",
            "price": "132.83",
            "revenue": 0
        },
        "2022-01": {
            "month": "2022-01",
            "price": "128.26",
            "revenue": 0
        },
        "2022-02": {
            "month": "2022-02",
            "price": "123.88",
            "revenue": 0
        },
        "2022-03": {
            "month": "2022-03",
            "price": "118.30",
            "revenue": 0
        },
        "2022-04": {
            "month": "2022-04",
            "price": "120.36",
            "revenue": 0
        },
        "2022-05": {
            "month": "2022-05",
            "price": "113.90",
            "revenue": 0
        },
        "2022-06": {
            "month": "2022-06",
            "price": "114.71",
            "revenue": 0
        },
        "2022-07": {
            "month": "2022-07",
            "price": "118.49",
            "revenue": 0
        },
        "2022-08": {
            "month": "2022-08",
            "price": "117.04",
            "revenue": 0
        },
        "2022-09": {
            "month": "2022-09",
            "price": "112.76",
            "revenue": 0
        },
        "2022-10": {
            "month": "2022-10",
            "price": "110.56",
            "revenue": 0
        },
        "2022-11": {
            "month": "2022-11",
            "price": "123.38",
            "revenue": 0
        },
        "2022-12": {
            "month": "2022-12",
            "price": "129.42",
            "revenue": 0
        },
        "2023-01": {
            "month": "2023-01",
            "price": "128.72",
            "revenue": 0
        },
        "2023-02": {
            "month": "2023-02",
            "price": "129.71",
            "revenue": 0
        },
        "2023-03": {
            "month": "2023-03",
            "price": "127.78",
            "revenue": 0
        },
        "2023-04": {
            "month": "2023-04",
            "price": "135.57",
            "revenue": 0
        },
        "2023-05": {
            "month": "2023-05",
            "price": "135.83",
            "revenue": 0
        },
        "2023-06": {
            "month": "2023-06",
            "price": "135.32",
            "revenue": 0
        },
        "2023-07": {
            "month": "2023-07",
            "price": "135.94",
            "revenue": 0
        },
        "2023-08": {
            "month": "2023-08",
            "price": "131.96",
            "revenue": 0
        },
        "2023-09": {
            "month": "2023-09",
            "price": "126.68",
            "revenue": 0
        },
        "2023-10": {
            "month": "2023-10",
            "price": "120.04",
            "revenue": 0
        },
        "2023-11": {
            "month": "2023-11",
            "price": "126.38",
            "revenue": 0
        },
        "2023-12": {
            "month": "2023-12",
            "price": "128.41",
            "revenue": 0
        }
    }
}
